<!DOCTYPE html><html lang="en">
<!-- Mirrored from www.spesati.com/wine-beer-and-spirits/beer by HTTrack Website Copier/3.x [XR&CO'2014], Fri, 23 Feb 2024 18:02:57 GMT -->
<!-- Added by HTTrack --><meta http-equiv="content-type" content="text/html;charset=utf-8" /><!-- /Added by HTTrack -->
<head>
    <title>Beer - Wine beer and spirits - Spesati.com</title>
    <meta http-equiv="Content-Type" content="text/html; charset=UTF-8" />
    <meta name="description" content="" />
    <meta name="keywords" content="" />
    <link href="../images/favicon.ico" rel="shortcut icon" type="image/x-icon" />
    <meta name="author" content="www.dodify.com" /><link rel="canonical" href="beer.html" /><link rel="alternate" hreflang="en" href="beer.html" /><link rel="alternate" hreflang="it" href="https://www.spesati.it/vino-birra-e-alcolici/birra" /><link href="../../cdnjs.cloudflare.com/ajax/libs/meyer-reset/2.0/reset.min.css" rel="stylesheet" type="text/css" /><link href="../../cdnjs.cloudflare.com/ajax/libs/font-awesome/6.5.1/css/all.min.css" rel="stylesheet" type="text/css" /><link href="https://fonts.googleapis.com/css?family=Montserrat:400,700" rel="stylesheet" type="text/css" /><link href="../../cdnjs.cloudflare.com/ajax/libs/fancybox/2.1.5/jquery.fancybox.min.css" rel="stylesheet" type="text/css" /><link href="../style/mainbea6.css?v=7" rel="stylesheet" type="text/css" /><link href="../style/lightslider.css" rel="stylesheet" type="text/css" /><link href="../style/categories.css" rel="stylesheet" type="text/css" /><script src="../../cdnjs.cloudflare.com/ajax/libs/jquery/3.6.1/jquery.min.js" type="text/javascript"></script><script src="../../ajax.googleapis.com/ajax/libs/jquery/1.11.0/jquery.min.js" type="text/javascript"></script><script src="http://unpkg.com/@floating-ui/core@0.4.0" type="text/javascript"></script><script src="http://unpkg.com/@floating-ui/dom@0.2.0" type="text/javascript"></script><script src="../../cdnjs.cloudflare.com/ajax/libs/fancybox/2.1.5/jquery.fancybox.min.js" type="text/javascript"></script><script src="../js/menu.js" type="text/javascript"></script><script src="../js/interfaceb6f5.js?v=10" type="text/javascript"></script><script src="../js/spesati.lightslider.min.js" type="text/javascript"></script><meta name="viewport" content="width=device-width, initial-scale=1, maximum-scale=1" /><meta name = "format-detection" content = "telephone=no">
<!-- Facebook Pixel Code -->
<script>
  !function(f,b,e,v,n,t,s)
  {if(f.fbq)return;n=f.fbq=function(){n.callMethod?
  n.callMethod.apply(n,arguments):n.queue.push(arguments)};
  if(!f._fbq)f._fbq=n;n.push=n;n.loaded=!0;n.version='2.0';
  n.queue=[];t=b.createElement(e);t.async=!0;
  t.src=v;s=b.getElementsByTagName(e)[0];
  s.parentNode.insertBefore(t,s)}(window, document,'script',
  '../../connect.facebook.net/en_US/fbevents.js');
  fbq('init', '792335014180667');
  fbq('track', 'PageView');
</script>
<noscript>
    <img height="1" width="1" style="display:none" src="https://www.facebook.com/tr?id=792335014180667&amp;ev=PageView&amp;noscript=1" />
</noscript>
<!-- End Facebook Pixel Code -->

<!-- GA4 -->
<script async src="https://www.googletagmanager.com/gtag/js?id=G-SSS6NRNXL0"></script>
<script>
  window.dataLayer = window.dataLayer || [];
  function gtag(){dataLayer.push(arguments);}
  gtag('js', new Date());
  gtag('config', 'AW-976671669');
  gtag('config', 'G-SSS6NRNXL0');
</script>
<!-- Elements for PWA deploy -->
<link rel="manifest" href="../manifest.json">
<meta name="theme-color" media="(prefers-color-scheme: light)" content="white">
<meta name="theme-color" media="(prefers-color-scheme: dark)"  content="black">
<link href=../images/icon-192.png rel=apple-touch-icon sizes="192x192">
<!-- Establishment logic -->
<script>var pageEstablishment = "Olbia"; var estDefaultPages = true</script>
    <!--[if lt IE 9]>
        <script src="https://cdnjs.cloudflare.com/ajax/libs/html5shiv/3.7.3/html5shiv.min.js" type="text/javascript"></script>
    <![endif]--><script type="text/javascript">
$(document).ready(function() {
    // Check if exists cookie
    if(document.cookie.indexOf("cookieAccepted") < 0) {
        var cookieText = '<div id=\"cookie\"><p>This site uses cookies. Cookies are used for ads personalisation. <a href=\"/privacy-policy\">More info</a></p><button id=\"cookieConsent\" type=\"button\">Accept</button></div>';
        $("body").append($(
            cookieText
        ));
        $('#cookie').css({
            'width'           : '100%',
            'text-align'      : 'center',
            'color'           : '#FFFFFF',
            'background-color': '#000000', 
            'opacity'         : '.8', 
            'position'        : 'fixed', 
            'bottom'          : '0',
            'padding'         : '.5em 0',
            'z-index'         : '999'
        });
        $('#cookie > *').css({
            'display': 'inline'
        });
        $('#cookie a').css({
            'color'          : '#FFFFFF',
            'text-decoration': 'underline',
            'margin-right'   : '2%'
        });
        $('#cookieConsent').click(function() {
            // Set cookie
            var expiry = new Date();
            expiry.setTime(expiry.getTime() + (365 * 24 * 60 * 60 * 1000));
            document.cookie = "cookieAccepted=yes; expires=" + expiry.toGMTString() + "; path=/; domain=.spesati.com";
            $('#cookie').css({'display': 'none'});
        });
    }
});
</script></head><body><script type="text/javascript">
    var addText = "Add";
    var slider  = null;
    $(document).ready(function() {
        slider = $('#cartSlider').lightSlider({
            controls: false,
            item:13,
            loop:false,
            slideMove:1,
            easing: 'cubic-bezier(0.25, 0, 0.25, 1)',
            speed:600,
            responsive : [
                {
                    breakpoint:1400,
                    settings: {
                        item:12,
                        slideMove:1,
                    }
                },
                {
                    breakpoint:1200,
                    settings: {
                        item:11,
                        slideMove:1,
                    }
                },
                {
                    breakpoint:1080,
                    settings: {
                        item:14,
                        slideMove:1,
                    }
                },
                {
                    breakpoint:800,
                    settings: {
                        item:12,
                        slideMove:1,
                    }
                }
            ]
        });
        $('.lSPager').css("display","none");
        $('.lSAction').css("display","block");
        $('#goToPrevSlide').on('click', function () {
            slider.goToPrevSlide();
        });
        $('#goToNextSlide').on('click', function () {
            slider.goToNextSlide();
        });
    });

</script>
<div id="header" class="bgYellow">
    <header>
        <a class="menu" href="#"><i class="fa red fa-bars fa-2x"></i></a>
        <a id="logo" class="colLeft estDynamic" href="../index.html">
            <img src="../../cdn.spesati.com/images/layout/logo-eng.png" alt="Spesati.com" />
            <h2 class="red">Grocery Delivery</h2>
        </a>
        <div class="colRight">
            <div id="controls" class="right">
                <p id="establishmentControls">
                    <span class="establishmentWarning"><i class="fa-solid fa-triangle-exclamation red" title="Stai visualizzando i prodotti disponibili in una zona diversa. Se vuoi cambiare zona, cliccan qui"></i>&nbsp;&nbsp;</span>
                    Shopping from <b><a id="establishment" href="#"></a></b> <span id="estAddress">for </span> <a href="../change-establishment.html">(<i class="fa-solid fa-pencil"></i> Change)</a> <span class="establishmentWarning">but viewing <b>Olbia</b></span>
                </p>
                <p><a href="https://www.spesati.it/vino-birra-e-alcolici/birra" class="black switch-site">Versione italiana</a></p>                
            </div>
            <div>
                <form id="search" action="https://www.spesati.com/search" method="post" class="left">
                    <fieldset>
                        <div>
                            <input type="text" name="searchBox" id="searchBox" placeholder="Search for a product"></input>
                            <input id="searchButton" type="submit" name="searchButton" class="button bgRed white left" value="Find" />
                        </div>
                    </fieldset>
                </form>
                <div class="center left">
                    <a class="button bgRed white log-in" href="../login.html">Login</a>
                    <a class="button bgRed white sign-up" href="../sign-up.html">Sign up</a>
                    <a class="button bgRed white profile" href="../profile.html">Profile</a>
                    <a class="button bgRed white log-out" href="../index.html" data-endpoint-check-cart="https://api.spesati.com/cart/check">Logout</a>
                </div>
                <div class="right user-function-icons">
                    <a class="red left account"><i class="fa fa-user fa-3x"></i></a>
                    <div id="dropdown">
                        <a class="log-in button bgRed white" href="../login.html">Login</a>
                        <a class="sign-up button bgRed white" href="../sign-up.html">Sign up</a>
                        <a class="profile button bgRed white" href="../profile.html">Profile</a>
                        <a class="log-out button bgRed white" href="../index.html">Logout</a>
                    </div>

                    <div class="cart left">
                        <i class="fa fa-sm fa-shopping-cart red" aria-hidden="true" id="shipping-cart-button"></i>
                        <p id="cartQuantity"></p>
                    </div>

                    <a class="right" href="../cart.html"><p class="black" id="cartTotal"></p></a>
                </div>
            </div>
                            <div id="previewCart">
                    <i id="goToPrevSlide" class="yellow fa fa-angle-left fa-2x" aria-hidden="true"></i>
                    <div><ul id="cartSlider"></ul></div>
                    <i id="goToNextSlide" class="yellow fa fa-angle-right fa-2x" aria-hidden="true"></i>
                </div>
                    </div>
    </header>

    <div id="shipping-cart-options" data-inited="false">
        <a href="../cart.html" class="goto-cart">checkout</a>
        <a href="#" data-endpoint-auth="https://api.spesati.com/cart/save" data-endpoint-noauth="/login" class="save-cart">save</a>
        <a href="#" data-endpoint-auth="https://api.spesati.com/cart/load" class="load-cart">load</a>
    </div>
</div>
<div id="menuCategoriesMobile" class="mobile bgRed">
    <div class="closeMenu">
        <i class="fa fa-times fa-2x white"></i>
        Close
    </div>
    <ul class="bgRed white">
        <div id="langMobile" class="right">
        <a href="https://www.spesati.it/vino-birra-e-alcolici/birra" class="white switch-site"><p>Versione italiana</p></a>    </div>
        <li><a>Categories</a>
            <ul class="bgWhite">
                <li>
                    <img src="../../cdn.spesati.com/images/menu/on-sale.png"/>
                    On sale                    <i class="fa fa-angle-down" aria-hidden="true"></i>
                    <ul class="sub-menu">
                    <li>
    <a href="../tacchino-fesa-a-fette.html">Tacchino Fesa A Fette</a>
</li><li>
    <a href="../amaro-montenegro-15lt.html">Amaro Montenegro 1,5lt</a>
</li><li>
    <a href="../carbone-di-legna-sacco-10kg.html">Carbone Di Legna Sacco 10Kg</a>
</li><li>
    <a href="../filu-e-ferru-silvio-carta-70cl.html">Filu E Ferru Silvio Carta 70Cl</a>
</li><li>
    <a href="../braciole-suino-con-cotenna.html">Braciole Suino Con Cotenna</a>
</li><li>
    <a href="../bovino-adulto-polpa.html">Bovino Adulto Polpa</a>
</li><li>
    <a href="../vino-la-palma-cannonau-le-bombarde.html">Vino La Palma Cannonau Le Bombarde</a>
</li><li>
    <a href="../fettine-sceltissime-bovino-adulto.html">Fettine Sceltissime Bovino Adulto</a>
</li><li>
    <a href="../suino-fettine-scelte.html">Suino Fettine Scelte</a>
</li><li>
    <a href="../lavazza-caffe-qualita-rossa-2x250gr.html">Lavazza Caffé Qualità Rossa 2x250gr</a>
</li>                        <li>
                            <a class="estDynamic" href="../on-offer.html">All products on sale</a>
                        </li>
                    </ul>
                </li>
                <li>
                    <img src="../../cdn.spesati.com/images/menu/gift.png"/>
                    Gifts                    <i class="fa fa-angle-down" aria-hidden="true"></i>
                    <ul class="sub-menu">
                        <li>
    <a href="../gift-card-da-150.html">Gift Card Da 150</a>
</li><li>
    <a href="../gift-card-da-100.html">Gift Card Da 100</a>
</li><li>
    <a href="../gift-card-da-50.html">Gift Card Da 50</a>
</li><li>
    <a href="../gift-card-da-25.html">Gift Card Da 25</a>
</li>                        <li>
                            <a class="estDynamic" href="../gift.html">All products in the gifts category</a>
                        </li>
                    </ul>
                </li>
                <li>
                    <img src="../../cdn.spesati.com/images/menu/gift-card.png"/>
                    Gift card and discounts                    <i class="fa fa-angle-down" aria-hidden="true"></i>
                    <ul class="sub-menu">
                        <li>
    <a href="../gift-card-da-150.html">Gift Card Da 150</a>
</li><li>
    <a href="../gift-card-da-100.html">Gift Card Da 100</a>
</li><li>
    <a href="../gift-card-da-50.html">Gift Card Da 50</a>
</li><li>
    <a href="../gift-card-da-25.html">Gift Card Da 25</a>
</li>                    </ul>
                </li>
                <li>
                    <img src="../../cdn.spesati.com/images/menu/fuit-and-vegetables.png"/>
                    Fruit and vegetables                    <i class="fa fa-angle-down" aria-hidden="true"></i>
                    <ul class="sub-menu">
                        <li>
                            <a class="estDynamic" href="../fruit-and-vegetables/pulses-and-beans.html">Cereals and pulses and beans</a>
                        </li>
                        <li>
                            <a class="estDynamic" href="../fruit-and-vegetables/fruit.html">Fruit</a>
                        </li>
                        <li>
                            <a class="estDynamic" href="../fruit-and-vegetables/canned-fruit.html">Canned fruit</a>
                        </li>
                        <li>
                            <a class="estDynamic" href="../fruit-and-vegetables/dried-fruit.html">Dried fruit</a>
                        </li>
                        <li>
                            <a class="estDynamic" href="../fruit-and-vegetables/ready-salads.html">Ready salads</a>
                        </li>
                        <li>
                            <a class="estDynamic" href="../fruit-and-vegetables/fresh-spices.html">Fresh spices</a>
                        </li>
                        <li>
                            <a class="estDynamic" href="../fruit-and-vegetables/vegetables.html">Vegetables and soy</a>
                        </li>
                    </ul>
                </li>
                <li>
                    <img src="../../cdn.spesati.com/images/menu/fresh-products.png"/>
                    Fresh products                    <i class="fa fa-angle-down" aria-hidden="true"></i>
                    <ul class="sub-menu">
                        <li>
                            <a class="estDynamic" href="../fresh-products/margarine-and-butter.html">Butter and margarine</a>
                        </li>
                        <li>
                            <a class="estDynamic" href="../fresh-products/danone.html">Danone</a>
                        </li>
                        <li>
                            <a class="estDynamic" href="../fresh-products/dessert.html">Dessert</a>
                        </li>
                        <li>
                            <a class="estDynamic" href="../fresh-products/sweets.html">Sweets</a>
                        </li>
                        <li>
                            <a class="estDynamic" href="../fresh-products/dairy-products.html">Dairy product</a>
                        </li>
                        <li>
                            <a class="estDynamic" href="../fresh-products/bakery.html">Yeast</a>
                        </li>
                        <li>
                            <a class="estDynamic" href="../fresh-products/mascarpone.html">Mascarpone</a>
                        </li>
                        <li>
                            <a class="estDynamic" href="../fresh-products/snacks.html">Snacks</a>
                        </li>
                        <li>
                            <a class="estDynamic" href="../fresh-products/mozzarella.html">Mozzarella</a>
                        </li>
                        <li>
                            <a class="estDynamic" href="../fresh-products/pasta.html">Pasta</a>
                        </li>
                        <li>
                            <a class="estDynamic" href="../fresh-products/pesto-and-sauces.html">Pesto and sauces</a>
                        </li>
                        <li>
                            <a class="estDynamic" href="../fresh-products/ricotta-and-cheese.html">Ricotta and cheese</a>
                        </li>
                        <li>
                            <a class="estDynamic" href="../fresh-products/cured-meat.html">Cured meat</a>
                        </li>
                        <li>
                            <a class="estDynamic" href="../fresh-products/wurstel.html">Würstel</a>
                        </li>
                        <li>
                            <a class="estDynamic" href="../fresh-products/yogurt.html">Yogurt</a>
                        </li>
                    </ul>
                </li>
                <li>
                    <img src="../../cdn.spesati.com/images/menu/frozen-foods.png"/>
                    Frozen foods                    <i class="fa fa-angle-down" aria-hidden="true"></i>
                    <ul class="sub-menu">
                        <li>
                            <a class="estDynamic" href="../frozen-foods/meat.html">Meat</a>
                        </li>
                        <li>
                            <a class="estDynamic" href="../frozen-foods/ice-creams.html">Ice cream and sweet</a>
                        </li>
                        <li>
                            <a class="estDynamic" href="../frozen-foods/pasta.html">Pasta</a>
                        </li>
                        <li>
                            <a class="estDynamic" href="../frozen-foods/fish.html">Fish</a>
                        </li>
                        <li>
                            <a class="estDynamic" href="../frozen-foods/ready-meals.html">Ready meals</a>
                        </li>
                        <li>
                            <a class="estDynamic" href="../frozen-foods/pizzas.html">Pizzas</a>
                        </li>
                        <li>
                            <a class="estDynamic" href="../frozen-foods/vegetables.html">Vegetables and soy</a>
                        </li>
                    </ul>
                </li>
                <li>
                    <img src="../../cdn.spesati.com/images/menu/bread-and-pasta.png"/>
                    Bread and pasta                    <i class="fa fa-angle-down" aria-hidden="true"></i>
                    <ul class="sub-menu">
                        <li>
                            <a class="estDynamic" href="../bread-and-pasta/crackers.html">Crackers</a>
                        </li>
                        <li>
                            <a class="estDynamic" href="../bread-and-pasta/rusks.html">Rusks</a>
                        </li>
                        <li>
                            <a class="estDynamic" href="../bread-and-pasta/white-bread.html">White bread</a>
                        </li>
                        <li>
                            <a class="estDynamic" href="../bread-and-pasta/local-bread.html">Local bread</a>
                        </li>
                        <li>
                            <a class="estDynamic" href="../bread-and-pasta/soft-bread.html">Soft bread</a>
                        </li>
                        <li>
                            <a class="estDynamic" href="../bread-and-pasta/sardinian-bread.html">Sardinian bread</a>
                        </li>
                        <li>
                            <a class="estDynamic" href="../bread-and-pasta/bakery.html">Bakery</a>
                        </li>
                        <li>
                            <a class="estDynamic" href="../bread-and-pasta/pasta.html">Pasta</a>
                        </li>
                        <li>
                            <a class="estDynamic" href="../bread-and-pasta/fresh-pasta.html">Fresh pasta</a>
                        </li>
                    </ul>
                </li>
                <li>
                    <img src="../../cdn.spesati.com/images/menu/meat.png"/>
                    Meat                    <i class="fa fa-angle-down" aria-hidden="true"></i>
                    <ul class="sub-menu">
                        <li>
                            <a class="estDynamic" href="../meat/beef.html">Beef</a>
                        </li>
                        <li>
                            <a class="estDynamic" href="../meat/goat.html">Goat</a>
                        </li>
                        <li>
                            <a class="estDynamic" href="../meat/packaged-meat.html">Packaged meat</a>
                        </li>
                        <li>
                            <a class="estDynamic" href="../meat/rabbit.html">Rabbit</a>
                        </li>
                        <li>
                            <a class="estDynamic" href="../meat/horse.html">Horse</a>
                        </li>
                        <li>
                            <a class="estDynamic" href="../meat/pork.html">Pork</a>
                        </li>
                        <li>
                            <a class="estDynamic" href="../meat/lamb.html">Lamb</a>
                        </li>
                        <li>
                            <a class="estDynamic" href="../meat/poultry.html">Poultry</a>
                        </li>
                    </ul>
                </li>
                <li>
                    <img src="../../cdn.spesati.com/images/menu/fish.png"/>
                    Fish                    <i class="fa fa-angle-down" aria-hidden="true"></i>
                    <ul class="sub-menu">
                        <li>
                            <a class="estDynamic" href="../fish/fresh-water.html">Fresh water</a>
                        </li>
                        <li>
                            <a class="estDynamic" href="../fish/salt-water.html">Salt water</a>
                        </li>
                        <li>
                            <a class="estDynamic" href="../fish/mussels.html">Mussels</a>
                        </li>
                        <li>
                            <a class="estDynamic" href="../fish/dried-and-salted.html">Dried and salted</a>
                        </li>
                        <li>
                            <a class="estDynamic" href="../fish/seafood-salad.html">Seafood salad</a>
                        </li>
                        <li>
                            <a class="estDynamic" href="../fish/prepared.html">Prepared</a>
                        </li>
                        <li>
                            <a class="estDynamic" href="../fish/specialty.html">Specialty</a>
                        </li>   
                        <li>
                            <a class="estDynamic" href="../fish/tuna-and-salmon.html">Tuna and salmon</a>
                        </li>
                    </ul>
                </li>
                <li>
                    <img src="../../cdn.spesati.com/images/menu/alcohol.png"/>
                    Wine beer and spirits                    <i class="fa fa-angle-down" aria-hidden="true"></i>
                    <ul class="sub-menu">
                        <li>
                            <a class="estDynamic" href="spirits-and-liquors.html">Alcohol</a>
                        </li>
                        <li>
                            <a class="estDynamic" href="bitters.html">Bitters</a>
                        </li>
                        <li>
                            <a class="estDynamic" href="aperatif.html">Aperatifs</a>
                        </li>
                        <li>
                            <a class="estDynamic" href="beer.html">Beer</a>
                        </li>
                        <li>
                            <a class="estDynamic" href="creams.html">Creams</a>
                        </li>
                        <li>
                            <a class="estDynamic" href="spirits.html">Spirits</a>
                        </li>
                        <li>
                            <a class="estDynamic" href="liquors.html">Liquors</a>
                        </li>
                        <li>
                            <a class="estDynamic" href="white-wine.html">White wine</a>
                        </li>
                        <li>
                            <a class="estDynamic" href="prosecco-wine.html">Prosecco wine</a>
                        </li>
                        <li>
                            <a class="estDynamic" href="rose-wine.html">Rose wine</a>
                        </li>
                        <li>
                            <a class="estDynamic" href="red-wine.html">Red wine</a>
                        </li>
                        <li>
                            <a class="estDynamic" href="specialty-wine.html">Special wine</a>
                        </li>
                        <li>
                            <a class="estDynamic" href="sparkling-wine.html">Sparkling wine</a>
                        </li>
                        <li>
                            <a class="estDynamic" href="vermentino-wine.html">Vermentino wine</a>
                        </li>
                    </ul>
                </li>
                <li>
                    <img src="../../cdn.spesati.com/images/menu/water-and-drinks.png"/>
                    Water and drinks                    <i class="fa fa-angle-down" aria-hidden="true"></i>
                    <ul class="sub-menu">
                        <li>
                            <a class="estDynamic" href="../water-and-drinks/san-martino.html">San Martino</a>
                        </li>
                        <li>
                            <a class="estDynamic" href="../water-and-drinks/water.html">Water</a>
                        </li>
                        <li>
                            <a class="estDynamic" href="../water-and-drinks/alpro.html">Alpro</a>
                        </li>
                        <li>
                            <a class="estDynamic" href="../water-and-drinks/fizzy-drinks.html">Fizzy drinks</a>
                        </li>
                        <li>
                            <a class="estDynamic" href="../water-and-drinks/coca-cola.html">Coca-Cola</a>
                        </li>
                        <li>
                            <a class="estDynamic" href="../water-and-drinks/energy-drink.html">Energy drink</a>
                        </li>
                        <li>
                            <a class="estDynamic" href="../water-and-drinks/syrups.html">Syrups</a>
                        </li>
                        <li>
                            <a class="estDynamic" href="../water-and-drinks/supplements.html">Supplements</a>
                        </li>
                        <li>
                            <a class="estDynamic" href="../water-and-drinks/instant-drinks.html">Instant drinks</a>
                        </li>
                        <li>
                            <a class="estDynamic" href="../water-and-drinks/juice.html">Juice</a>
                        </li>
                        <li>
                            <a class="estDynamic" href="../water-and-drinks/tea.html">Tea</a>
                        </li>
                    </ul>
                </li>
                <li>
                    <img src="../../cdn.spesati.com/images/menu/sweets.png"/>
                    Sweets                    <i class="fa fa-angle-down" aria-hidden="true"></i>
                    <ul class="sub-menu">
                        <li>
                            <a class="estDynamic" href="../sweets/bars-and-snacks.html">Bars and snacks</a>
                        </li>
                        <li>
                            <a class="estDynamic" href="../sweets/biscuits.html">Biscuits</a>
                        </li>
                        <li>
                            <a class="estDynamic" href="../sweets/brioches.html">Brioches</a>
                        </li>
                        <li>
                            <a class="estDynamic" href="../sweets/candy-and-chewing-gum.html">Candy and chewing gum</a>
                        </li>
                        <li>
                            <a class="estDynamic" href="../sweets/cereals.html">Cereals</a>
                        </li>
                        <li>
                            <a class="estDynamic" href="../sweets/chocolate.html">Chocolate</a>
                        </li>
                        <li>
                            <a class="estDynamic" href="../sweets/spreadable-creams.html">Spreads</a>
                        </li>
                        <li>
                            <a class="estDynamic" href="../sweets/dessert-toppings.html">Dessert toppings</a>
                        </li>
                        <li>
                            <a class="estDynamic" href="../sweets/jam.html">Jam</a>
                        </li>
                        <li>
                            <a class="estDynamic" href="../sweets/honey.html">Honey</a>
                        </li>
                        <li>
                            <a class="estDynamic" href="../sweets/panettoni-and-pandoro.html">Panettone and pandoro</a>
                        </li>
                        <li>
                            <a class="estDynamic" href="../sweets/pastry.html">Pastry</a>
                        </li>
                        <li>
                            <a class="estDynamic" href="../sweets/instant-dessert.html">Prepared</a>
                        </li>
                        <li>
                            <a class="estDynamic" href="../sweets/cakes-and-pies.html">Cakes and pies</a>
                        </li>
                        <li>
                            <a class="estDynamic" href="../sweets/easter-eggs-and-doves.html">Easter eggs and doves</a>
                        </li>
                    </ul>
                </li>
                <li>
                    <img src="../../cdn.spesati.com/images/menu/shelf.png"/>
                    Cupboard                    <i class="fa fa-angle-down" aria-hidden="true"></i>
                    <ul class="sub-menu">
                        <li>
                            <a class="estDynamic" href="../shelf/coffee.html">Coffee</a>
                        </li>
                        <li>
                            <a class="estDynamic" href="../shelf/gift-baskets.html">Gift baskets</a>
                        </li>
                        <li>
                            <a class="estDynamic" href="../shelf/stock-cubes.html">Nuts and preparations</a>
                        </li>
                        <li>
                            <a class="estDynamic" href="../shelf/flour-and-baking.html">Flour and baking</a>
                        </li>
                        <li>
                            <a class="estDynamic" href="../shelf/milk.html">Milk</a>
                        </li>
                        <li>
                            <a class="estDynamic" href="../shelf/oil-salt-vinegar.html">Oil, vinegar and salt</a>
                        </li>
                        <li>
                            <a class="estDynamic" href="../shelf/cream-and-bechamel.html">Cream and bechamel</a>
                        </li>
                        <li>
                            <a class="estDynamic" href="../shelf/crisps-and-pretzels.html">Crisps and pretzels</a>
                        </li>
                        <li>
                            <a class="estDynamic" href="../shelf/baby-and-infants-products.html">Early childhood products</a>
                        </li>
                        <li>
                            <a class="estDynamic" href="../shelf/rice.html">Rice</a>
                        </li>
                        <li>
                            <a class="estDynamic" href="../shelf/tins-and-preserves.html">Tins and Preserves</a>
                        </li>
                        <li>
                            <a class="estDynamic" href="../shelf/spices.html">Spices</a>
                        </li>
                        <li>
                            <a class="estDynamic" href="../shelf/sauces.html">Sauces</a>
                        </li>
                        <li>
                            <a class="estDynamic" href="../shelf/tea-and-infusions.html">Tea and infusions</a>
                        </li>
                        <li>
                            <a class="estDynamic" href="../shelf/eggs.html">Eggs</a>
                        </li>
                        <li>
                            <a class="estDynamic" href="../shelf/sugar-and-sweeteners.html">Sugar and sweeteners</a>
                        </li>
                    </ul>
                </li>
                <li>
                    <img src="../../cdn.spesati.com/images/menu/personal-care.png"/>
                    Personal care                    <i class="fa fa-angle-down" aria-hidden="true"></i>
                    <ul class="sub-menu">
                        <li>
                            <a class="estDynamic" href="../personal-care/accessories-and-cotton.html">Accessories and cotton</a>
                        </li>
                        <li>
                            <a class="estDynamic" href="../personal-care/feminine-care-incontinence-and-baby-diapers.html">Feminine incontinence and diapers</a>
                        </li>
                        <li>
                            <a class="estDynamic" href="../personal-care/shower-gel.html">Shower gel</a>
                        </li>
                        <li>
                            <a class="estDynamic" href="../personal-care/creams.html">Creams</a>
                        </li>
                        <li>
                            <a class="estDynamic" href="../personal-care/deodorant.html">Deodorant</a>
                        </li>
                        <li>
                            <a class="estDynamic" href="../personal-care/hair-removal.html">Hair removal</a>
                        </li>
                        <li>
                            <a class="estDynamic" href="../personal-care/disinfectants.html">Disinfectants</a>
                        </li>
                        <li>
                            <a class="estDynamic" href="../personal-care/oral-hygiene.html">Oral hygiene</a>
                        </li>
                        <li>
                            <a class="estDynamic" href="../personal-care/supplements-and-multivitamins.html">Supplements and multivitamins</a>
                        </li>
                        <li>
                            <a class="estDynamic" href="../personal-care/first-aid.html">First aid label</a>
                        </li>
                        <li>
                            <a class="estDynamic" href="../personal-care/beard-products.html">Beard products</a>
                        </li>
                        <li>
                            <a class="estDynamic" href="../personal-care/hairs-products.html">Hair products</a>
                        </li>
                        <li>
                            <a class="estDynamic" href="../personal-care/perfume.html">Perfumes</a>
                        </li>
                        <li>
                            <a class="estDynamic" href="../personal-care/wipes.html">Wipes</a>
                        </li>
                        <li>
                            <a class="estDynamic" href="../personal-care/soaps-and-body-wash.html">Soaps and body wash</a>
                        </li>
                        <li>
                            <a class="estDynamic" href="../personal-care/shampoo-and-conditioner.html">Shampoo and conditioner</a>
                        </li>
                    </ul>
                </li>
                <li>
                    <img src="../../cdn.spesati.com/images/menu/pellet-and-home.png"/>
                    Home and outdoors                    <i class="fa fa-angle-down" aria-hidden="true"></i>
                    <ul class="sub-menu">
                        <li>
                            <a class="estDynamic" href="../household-and-outdoors/distilled-water.html">Distilled water</a>
                        </li>
                        <li>
                            <a class="estDynamic" href="../household-and-outdoors/car-products.html">Cars</a>
                        </li>
                        <li>
                            <a class="estDynamic" href="../household-and-outdoors/bin-bags-and-buckets.html">Bin bags and buckets</a>
                        </li>
                        <li>
                            <a class="estDynamic" href="../household-and-outdoors/bleach-and-stain-removers.html">Bleach and stain removers</a>
                        </li>
                        <li>
                            <a class="estDynamic" href="../household-and-outdoors/candles.html">Candles</a>
                        </li>
                        <li>
                            <a class="estDynamic" href="../household-and-outdoors/kitchen-roll.html">Kitchen roll</a>
                        </li>
                        <li>
                            <a class="estDynamic" href="../household-and-outdoors/air-fresheners.html">Air fresheners</a>
                        </li>
                        <li>
                            <a class="estDynamic" href="../household-and-outdoors/laundry-accessories-and-detergent.html">Laundry detergent</a>
                        </li>
                        <li>
                            <a class="estDynamic" href="../household-and-outdoors/dishwasher-and-washing-up.html">Dishwasher and washing up</a>
                        </li>
                        <li>
                            <a class="estDynamic" href="../household-and-outdoors/gardening.html">Gardening</a>
                        </li>
                        <li>
                            <a class="estDynamic" href="../household-and-outdoors/light-bulbs-and-batteries.html">Lightbulbs and batteries</a>
                        </li>
                        <li>
                            <a class="estDynamic" href="../household-and-outdoors/pellet-and-bbq.html">Pellet and BBQ</a>
                        </li>
                        <li>
                            <a class="estDynamic" href="../household-and-outdoors/bathroom-products.html">Bathroom products</a>
                        </li>
                        <li>
                            <a class="estDynamic" href="../household-and-outdoors/home-and-furniture-products.html">Home and furniture products</a>
                        </li>
                        <li>
                            <a class="estDynamic" href="../household-and-outdoors/kitchen-products.html">Kitchen products</a>
                        </li>
                        <li>
                            <a class="estDynamic" href="../household-and-outdoors/window-and-floor-cleaners.html">Window and floor cleaner</a>
                        </li>
                        <li>
                            <a class="estDynamic" href="../household-and-outdoors/repellents.html">Repellents</a>
                        </li>
                        <li>
                            <a class="estDynamic" href="../household-and-outdoors/disposable-tableware.html">Disposable tableware</a>
                        </li>
                    </ul>
                </li>
                <li>
                    <img src="../../cdn.spesati.com/images/menu/animals.png"/>
                    Pets                    <i class="fa fa-angle-down" aria-hidden="true"></i>
                    <ul class="sub-menu">
                        <li>
                            <a class="estDynamic" href="../pets/pet-food-other-animals.html">Other animals pet food</a>
                        </li>
                        <li>
                            <a class="estDynamic" href="../pets/pet-food-dogs.html">Pet food dogs</a>
                        </li>
                        <li>
                            <a class="estDynamic" href="../pets/pet-food-cats.html">Pet food cats</a>
                        </li>
                        <li>
                            <a class="estDynamic" href="../pets/hygiene-and-cleaning.html">Hygiene and cleaning</a>
                        </li>
                    </ul>
                </li>
                <li>
                    <img src="../../cdn.spesati.com/images/menu/technology.png"/>
                    Technology                    <i class="fa fa-angle-down" aria-hidden="true"></i>
                    <ul class="sub-menu">
                        <li>
                            <a class="estDynamic" href="../technology/accessories.html">Accessories</a>
                        </li>
                        <li>
                            <a class="estDynamic" href="../technology/computer.html">Computer</a>
                        </li>
                        <li>
                            <a class="estDynamic" href="../technology/telephones.html">Telephones</a>
                        </li>
                        <li>
                            <a class="estDynamic" href="../technology/tv.html">TV</a>
                        </li>
                    </ul>
                </li>
                <li>
                    <img src="../../cdn.spesati.com/images/menu/gluten-free.png"/>
                    Gluten free                    <i class="fa fa-angle-down" aria-hidden="true"></i>
                    <ul class="sub-menu">
                        <li>
                            <a class="estDynamic" href="../gluten-free/frozen-foods.html">Frozen foods</a>
                        </li>
                        <li>
                            <a class="estDynamic" href="../gluten-free/beer.html">Beer</a>
                        </li>
                        <li>
                            <a class="estDynamic" href="../gluten-free/sweets.html">Sweets</a>
                        </li>
                        <li>
                            <a class="estDynamic" href="../gluten-free/bread-and-pasta.html">Bread and pasta</a>
                        </li>
                        <li>
                            <a class="estDynamic" href="../gluten-free/shelf.html">Cupboard</a>
                        </li>
                    </ul>
                </li>
                <li>
                    <img src="../../cdn.spesati.com/images/menu/lactose-free.png"/>
                    Lactose free                    <i class="fa fa-angle-down" aria-hidden="true"></i>
                    <ul class="sub-menu">
                        <li>
                            <a class="estDynamic" href="../lactose-free/frozen-foods.html">Frozen foods</a>
                        </li>
                        <li>
                            <a class="estDynamic" href="../lactose-free/sweets.html">Sweets</a>
                        </li>
                        <li>
                            <a class="estDynamic" href="../lactose-free/dairy-product.html">Dairy product</a>
                        </li>
                        <li>
                            <a class="estDynamic" href="../lactose-free/shelf.html">Cupboard</a>
                        </li>
                    </ul>
                </li>
                <li>
                    <img src="../../cdn.spesati.com/images/menu/special.png"/>
                    Special                    <i class="fa fa-angle-down" aria-hidden="true"></i>
                    <ul class="sub-menu">
                        <li>
                            <a class="estDynamic" href="../special/alpro.html">Alpro</a>
                        </li>
                        <li>
                            <a class="estDynamic" href="../special/organic.html">Biological</a>
                        </li>
                        <li>
                            <a class="estDynamic" href="../special/meat.html">Meat</a>
                        </li>
                        <li>
                            <a class="estDynamic" href="../special/wholegrain.html">Wholegrain</a>
                        </li>
                        <li>
                            <a class="estDynamic" href="../special/bread-and-pasta.html">Bread and pasta</a>
                        </li>
                        <li>
                            <a class="estDynamic" href="../special/vegan.html">Vegan</a>
                        </li>
                    </ul>
                </li>
                <li>
                    <img src="../../cdn.spesati.com/images/menu/sardinian-products.png"/>
                    Sardinian products                    <i class="fa fa-angle-down" aria-hidden="true"></i>
                    <ul class="sub-menu">
                        <li>
                            <a class="estDynamic" href="../sardinian-products/drinks.html">Drinks</a>
                        </li>
                        <li>
                            <a class="estDynamic" href="../sardinian-products/meat.html">Meat</a>
                        </li>
                        <li>
                            <a class="estDynamic" href="../sardinian-products/sweets.html">Sweets</a>
                        </li>
                        <li>
                            <a class="estDynamic" href="../sardinian-products/fruit-and-vegetables.html">Fruit and vegetables</a>
                        </li>
                        <li>
                            <a class="estDynamic" href="../sardinian-products/ichnusa.html">Ichnusa</a>
                        </li>
                        <li>
                            <a class="estDynamic" href="../sardinian-products/dairy-product.html">Dairy product</a>
                        </li>
                        <li>
                            <a class="estDynamic" href="../sardinian-products/bread-and-pasta.html">Bread and pasta</a>
                        </li>
                        <li>
                            <a class="estDynamic" href="../sardinian-products/fish.html">Fish</a>
                        </li>
                        <li>
                            <a class="estDynamic" href="../sardinian-products/cured-meat.html">Cured meat</a>
                        </li>
                        <li>
                            <a class="estDynamic" href="../sardinian-products/shelf.html">Cupboard</a>
                        </li>
                        <li>
                            <a class="estDynamic" href="../sardinian-products/vermentino-wine.html">Vermentino wine</a>
                        </li>
                        <li>
                            <a class="estDynamic" href="../sardinian-products/wine-beer-and-spirits.html">Wine beer and spirits</a>
                        </li>
                    </ul>
                </li>
            </ul>
        </li>
        <li>
            <a href="../about.html">About</a>
        </li>
        <li>
            <a href="../faq.html">Faq</a>
        </li>
        <li>
            <a href="../customer-care.html">Support</a>
        </li>
        <li>
            <a href="../news.html">Blog</a>
        </li>
        <li>
            <a href="../terms-and-conditions.html">Conditions</a>
        </li>
        <li>
            <a href="../privacy-policy.html">Privacy policy</a>
        </li>
        <li>
            <a href="../login.html">Login</a>
        </li>
        <li>
             <a href="../sign-up.html">Sign up</a>
        </li>
    </ul>
</div><section class="first">
    <div id="menuCategories" class="colLeft">
    <ul id="main_nav" >
        <li>
            <a class="estDynamic" href="../on-offer.html">
               <img src="../../cdn.spesati.com/images/menu/on-sale.png"/>
               On sale            </a>
            <i class="fa fa-angle-right" aria-hidden="true"></i>
            <ul class="sub-menu">
                <li>
    <a href="../tacchino-fesa-a-fette.html" class="estDynamic">Tacchino Fesa A Fette</a>
</li><li>
    <a href="../amaro-montenegro-15lt.html" class="estDynamic">Amaro Montenegro 1,5lt</a>
</li><li>
    <a href="../carbone-di-legna-sacco-10kg.html" class="estDynamic">Carbone Di Legna Sacco 10Kg</a>
</li><li>
    <a href="../filu-e-ferru-silvio-carta-70cl.html" class="estDynamic">Filu E Ferru Silvio Carta 70Cl</a>
</li><li>
    <a href="../braciole-suino-con-cotenna.html" class="estDynamic">Braciole Suino Con Cotenna</a>
</li><li>
    <a href="../bovino-adulto-polpa.html" class="estDynamic">Bovino Adulto Polpa</a>
</li><li>
    <a href="../vino-la-palma-cannonau-le-bombarde.html" class="estDynamic">Vino La Palma Cannonau Le Bombarde</a>
</li><li>
    <a href="../fettine-sceltissime-bovino-adulto.html" class="estDynamic">Fettine Sceltissime Bovino Adulto</a>
</li><li>
    <a href="../suino-fettine-scelte.html" class="estDynamic">Suino Fettine Scelte</a>
</li><li>
    <a href="../lavazza-caffe-qualita-rossa-2x250gr.html" class="estDynamic">Lavazza Caffé Qualità Rossa 2x250gr</a>
</li>                <li>
                    <a class="estDynamic" href="../on-offer.html">All products on sale</a>
                </li>
            </ul>
        </li>
        <li>
            <a class="estDynamic" href="../gift.html">
               <img src="../../cdn.spesati.com/images/menu/gift.png"/>
               Gifts            </a>
            <i class="fa fa-angle-right" aria-hidden="true"></i>
            <ul class="sub-menu">
                <li>
    <a href="../gift-card-da-150.html" class="estDynamic">Gift Card Da 150</a>
</li><li>
    <a href="../gift-card-da-100.html" class="estDynamic">Gift Card Da 100</a>
</li><li>
    <a href="../gift-card-da-50.html" class="estDynamic">Gift Card Da 50</a>
</li><li>
    <a href="../gift-card-da-25.html" class="estDynamic">Gift Card Da 25</a>
</li>                <li>
                    <a class="estDynamic" href="../gift.html">All products in the gifts category</a>
                </li>
            </ul>
        </li>
        <li>
            <a class="estDynamic" href="../gift-card.html">
               <img src="../../cdn.spesati.com/images/menu/gift-card.png"/>
               Gift card and discounts            </a>
            <i class="fa fa-angle-right" aria-hidden="true"></i>
            <ul class="sub-menu">
                <li>
    <a href="../gift-card-da-150.html">Gift Card Da 150</a>
</li><li>
    <a href="../gift-card-da-100.html">Gift Card Da 100</a>
</li><li>
    <a href="../gift-card-da-50.html">Gift Card Da 50</a>
</li><li>
    <a href="../gift-card-da-25.html">Gift Card Da 25</a>
</li>            </ul>
        </li>
        <li>
            <a class="estDynamic" href="../fruit-and-vegetables.html">
               <img src="../../cdn.spesati.com/images/menu/fuit-and-vegetables.png"/>
               Fruit and vegetables           </a>
            <i class="fa fa-angle-right" aria-hidden="true"></i>
            <ul class="sub-menu">
                <li>
                    <a class="estDynamic" href="../fruit-and-vegetables/pulses-and-beans.html">Cereals and pulses and beans</a>
                </li>
                <li>
                    <a class="estDynamic" href="../fruit-and-vegetables/fruit.html">Fruit</a>
                </li>
                <li>
                    <a class="estDynamic" href="../fruit-and-vegetables/canned-fruit.html">Canned fruit</a>
                </li>
                <li>
                    <a class="estDynamic" href="../fruit-and-vegetables/dried-fruit.html">Dried fruit</a>
                </li>
                <li>
                    <a class="estDynamic" href="../fruit-and-vegetables/ready-salads.html">Ready salads</a>
                </li>
                <li>
                    <a class="estDynamic" href="../fruit-and-vegetables/fresh-spices.html">Fresh spices</a>
                </li>
                <li>
                    <a class="estDynamic" href="../fruit-and-vegetables/vegetables.html">Vegetables and soy</a>
                </li>
            </ul>
        </li>
        <li>
            <a class="estDynamic" href="../fresh-products.html">
                <img src="../../cdn.spesati.com/images/menu/fresh-products.png"/>
                Fresh products            </a>
            <i class="fa fa-angle-right" aria-hidden="true"></i>
            <ul class="sub-menu">
                <li>
                    <a class="estDynamic" href="../fresh-products/margarine-and-butter.html">Butter and margarine</a>
                </li>
                <li>
                    <a class="estDynamic" href="../fresh-products/danone.html">Danone</a>
                </li>
                <li>
                    <a class="estDynamic" href="../fresh-products/dessert.html">Dessert</a>
                </li>
                <li>
                    <a class="estDynamic" href="../fresh-products/sweets.html">Sweets</a>
                </li>
                <li>
                    <a class="estDynamic" href="../fresh-products/dairy-products.html">Dairy product</a>
                </li>
                <li>
                    <a class="estDynamic" href="../fresh-products/bakery.html">Yeast</a>
                </li>
                <li>
                    <a class="estDynamic" href="../fresh-products/mascarpone.html">Mascarpone</a>
                </li>
                <li>
                    <a class="estDynamic" href="../fresh-products/snacks.html">Snacks</a>
                </li>
                <li>
                    <a class="estDynamic" href="../fresh-products/mozzarella.html">Mozzarella</a>
                </li>
                <li>
                    <a class="estDynamic" href="../fresh-products/pasta.html">Pasta</a>
                </li>
                <li>
                    <a class="estDynamic" href="../fresh-products/pesto-and-sauces.html">Pesto and sauces</a>
                </li>
                <li>
                    <a class="estDynamic" href="../fresh-products/ricotta-and-cheese.html">Ricotta and cheese</a>
                </li>
                <li>
                    <a class="estDynamic" href="../fresh-products/cured-meat.html">Cured meat</a>
                </li>
                <li>
                    <a class="estDynamic" href="../fresh-products/wurstel.html">Würstel</a>
                </li>
                <li>
                    <a class="estDynamic" href="../fresh-products/yogurt.html">Yogurt</a>
                </li>
            </ul>
        </li>
        <li>
            <a class="estDynamic" href="../frozen-foods.html">
                <img src="../../cdn.spesati.com/images/menu/frozen-foods.png"/>
                Frozen foods            </a>
            <i class="fa fa-angle-right" aria-hidden="true"></i>
            <ul class="sub-menu">
                <li>
                    <a class="estDynamic" href="../frozen-foods/meat.html">Meat</a>
                </li>
                <li>
                    <a class="estDynamic" href="../frozen-foods/ice-creams.html">Ice cream and sweet</a>
                </li>
                <li>
                    <a class="estDynamic" href="../frozen-foods/pasta.html">Pasta</a>
                </li>
                <li>
                    <a class="estDynamic" href="../frozen-foods/fish.html">Fish</a>
                </li>
                <li>
                    <a class="estDynamic" href="../frozen-foods/ready-meals.html">Ready meals</a>
                </li>
                <li>
                    <a class="estDynamic" href="../frozen-foods/pizzas.html">Pizzas</a>
                </li>
                <li>
                    <a class="estDynamic" href="../frozen-foods/vegetables.html">Vegetables and soy</a>
                </li>
            </ul>
        </li>
        <li>
            <a class="estDynamic" href="../bread-and-pasta.html">
                <img src="../../cdn.spesati.com/images/menu/bread-and-pasta.png"/>
                Bread and pasta            </a>
            <i class="fa fa-angle-right" aria-hidden="true"></i>
            <ul class="sub-menu">
                <li>
                    <a class="estDynamic" href="../bread-and-pasta/crackers.html">Crackers</a>
                </li>
                <li>
                    <a class="estDynamic" href="../bread-and-pasta/rusks.html">Rusks</a>
                </li>
                <li>
                    <a class="estDynamic" href="../bread-and-pasta/white-bread.html">White bread</a>
                </li>
                <li>
                    <a class="estDynamic" href="../bread-and-pasta/local-bread.html">Local bread</a>
                </li>
                <li>
                    <a class="estDynamic" href="../bread-and-pasta/soft-bread.html">Soft bread</a>
                </li>
                <li>
                    <a class="estDynamic" href="../bread-and-pasta/sardinian-bread.html">Sardinian bread</a>
                </li>
                <li>
                    <a class="estDynamic" href="../bread-and-pasta/bakery.html">Bakery</a>
                </li>
                <li>
                    <a class="estDynamic" href="../bread-and-pasta/pasta.html">Pasta</a>
                </li>
                <li>
                    <a class="estDynamic" href="../bread-and-pasta/fresh-pasta.html">Fresh pasta</a>
                </li>
            </ul>
        </li>
        <li>
            <a class="estDynamic" href="../meat.html">
                <img src="../../cdn.spesati.com/images/menu/meat.png"/>
                Meat            </a>
            <i class="fa fa-angle-right" aria-hidden="true"></i>
            <ul class="sub-menu">
                <li>
                    <a class="estDynamic" href="../meat/beef.html">Beef</a>
                </li>
                <li>
                    <a class="estDynamic" href="../meat/goat.html">Goat</a>
                </li>
                <li>
                    <a class="estDynamic" href="../meat/packaged-meat.html">Packaged meat</a>
                </li>
                <li>
                    <a class="estDynamic" href="../meat/rabbit.html">Rabbit</a>
                </li>
                <li>
                    <a class="estDynamic" href="../meat/horse.html">Horse</a>
                </li>
                <li>
                    <a class="estDynamic" href="../meat/pork.html">Pork</a>
                </li>
                <li>
                    <a class="estDynamic" href="../meat/lamb.html">Lamb</a>
                </li>
                <li>
                    <a class="estDynamic" href="../meat/poultry.html">Poultry</a>
                </li>
            </ul>
        </li>
        <li>
            <a class="estDynamic" href="../fish.html">
                <img src="../../cdn.spesati.com/images/menu/fish.png"/>
                Fish            </a>
            <i class="fa fa-angle-right" aria-hidden="true"></i>
            <ul class="sub-menu">
                <li>
                    <a class="estDynamic" href="../fish/fresh-water.html">Fresh water</a>
                </li>
                <li>
                    <a class="estDynamic" href="../fish/salt-water.html">Salt water</a>
                </li>
                <li>
                    <a class="estDynamic" href="../fish/mussels.html">Mussels</a>
                </li>
                <li>
                    <a class="estDynamic" href="../fish/dried-and-salted.html">Dried and salted</a>
                </li>
                <li>
                    <a class="estDynamic" href="../fish/seafood-salad.html">Seafood salad</a>
                </li>
                <li>
                    <a class="estDynamic" href="../fish/prepared.html">Prepared</a>
                </li>
                <li>
                    <a class="estDynamic" href="../fish/specialty.html">Specialty</a>
                </li>   
                <li>
                    <a class="estDynamic" href="../fish/tuna-and-salmon.html">Tuna and salmon</a>
                </li>
            </ul>
        </li>
        <li>
            <a class="estDynamic" href="../wine-beer-and-spirits.html">
                <img src="../../cdn.spesati.com/images/menu/alcohol.png"/>
                Wine beer and spirits            </a>
            <i class="fa fa-angle-right" aria-hidden="true"></i>
            <ul class="sub-menu">
                <li>
                    <a class="estDynamic" href="spirits-and-liquors.html">Alcohol</a>
                </li>
                <li>
                    <a class="estDynamic" href="bitters.html">Bitters</a>
                </li>
                <li>
                    <a class="estDynamic" href="aperatif.html">Aperatifs</a>
                </li>
                <li>
                    <a class="estDynamic" href="beer.html">Beer</a>
                </li>
                <li>
                    <a class="estDynamic" href="creams.html">Creams</a>
                </li>
                <li>
                    <a class="estDynamic" href="spirits.html">Spirits</a>
                </li>
                <li>
                    <a class="estDynamic" href="liquors.html">Liquors</a>
                </li>
                <li>
                    <a class="estDynamic" href="white-wine.html">White wine</a>
                </li>
                <li>
                    <a class="estDynamic" href="prosecco-wine.html">Prosecco wine</a>
                </li>
                <li>
                    <a class="estDynamic" href="rose-wine.html">Rose wine</a>
                </li>
                <li>
                    <a class="estDynamic" href="red-wine.html">Red wine</a>
                </li>
                <li>
                    <a class="estDynamic" href="specialty-wine.html">Special wine</a>
                </li>
                <li>
                    <a class="estDynamic" href="sparkling-wine.html">Sparkling wine</a>
                </li>
                <li>
                    <a class="estDynamic" href="vermentino-wine.html">Vermentino wine</a>
                </li>
            </ul>
        </li>
        <li>
            <a class="estDynamic" href="../water-and-drinks.html">
                <img src="../../cdn.spesati.com/images/menu/water-and-drinks.png"/>
                Water and drinks            </a>
            <i class="fa fa-angle-right" aria-hidden="true"></i>
            <ul class="sub-menu">
                <li>
                    <a class="estDynamic" href="../water-and-drinks/san-martino.html">San Martino</a>
                </li>
                <li>
                    <a class="estDynamic" href="../water-and-drinks/water.html">Water</a>
                </li>
                <li>
                    <a class="estDynamic" href="../water-and-drinks/alpro.html">Alpro</a>
                </li>
                <li>
                    <a class="estDynamic" href="../water-and-drinks/fizzy-drinks.html">Fizzy drinks</a>
                </li>
                <li>
                    <a class="estDynamic" href="../water-and-drinks/coca-cola.html">Coca-Cola</a>
                </li>
                <li>
                    <a class="estDynamic" href="../water-and-drinks/energy-drink.html">Energy drink</a>
                </li>
                <li>
                    <a class="estDynamic" href="../water-and-drinks/syrups.html">Syrups</a>
                </li>
                <li>
                    <a class="estDynamic" href="../water-and-drinks/supplements.html">Supplements</a>
                </li>
                <li>
                    <a class="estDynamic" href="../water-and-drinks/instant-drinks.html">Instant drinks</a>
                </li>
                <li>
                    <a class="estDynamic" href="../water-and-drinks/juice.html">Juice</a>
                </li>
                <li>
                    <a class="estDynamic" href="../water-and-drinks/tea.html">Tea</a>
                </li>
            </ul>
        </li>
        <li>
            <a class="estDynamic" href="../sweets.html">
                <img src="../../cdn.spesati.com/images/menu/sweets.png"/>
                Sweets            </a>
            <i class="fa fa-angle-right" aria-hidden="true"></i>
            <ul class="sub-menu">
                <li>
                    <a class="estDynamic" href="../sweets/bars-and-snacks.html">Bars and snacks</a>
                </li>
                <li>
                    <a class="estDynamic" href="../sweets/biscuits.html">Biscuits</a>
                </li>
                <li>
                    <a class="estDynamic" href="../sweets/brioches.html">Brioches</a>
                </li>
                <li>
                    <a class="estDynamic" href="../sweets/candy-and-chewing-gum.html">Candy and chewing gum</a>
                </li>
                <li>
                    <a class="estDynamic" href="../sweets/cereals.html">Cereals</a>
                </li>
                <li>
                    <a class="estDynamic" href="../sweets/chocolate.html">Chocolate</a>
                </li>
                <li>
                    <a class="estDynamic" href="../sweets/spreadable-creams.html">Spreads</a>
                </li>
                <li>
                    <a class="estDynamic" href="../sweets/dessert-toppings.html">Dessert toppings</a>
                </li>
                <li>
                    <a class="estDynamic" href="../sweets/jam.html">Jam</a>
                </li>
                <li>
                    <a class="estDynamic" href="../sweets/honey.html">Honey</a>
                </li>
                <li>
                    <a class="estDynamic" href="../sweets/panettoni-and-pandoro.html">Panettone and pandoro</a>
                </li>
                <li>
                    <a class="estDynamic" href="../sweets/pastry.html">Pastry</a>
                </li>
                <li>
                    <a class="estDynamic" href="../sweets/instant-dessert.html">Prepared</a>
                </li>
                <li>
                    <a class="estDynamic" href="../sweets/cakes-and-pies.html">Cakes and pies</a>
                </li>
                <li>
                    <a class="estDynamic" href="../sweets/easter-eggs-and-doves.html">Easter eggs and doves</a>
                </li>
            </ul>
        </li>
        <li>
            <a class="estDynamic" href="../shelf.html">
                <img src="../../cdn.spesati.com/images/menu/shelf.png"/>
                Cupboard            </a>
            <i class="fa fa-angle-right" aria-hidden="true"></i>
            <ul class="sub-menu">
                <li>
                    <a class="estDynamic" href="../shelf/coffee.html">Coffee</a>
                </li>
                <li>
                    <a class="estDynamic" href="../shelf/gift-baskets.html">Gift baskets</a>
                </li>
                <li>
                    <a class="estDynamic" href="../shelf/stock-cubes.html">Nuts and preparations</a>
                </li>
                <li>
                    <a class="estDynamic" href="../shelf/flour-and-baking.html">Flour and baking</a>
                </li>
                <li>
                    <a class="estDynamic" href="../shelf/milk.html">Milk</a>
                </li>
                <li>
                    <a class="estDynamic" href="../shelf/oil-salt-vinegar.html">Oil, vinegar and salt</a>
                </li>
                <li>
                    <a class="estDynamic" href="../shelf/cream-and-bechamel.html">Cream and bechamel</a>
                </li>
                <li>
                    <a class="estDynamic" href="../shelf/crisps-and-pretzels.html">Crisps and pretzels</a>
                </li>
                <li>
                    <a class="estDynamic" href="../shelf/baby-and-infants-products.html">Early childhood products</a>
                </li>
                <li>
                    <a class="estDynamic" href="../shelf/rice.html">Rice</a>
                </li>
                <li>
                    <a class="estDynamic" href="../shelf/tins-and-preserves.html">Tins and Preserves</a>
                </li>
                <li>
                    <a class="estDynamic" href="../shelf/spices.html">Spices</a>
                </li>
                <li>
                    <a class="estDynamic" href="../shelf/sauces.html">Sauces</a>
                </li>
                <li>
                    <a class="estDynamic" href="../shelf/tea-and-infusions.html">Tea and infusions</a>
                </li>
                <li>
                    <a class="estDynamic" href="../shelf/eggs.html">Eggs</a>
                </li>
                <li>
                    <a class="estDynamic" href="../shelf/sugar-and-sweeteners.html">Sugar and sweeteners</a>
                </li>
            </ul>
        </li>
        <li>
            <a class="estDynamic" href="../personal-care.html">
                <img src="../../cdn.spesati.com/images/menu/personal-care.png"/>
                Personal care            </a>
            <i class="fa fa-angle-right" aria-hidden="true"></i>
            <ul class="sub-menu">
                <li>
                    <a class="estDynamic" href="../personal-care/accessories-and-cotton.html">Accessories and cotton</a>
                </li>
                <li>
                    <a class="estDynamic" href="../personal-care/feminine-care-incontinence-and-baby-diapers.html">Feminine incontinence and diapers</a>
                </li>
                <li>
                    <a class="estDynamic" href="../personal-care/shower-gel.html">Shower gel</a>
                </li>
                <li>
                    <a class="estDynamic" href="../personal-care/creams.html">Creams</a>
                </li>
                <li>
                    <a class="estDynamic" href="../personal-care/deodorant.html">Deodorant</a>
                </li>
                <li>
                    <a class="estDynamic" href="../personal-care/hair-removal.html">Hair removal</a>
                </li>
                <li>
                    <a class="estDynamic" href="../personal-care/disinfectants.html">Disinfectants</a>
                </li>
                <li>
                    <a class="estDynamic" href="../personal-care/oral-hygiene.html">Oral hygiene</a>
                </li>
                <li>
                    <a class="estDynamic" href="../personal-care/supplements-and-multivitamins.html">Supplements and multivitamins</a>
                </li>
                <li>
                    <a class="estDynamic" href="../personal-care/first-aid.html">First aid label</a>
                </li>
                <li>
                    <a class="estDynamic" href="../personal-care/beard-products.html">Beard products</a>
                </li>
                <li>
                    <a class="estDynamic" href="../personal-care/hairs-products.html">Hair products</a>
                </li>
                <li>
                    <a class="estDynamic" href="../personal-care/perfume.html">Perfumes</a>
                </li>
                <li>
                    <a class="estDynamic" href="../personal-care/wipes.html">Wipes</a>
                </li>
                <li>
                    <a class="estDynamic" href="../personal-care/soaps-and-body-wash.html">Soaps and body wash</a>
                </li>
                <li>
                    <a class="estDynamic" href="../personal-care/shampoo-and-conditioner.html">Shampoo and conditioner</a>
                </li>
            </ul>
        </li>
        <li>
            <a class="estDynamic" href="../household-and-outdoors.html">
                <img src="../../cdn.spesati.com/images/menu/pellet-and-home.png"/>
                Home and outdoors 
            </a>
            <i class="fa fa-angle-right" aria-hidden="true"></i>
            <ul class="sub-menu">
                <li>
                    <a class="estDynamic" href="../household-and-outdoors/distilled-water.html">Distilled water</a>
                </li>
                <li>
                    <a class="estDynamic" href="../household-and-outdoors/car-products.html">Cars</a>
                </li>
                <li>
                    <a class="estDynamic" href="../household-and-outdoors/bin-bags-and-buckets.html">Bin bags and buckets</a>
                </li>
                <li>
                    <a class="estDynamic" href="../household-and-outdoors/bleach-and-stain-removers.html">Bleach and stain removers</a>
                </li>
                <li>
                    <a class="estDynamic" href="../household-and-outdoors/candles.html">Candles</a>
                </li>
                <li>
                    <a class="estDynamic" href="../household-and-outdoors/kitchen-roll.html">Kitchen roll</a>
                </li>
                <li>
                    <a class="estDynamic" href="../household-and-outdoors/air-fresheners.html">Air fresheners</a>
                </li>
                <li>
                    <a class="estDynamic" href="../household-and-outdoors/laundry-accessories-and-detergent.html">Laundry detergent</a>
                </li>
                <li>
                    <a class="estDynamic" href="../household-and-outdoors/dishwasher-and-washing-up.html">Dishwasher and washing up</a>
                </li>
                <li>
                    <a class="estDynamic" href="../household-and-outdoors/gardening.html">Gardening</a>
                </li>
                <li>
                    <a class="estDynamic" href="../household-and-outdoors/light-bulbs-and-batteries.html">Lightbulbs and batteries</a>
                </li>
                <li>
                    <a class="estDynamic" href="../household-and-outdoors/pellet-and-bbq.html">Pellet and BBQ</a>
                </li>
                <li>
                    <a class="estDynamic" href="../household-and-outdoors/bathroom-products.html">Bathroom products</a>
                </li>
                <li>
                    <a class="estDynamic" href="../household-and-outdoors/home-and-furniture-products.html">Home and furniture products</a>
                </li>
                <li>
                    <a class="estDynamic" href="../household-and-outdoors/kitchen-products.html">Kitchen products</a>
                </li>
                <li>
                    <a class="estDynamic" href="../household-and-outdoors/window-and-floor-cleaners.html">Window and floor cleaner</a>
                </li>
                <li>
                    <a class="estDynamic" href="../household-and-outdoors/repellents.html">Repellents</a>
                </li>
                <li>
                    <a class="estDynamic" href="../household-and-outdoors/disposable-tableware.html">Disposable tableware</a>
                </li>
            </ul>
        </li>
        <li>
            <a class="estDynamic" href="../pet.html">
                <img src="../../cdn.spesati.com/images/menu/animals.png"/>
                Pets            </a>
            <i class="fa fa-angle-right" aria-hidden="true"></i>
            <ul class="sub-menu">
                <li>
                    <a class="estDynamic" href="../pets/pet-food-other-animals.html">Other animals pet food</a>
                </li>
                <li>
                    <a class="estDynamic" href="../pets/pet-food-dogs.html">Pet food dogs</a>
                </li>
                <li>
                    <a class="estDynamic" href="../pets/pet-food-cats.html">Pet food cats</a>
                </li>
                <li>
                    <a class="estDynamic" href="../pets/hygiene-and-cleaning.html">Hygiene and cleaning</a>
                </li>
            </ul>
        </li>
        <li>
            <a class="estDynamic" href="../technology.html">
                <img src="../../cdn.spesati.com/images/menu/technology.png"/>
                Technology            </a>
            <i class="fa fa-angle-right" aria-hidden="true"></i>
            <ul class="sub-menu">
                <li>
                    <a class="estDynamic" href="../technology/accessories.html">Accessories</a>
                </li>
                <li>
                    <a class="estDynamic" href="../technology/computer.html">Computer</a>
                </li>
                <li>
                    <a class="estDynamic" href="../technology/telephones.html">Telephones</a>
                </li>
                <li>
                    <a class="estDynamic" href="../technology/tv.html">TV</a>
                </li>
            </ul>
        </li>
        <li>
            <a class="estDynamic" href="../gluten-free.html">
                <img src="../../cdn.spesati.com/images/menu/gluten-free.png"/>
                Gluten free            </a>
            <i class="fa fa-angle-right" aria-hidden="true"></i>
            <ul class="sub-menu">
                <li>
                    <a class="estDynamic" href="../gluten-free/frozen-foods.html">Frozen foods</a>
                </li>
                <li>
                    <a class="estDynamic" href="../gluten-free/beer.html">Beer</a>
                </li>
                <li>
                    <a class="estDynamic" href="../gluten-free/sweets.html">Sweets</a>
                </li>
                <li>
                    <a class="estDynamic" href="../gluten-free/bread-and-pasta.html">Bread and pasta</a>
                </li>
                <li>
                    <a class="estDynamic" href="../gluten-free/shelf.html">Cupboard</a>
                </li>
            </ul>
        </li>
        <li>
            <a class="estDynamic" href="../lactose-free.html">
                <img src="../../cdn.spesati.com/images/menu/lactose-free.png"/>
                Lactose free            </a>
            <i class="fa fa-angle-right" aria-hidden="true"></i>
            <ul class="sub-menu">
                <li>
                    <a class="estDynamic" href="../lactose-free/frozen-foods.html">Frozen foods</a>
                </li>
                <li>
                    <a class="estDynamic" href="../lactose-free/sweets.html">Sweets</a>
                </li>
                <li>
                    <a class="estDynamic" href="../lactose-free/dairy-product.html">Dairy product</a>
                </li>
                <li>
                    <a class="estDynamic" href="../lactose-free/shelf.html">Cupboard</a>
                </li>
            </ul>
        </li>
        <li>
            <a class="estDynamic" href="../special.html">
                <img src="../../cdn.spesati.com/images/menu/special.png"/>
                Special            </a>
            <i class="fa fa-angle-right" aria-hidden="true"></i>
            <ul class="sub-menu">
                <li>
                    <a class="estDynamic" href="../special/alpro.html">Alpro</a>
                </li>
                <li>
                    <a class="estDynamic" href="../special/organic.html">Biological</a>
                </li>
                <li>
                    <a class="estDynamic" href="../special/meat.html">Meat</a>
                </li>
                <li>
                    <a class="estDynamic" href="../special/wholegrain.html">Wholegrain</a>
                </li>
                <li>
                    <a class="estDynamic" href="../special/bread-and-pasta.html">Bread and pasta</a>
                </li>
                <li>
                    <a class="estDynamic" href="../special/vegan.html">Vegan</a>
                </li>
            </ul>
        </li>
        <li>
            <a class="estDynamic" href="../sardinian-products.html">
                <img src="../../cdn.spesati.com/images/menu/sardinian-products.png"/>
                Sardinian products            </a>
            <i class="fa fa-angle-right" aria-hidden="true"></i>
            <ul class="sub-menu">
                <li>
                    <a class="estDynamic" href="../sardinian-products/drinks.html">Drinks</a>
                </li>
                <li>
                    <a class="estDynamic" href="../sardinian-products/meat.html">Meat</a>
                </li>
                <li>
                    <a class="estDynamic" href="../sardinian-products/sweets.html">Sweets</a>
                </li>
                <li>
                    <a class="estDynamic" href="../sardinian-products/fruit-and-vegetables.html">Fruit and vegetables</a>
                </li>
                <li>
                    <a class="estDynamic" href="../sardinian-products/ichnusa.html">Ichnusa</a>
                </li>
                <li>
                    <a class="estDynamic" href="../sardinian-products/dairy-product.html">Dairy product</a>
                </li>
                <li>
                    <a class="estDynamic" href="../sardinian-products/bread-and-pasta.html">Bread and pasta</a>
                </li>
                <li>
                    <a class="estDynamic" href="../sardinian-products/fish.html">Fish</a>
                </li>
                <li>
                    <a class="estDynamic" href="../sardinian-products/cured-meat.html">Cured meat</a>
                </li>
                <li>
                    <a class="estDynamic" href="../sardinian-products/shelf.html">Cupboard</a>
                </li>
                <li>
                    <a class="estDynamic" href="../sardinian-products/vermentino-wine.html">Vermentino wine</a>
                </li>
                <li>
                    <a class="estDynamic" href="../sardinian-products/wine-beer-and-spirits.html">Wine beer and spirits</a>
                </li>
            </ul>
        </li>
    </ul>
</div>    <div class="colRight">
        <div class="title mobile">
	<a href="../wine-beer-and-spirits.html"><i class="fa red fa-angle-left fa-3x mobile" aria-hidden="true"></i></a>
	<h2>
		<b>
			beer		</b>
	</h2>
</div>

<div class="breadcrumb bgGrey internal">
	<p>
		<b>
			<a href="../index.html">Home</a>
												&gt; <a href="../wine-beer-and-spirits.html">Wine beer and spirits</a>
																&gt; Beer									</b>
	</p>
	<div>
		<p>Order by</p>
		<select name="orderProd" id="orderProd">
			<option disabled="disabled" selected="selected">- Choose -</option>
			<option value="nameAsc">Name (A - Z)</option>
			<option value="nameDes">Name (Z - A)</option>
			<option value="priceHigh">Price - High to low</option>
			<option value="priceLow">Price - Low to high</option>
			<option value="soldAsc">Best Selling</option>
			<option value="available">Availability</option>
		</select>
	</div>
</div>
        <div class="containerProduct">
            <script type='text/javascript'>var track = '{"event":"ViewContent", "type":"category", "id":"Alcolici", "subids":["Bianca","Bionda"], "url":"https://www.spesati.com/wine-beer-and-spirits/beer"}';</script>
<script>
gtag('event', 'select_content', {content_type: 'category', item_id: 'Alcolici'});gtag('event', 'select_content', {content_type: 'category', item_id: 'Bianca'});gtag('event', 'select_content', {content_type: 'category', item_id: 'Bionda'});
</script>
<div class="left product prod1"
        data-name="Birra Heineken Aluminium 33 cl"
        data-price="2.42"
        data-id="607"
        data-available="yes"
        data-category="414"
        data-bestselling="">
    <a href="../birra-heineken-aluminium-33-cl">
        <div style="background-image: url('../../cdn.spesati.com/images/products/b751/birra-heineken-aluminium.jpg')">
            <div class="hover"></div>
            
            <div class="stickers"></div>
        </div>
    </a>
    <div>
        <h4><a href="../birra-heineken-aluminium-33-cl"><b>Birra Heineken Aluminium 33 cl</b></a></h4>
        <p class="description">3.3 Lt</p>
        <p class="right price"><b>2.42 €</b></p>
        <p class="right unitPrice">0.31 € per litre</p>
    </div>
    <div class="contButton">
    <a class="button bgRed white addToCart" href="#">Add</a>
</div>
</div><div class="left product prod2"
        data-name="Birra Ichnusa Non Filtrata 33 Cl"
        data-price="1.56"
        data-id="6376"
        data-available="yes"
        data-category="414"
        data-bestselling="">
    <a href="../birra-ichnusa-non-filtrata-33-cl">
        <div style="background-image: url('../../cdn.spesati.com/images/products/206112/birra-ichnusa-non-01.jpg')">
            <div class="hover"></div>
            
            <div class="stickers"><img class="left" src="../../cdn.spesati.com/images/layout/sardinian.png" /></div>
        </div>
    </a>
    <div>
        <h4><a href="../birra-ichnusa-non-filtrata-33-cl"><b>Birra Ichnusa Non Filtrata 33 Cl</b></a></h4>
        <p class="description">0.33 Lt</p>
        <p class="right price"><b>1.56 €</b></p>
        <p class="right unitPrice">4.73 € per litre</p>
    </div>
    <div class="contButton">
    <a class="button bgRed white addToCart" href="#">Add</a>
</div>
</div><div class="left product prod3"
        data-name="Birra Sapporo 33Cl"
        data-price="1.65"
        data-id="5683"
        data-available="yes"
        data-category="414"
        data-bestselling="">
    <a href="../birra-sapporo-33cl">
        <div style="background-image: url('../../cdn.spesati.com/images/products/203101/birra-sapporo-33cl-01.jpg')">
            <div class="hover"></div>
            
            <div class="stickers"></div>
        </div>
    </a>
    <div>
        <h4><a href="../birra-sapporo-33cl"><b>Birra Sapporo 33Cl</b></a></h4>
        <p class="description">0.33 Lt</p>
        <p class="right price"><b>1.65 €</b></p>
        <p class="right unitPrice">5.00 € per litre</p>
    </div>
    <div class="contButton">
    <a class="button bgRed white addToCart" href="#">Add</a>
</div>
</div><div class="left product prod4"
        data-name="Birra kirin ichiban 33cl"
        data-price="1.74"
        data-id="5302"
        data-available="yes"
        data-category="414"
        data-bestselling="">
    <a href="../birra-kirin-ichiban-33cl">
        <div style="background-image: url('../../cdn.spesati.com/images/products/203100/birra-kirin-ichiban-01.jpg')">
            <div class="hover"></div>
            
            <div class="stickers"></div>
        </div>
    </a>
    <div>
        <h4><a href="../birra-kirin-ichiban-33cl"><b>Birra kirin ichiban 33cl</b></a></h4>
        <p class="description">0.33 Lt</p>
        <p class="right price"><b>1.74 €</b></p>
        <p class="right unitPrice">5.26 € per litre</p>
    </div>
    <div class="contButton">
    <a class="button bgRed white addToCart" href="#">Add</a>
</div>
</div><div class="left product prod5"
        data-name="Birra Willianbrau Pils Latt 33"
        data-price="0.78"
        data-id="34752"
        data-available="yes"
        data-category="414"
        data-bestselling="8">
    <a href="../birra-willianbrau-pils-latt-33">
        <div style="background-image: url('../../cdn.spesati.com/images/products/000702179/willianbrau-pils-033-l-01.png')">
            <div class="hover"></div>
            <p class="arrow bgRed white">Best Seller</p>
            <div class="stickers"></div>
        </div>
    </a>
    <div>
        <h4><a href="../birra-willianbrau-pils-latt-33"><b>Birra Willianbrau Pils Latt 33</b></a></h4>
        <p class="description">Willianbrau Pils 0,33 L</p>
        <p class="right price"><b>0.78 €</b></p>
        <p class="right unitPrice">2.38 € per litre</p>
    </div>
    <div class="contButton">
    <a class="button bgRed white addToCart" href="#">Add</a>
</div>
</div><div class="left product prod6"
        data-name="Birra Willianbrau Pils Latt 50"
        data-price="1.00"
        data-id="34751"
        data-available="yes"
        data-category="414"
        data-bestselling="">
    <a href="../birra-willianbrau-pils-latt-50">
        <div style="background-image: url('../../cdn.spesati.com/images/products/000702177/willianbrau-pils-05-l-01.png')">
            <div class="hover"></div>
            
            <div class="stickers"></div>
        </div>
    </a>
    <div>
        <h4><a href="../birra-willianbrau-pils-latt-50"><b>Birra Willianbrau Pils Latt 50</b></a></h4>
        <p class="description">Willianbrau Pils 0,5 L</p>
        <p class="right price"><b>1.00 €</b></p>
        <p class="right unitPrice">1.99 € per litre</p>
    </div>
    <div class="contButton">
    <a class="button bgRed white addToCart" href="#">Add</a>
</div>
</div><div class="left product prod7"
        data-name="Birra Beck's 44 Cl Lattina"
        data-price="1.65"
        data-id="83666"
        data-available="yes"
        data-category="414"
        data-bestselling="">
    <a href="../birra-becks-44-cl-lattina">
        <div style="background-image: url('../../cdn.spesati.com/images/products/000432566/becks-birra-pilsner-tedesca-lattina-44cl-01.png')">
            <div class="hover"></div>
            
            <div class="stickers"></div>
        </div>
    </a>
    <div>
        <h4><a href="../birra-becks-44-cl-lattina"><b>Birra Beck's 44 Cl Lattina</b></a></h4>
        <p class="description">BECK'S Birra pilsner tedesca lattina 44cl</p>
        <p class="right price"><b>1.65 €</b></p>
        <p class="right unitPrice">3.75 € per litre</p>
    </div>
    <div class="contButton">
    <a class="button bgRed white addToCart" href="#">Add</a>
</div>
</div><div class="left product prod8"
        data-name="Birra Nastro Azzurro Bt 62 Cl"
        data-price="1.69"
        data-id="82587"
        data-available="yes"
        data-category="414"
        data-bestselling="">
    <a href="../birra-nastro-azzurro-bt-62-cl">
        <div style="background-image: url('../../cdn.spesati.com/images/products/000432560/peroni-nastro-azzurro-sardegna-birra-12-x-62-cl-01.png')">
            <div class="hover"></div>
            
            <div class="stickers"></div>
        </div>
    </a>
    <div>
        <h4><a href="../birra-nastro-azzurro-bt-62-cl"><b>Birra Nastro Azzurro Bt 62 Cl</b></a></h4>
        <p class="description">Peroni Nastro Azzurro Sardegna Birra 12 x 62 cl</p>
        <p class="right price"><b>1.69 €</b></p>
        <p class="right unitPrice">2.72 € per litre</p>
    </div>
    <div class="contButton">
    <a class="button bgRed white addToCart" href="#">Add</a>
</div>
</div><div class="left product prod9"
        data-name="Birra Ichnus Ambra Limpida 45c"
        data-price="2.15"
        data-id="83663"
        data-available="yes"
        data-category="414"
        data-bestselling="2">
    <a href="../birra-ichnus-ambra-limpida-45c">
        <div style="background-image: url('../../cdn.spesati.com/images/products/000432530/ichnusa-ambra-limpida-45-cl-01.png')">
            <div class="hover"></div>
            <p class="arrow bgRed white">Best Seller</p>
            <div class="stickers"></div>
        </div>
    </a>
    <div>
        <h4><a href="../birra-ichnus-ambra-limpida-45c"><b>Birra Ichnus Ambra Limpida 45c</b></a></h4>
        <p class="description">Ichnusa Ambra Limpida 45 cl</p>
        <p class="right price"><b>2.15 €</b></p>
        <p class="right unitPrice">4.78 € per litre</p>
    </div>
    <div class="contButton">
    <a class="button bgRed white addToCart" href="#">Add</a>
</div>
</div><div class="left product prod10"
        data-name="Birra Tuborg Strong 33cl Bott"
        data-price="1.65"
        data-id="79015"
        data-available="yes"
        data-category="414"
        data-bestselling="">
    <a href="../birra-tuborg-strong-33cl-bott">
        <div style="background-image: url('../../cdn.spesati.com/images/products/000432338/tuborg-doppio-malto-strong-33-cl-01.png')">
            <div class="hover"></div>
            
            <div class="stickers"></div>
        </div>
    </a>
    <div>
        <h4><a href="../birra-tuborg-strong-33cl-bott"><b>Birra Tuborg Strong 33cl Bott</b></a></h4>
        <p class="description">Tuborg Doppio Malto Strong 33 cl</p>
        <p class="right price"><b>1.65 €</b></p>
        <p class="right unitPrice">5.00 € per litre</p>
    </div>
    <div class="contButton">
    <a class="button bgRed white addToCart" href="#">Add</a>
</div>
</div><div class="left product prod11"
        data-name="Birra Poretti 4 Lup N/fil 66cl"
        data-price="1.75"
        data-id="79438"
        data-available="yes"
        data-category="414"
        data-bestselling="">
    <a href="../birra-poretti-4-lup-nfil-66cl">
        <div style="background-image: url('../../cdn.spesati.com/images/products/000432311/birrificio-angelo-poretti-non-filtrata-4-luppoli-66-cl-01.png')">
            <div class="hover"></div>
            
            <div class="stickers"></div>
        </div>
    </a>
    <div>
        <h4><a href="../birra-poretti-4-lup-nfil-66cl"><b>Birra Poretti 4 Lup N/fil 66cl</b></a></h4>
        <p class="description">Birrificio Angelo Poretti Non Filtrata 4 Luppoli 66 cl</p>
        <p class="right price"><b>1.75 €</b></p>
        <p class="right unitPrice">2.65 € per litre</p>
    </div>
    <div class="contButton">
    <a class="button bgRed white addToCart" href="#">Add</a>
</div>
</div><div class="left product prod12"
        data-name="Birra Lagunit Ipa 35.5cl Bott"
        data-price="2.75"
        data-id="69795"
        data-available="yes"
        data-category="414"
        data-bestselling="">
    <a href="../birra-lagunit-ipa-355cl-bott">
        <div style="background-image: url('../../cdn.spesati.com/images/products/000432132/lagunitas-ipa-india-pale-ale-355-ml-01.png')">
            <div class="hover"></div>
            
            <div class="stickers"></div>
        </div>
    </a>
    <div>
        <h4><a href="../birra-lagunit-ipa-355cl-bott"><b>Birra Lagunit Ipa 35.5cl Bott</b></a></h4>
        <p class="description">Lagunitas IPA India Pale Ale 355 ml</p>
        <p class="right price"><b>2.75 €</b></p>
        <p class="right unitPrice">7.64 € per litre</p>
    </div>
    <div class="contButton">
    <a class="button bgRed white addToCart" href="#">Add</a>
</div>
</div><div class="left product prod13"
        data-name="Birra Corona Extra Latt 33cl"
        data-price="1.59"
        data-id="69747"
        data-available="yes"
        data-category="414"
        data-bestselling="">
    <a href="../birra-corona-extra-latt-33cl">
        <div style="background-image: url('../../cdn.spesati.com/images/products/000431959/corona-extra-birra-lager-messicana-lattina-33cl-01.png')">
            <div class="hover"></div>
            
            <div class="stickers"></div>
        </div>
    </a>
    <div>
        <h4><a href="../birra-corona-extra-latt-33cl"><b>Birra Corona Extra Latt 33cl</b></a></h4>
        <p class="description">CORONA EXTRA Birra lager messicana lattina 33cl</p>
        <p class="right price"><b>1.59 €</b></p>
        <p class="right unitPrice">4.82 € per litre</p>
    </div>
    <div class="contButton">
    <a class="button bgRed white addToCart" href="#">Add</a>
</div>
</div><div class="left product prod14"
        data-name="Birra Kozel Premium Lager 50cl"
        data-price="1.85"
        data-id="67176"
        data-available="yes"
        data-category="414"
        data-bestselling="">
    <a href="../birra-kozel-premium-lager-50cl">
        <div style="background-image: url('../../cdn.spesati.com/images/products/000431934/kozel-premium-lager-500-ml-01.png')">
            <div class="hover"></div>
            
            <div class="stickers"></div>
        </div>
    </a>
    <div>
        <h4><a href="../birra-kozel-premium-lager-50cl"><b>Birra Kozel Premium Lager 50cl</b></a></h4>
        <p class="description">Kozel Premium Lager 500 ml</p>
        <p class="right price"><b>1.85 €</b></p>
        <p class="right unitPrice">3.70 € per litre</p>
    </div>
    <div class="contButton">
    <a class="button bgRed white addToCart" href="#">Add</a>
</div>
</div><div class="left product prod15"
        data-name="Birra Kozel Dark 50cl"
        data-price="1.85"
        data-id="67173"
        data-available="yes"
        data-category="414"
        data-bestselling="">
    <a href="../birra-kozel-dark-50cl">
        <div style="background-image: url('../../cdn.spesati.com/images/products/000431933/kozel-lager-dark-500-ml-01.png')">
            <div class="hover"></div>
            
            <div class="stickers"></div>
        </div>
    </a>
    <div>
        <h4><a href="../birra-kozel-dark-50cl"><b>Birra Kozel Dark 50cl</b></a></h4>
        <p class="description">Kozel Lager Dark 500 ml</p>
        <p class="right price"><b>1.85 €</b></p>
        <p class="right unitPrice">3.70 € per litre</p>
    </div>
    <div class="contButton">
    <a class="button bgRed white addToCart" href="#">Add</a>
</div>
</div><div class="left product prod16"
        data-name="Birra Kapuziner Hefe Wei 50 Cl"
        data-price="3.04"
        data-id="7072"
        data-available="yes"
        data-category="414"
        data-bestselling="">
    <a href="../birra-kapuziner-hefe-wei-50-cl">
        <div style="background-image: url('../../cdn.spesati.com/images/products/000210388/kapuziner-weissbier-05-l-01.png')">
            <div class="hover"></div>
            
            <div class="stickers"></div>
        </div>
    </a>
    <div>
        <h4><a href="../birra-kapuziner-hefe-wei-50-cl"><b>Birra Kapuziner Hefe Wei 50 Cl</b></a></h4>
        <p class="description">Kapuziner Weißbier 0,5 l</p>
        <p class="right price"><b>3.04 €</b></p>
        <p class="right unitPrice">6.08 € per litre</p>
    </div>
    <div class="contButton">
    <a class="button bgRed white addToCart" href="#">Add</a>
</div>
</div><div class="left product prod17"
        data-name="Birra Cuore Isola Rossa 50cl"
        data-price="3.05"
        data-id="28896"
        data-available="yes"
        data-category="414"
        data-bestselling="">
    <a href="../birra-cuore-isola-rossa-50cl">
        <div style="background-image: url('../../cdn.spesati.com/images/products/000209456/cuore-dellisola-pedra-ruja-50-cl-01.png')">
            <div class="hover"></div>
            
            <div class="stickers"></div>
        </div>
    </a>
    <div>
        <h4><a href="../birra-cuore-isola-rossa-50cl"><b>Birra Cuore Isola Rossa 50cl</b></a></h4>
        <p class="description">cuore dell'isola pedra ruja 50 CL</p>
        <p class="right price"><b>3.05 €</b></p>
        <p class="right unitPrice">6.10 € per litre</p>
    </div>
    <div class="contButton">
    <a class="button bgRed white addToCart" href="#">Add</a>
</div>
</div><div class="left product prod18"
        data-name="Birra Messina Cristal Sale 50c"
        data-price="1.99"
        data-id="28399"
        data-available="yes"
        data-category="414"
        data-bestselling="">
    <a href="../birra-messina-cristal-sale-50c">
        <div style="background-image: url('../../cdn.spesati.com/images/products/000206132/birra-messina-cristalli-di-sale-50-cl-01.png')">
            <div class="hover"></div>
            
            <div class="stickers"></div>
        </div>
    </a>
    <div>
        <h4><a href="../birra-messina-cristal-sale-50c"><b>Birra Messina Cristal Sale 50c</b></a></h4>
        <p class="description">Birra Messina Cristalli di Sale 50 cl</p>
        <p class="right price"><b>1.99 €</b></p>
        <p class="right unitPrice">3.98 € per litre</p>
    </div>
    <div class="contButton">
    <a class="button bgRed white addToCart" href="#">Add</a>
</div>
</div><div class="left product prod19"
        data-name="Birra Heineken 0,0 3x33cl"
        data-price="3.99"
        data-id="3649"
        data-available="yes"
        data-category="414"
        data-bestselling="2">
    <a href="../birra-heineken-00-3x33cl">
        <div style="background-image: url('../../cdn.spesati.com/images/products/000206123/heineken-00-3-x-33-cl-01.png')">
            <div class="hover"></div>
            <p class="arrow bgRed white">Best Seller</p>
            <div class="stickers"></div>
        </div>
    </a>
    <div>
        <h4><a href="../birra-heineken-00-3x33cl"><b>Birra Heineken 0,0 3x33cl</b></a></h4>
        <p class="description">Heineken 0.0 3 x 33 cl</p>
        <p class="right price"><b>3.99 €</b></p>
        <p class="right unitPrice">4.03 € per litre</p>
    </div>
    <div class="contButton">
    <a class="button bgRed white addToCart" href="#">Add</a>
</div>
</div><div class="left product prod20"
        data-name="Birra Moretti Ipa 3x33cl"
        data-price="3.99"
        data-id="28397"
        data-available="yes"
        data-category="414"
        data-bestselling="">
    <a href="../birra-moretti-ipa-3x33cl">
        <div style="background-image: url('../../cdn.spesati.com/images/products/000206122/birra-moretti-ipa-3-x-33-cl-01.png')">
            <div class="hover"></div>
            
            <div class="stickers"></div>
        </div>
    </a>
    <div>
        <h4><a href="../birra-moretti-ipa-3x33cl"><b>Birra Moretti Ipa 3x33cl</b></a></h4>
        <p class="description">Birra Moretti IPA 3 x 33 cl</p>
        <p class="right price"><b>3.99 €</b></p>
        <p class="right unitPrice">4.03 € per litre</p>
    </div>
    <div class="contButton">
    <a class="button bgRed white addToCart" href="#">Add</a>
</div>
</div><div class="left product prod21"
        data-name="Birra Heineken 50cl Silver Bot"
        data-price="1.75"
        data-id="77128"
        data-available="yes"
        data-category="414"
        data-bestselling="">
    <a href="../birra-heineken-50cl-silver-bot">
        <div style="background-image: url('../../cdn.spesati.com/images/products/000205217/heineken-silver-50-cl-01.png')">
            <div class="hover"></div>
            
            <div class="stickers"></div>
        </div>
    </a>
    <div>
        <h4><a href="../birra-heineken-50cl-silver-bot"><b>Birra Heineken 50cl Silver Bot</b></a></h4>
        <p class="description">Heineken Silver 50 cl</p>
        <p class="right price"><b>1.75 €</b></p>
        <p class="right unitPrice">3.50 € per litre</p>
    </div>
    <div class="contButton">
    <a class="button bgRed white addToCart" href="#">Add</a>
</div>
</div><div class="left product prod22"
        data-name="Birra Ceres Red Erik 33cl"
        data-price="1.99"
        data-id="60816"
        data-available="yes"
        data-category="414"
        data-bestselling="">
    <a href="../birra-ceres-red-erik-33cl">
        <div style="background-image: url('../../cdn.spesati.com/images/products/000205049/ceres-red-erik-65-33-cl-01.png')">
            <div class="hover"></div>
            
            <div class="stickers"></div>
        </div>
    </a>
    <div>
        <h4><a href="../birra-ceres-red-erik-33cl"><b>Birra Ceres Red Erik 33cl</b></a></h4>
        <p class="description">Ceres Red Erik 6,5 33 cl</p>
        <p class="right price"><b>1.99 €</b></p>
        <p class="right unitPrice">6.03 € per litre</p>
    </div>
    <div class="contButton">
    <a class="button bgRed white addToCart" href="#">Add</a>
</div>
</div><div class="left product prod23"
        data-name="Birra Poretti 3 Luppoli Cl 66"
        data-price="1.45"
        data-id="4989"
        data-available="yes"
        data-category="414"
        data-bestselling="">
    <a href="../birra-poretti-3-luppoli-cl-66">
        <div style="background-image: url('../../cdn.spesati.com/images/products/000204158/birrificio-angelo-poretti-birra-3-luppoli-66-cl-01.png')">
            <div class="hover"></div>
            
            <div class="stickers"></div>
        </div>
    </a>
    <div>
        <h4><a href="../birra-poretti-3-luppoli-cl-66"><b>Birra Poretti 3 Luppoli Cl 66</b></a></h4>
        <p class="description">Birrificio Angelo Poretti Birra 3 Luppoli 66 cl</p>
        <p class="right price"><b>1.45 €</b></p>
        <p class="right unitPrice">2.20 € per litre</p>
    </div>
    <div class="contButton">
    <a class="button bgRed white addToCart" href="#">Add</a>
</div>
</div><div class="left product prod24"
        data-name="Birra Blanche Denamur Hopn 33c"
        data-price="2.42"
        data-id="68031"
        data-available="yes"
        data-category="414"
        data-bestselling="">
    <a href="../birra-blanche-denamur-hopn-33c">
        <div style="background-image: url('../../cdn.spesati.com/images/products/000203604/blanche-de-namur-hopn-spice-33-cl-01.png')">
            <div class="hover"></div>
            
            <div class="stickers"></div>
        </div>
    </a>
    <div>
        <h4><a href="../birra-blanche-denamur-hopn-33c"><b>Birra Blanche Denamur Hopn 33c</b></a></h4>
        <p class="description">Blanche de Namur Hop'N Spice 33 cl</p>
        <p class="right price"><b>2.42 €</b></p>
        <p class="right unitPrice">7.34 € per litre</p>
    </div>
    <div class="contButton">
    <a class="button bgRed white addToCart" href="#">Add</a>
</div>
</div><div class="left product prod25"
        data-name="Birra Sierra P Ale 35.5cl Lat"
        data-price="3.02"
        data-id="28204"
        data-available="yes"
        data-category="414"
        data-bestselling="">
    <a href="../birra-sierra-p-ale-355cl-lat">
        <div style="background-image: url('../../cdn.spesati.com/images/products/000203566/sierra-nevada-pale-ale-355-ml-01.png')">
            <div class="hover"></div>
            
            <div class="stickers"></div>
        </div>
    </a>
    <div>
        <h4><a href="../birra-sierra-p-ale-355cl-lat"><b>Birra Sierra P Ale 35.5cl Lat</b></a></h4>
        <p class="description">Sierra Nevada Pale Ale 355 mL</p>
        <p class="right price"><b>3.02 €</b></p>
        <p class="right unitPrice">8.52 € per litre</p>
    </div>
    <div class="contButton">
    <a class="button bgRed white addToCart" href="#">Add</a>
</div>
</div><div class="left product prod26"
        data-name="Birra Paulaner Lattina 50cl"
        data-price="2.38"
        data-id="60921"
        data-available="yes"
        data-category="414"
        data-bestselling="">
    <a href="../birra-paulaner-lattina-50cl">
        <div style="background-image: url('../../cdn.spesati.com/images/products/000203354/paulaner-muenchner-hell-05-l-01.png')">
            <div class="hover"></div>
            
            <div class="stickers"></div>
        </div>
    </a>
    <div>
        <h4><a href="../birra-paulaner-lattina-50cl"><b>Birra Paulaner Lattina 50cl</b></a></h4>
        <p class="description">Paulaner Münchner Hell 0,5 L</p>
        <p class="right price"><b>2.38 €</b></p>
        <p class="right unitPrice">4.75 € per litre</p>
    </div>
    <div class="contButton">
    <a class="button bgRed white addToCart" href="#">Add</a>
</div>
</div><div class="left product prod27"
        data-name="Birra Asahi Superior 50cl"
        data-price="2.61"
        data-id="28181"
        data-available="yes"
        data-category="414"
        data-bestselling="">
    <a href="../birra-asahi-superior-50cl">
        <div style="background-image: url('../../cdn.spesati.com/images/products/000203296/asahi-super-dry-500-ml-01.png')">
            <div class="hover"></div>
            
            <div class="stickers"></div>
        </div>
    </a>
    <div>
        <h4><a href="../birra-asahi-superior-50cl"><b>Birra Asahi Superior 50cl</b></a></h4>
        <p class="description">Asahi Super "Dry" 500 ml</p>
        <p class="right price"><b>2.61 €</b></p>
        <p class="right unitPrice">5.21 € per litre</p>
    </div>
    <div class="contButton">
    <a class="button bgRed white addToCart" href="#">Add</a>
</div>
</div><div class="left product prod28"
        data-name="Birra Leffe Rouge 33cl Bot"
        data-price="2.53"
        data-id="28158"
        data-available="yes"
        data-category="414"
        data-bestselling="">
    <a href="../birra-leffe-rouge-33cl-bot">
        <div style="background-image: url('../../cdn.spesati.com/images/products/000203271/leffe-rouge-birra-rossa-belga-dabbazia-doppio-malto-bottiglia-33cl-01.png')">
            <div class="hover"></div>
            
            <div class="stickers"></div>
        </div>
    </a>
    <div>
        <h4><a href="../birra-leffe-rouge-33cl-bot"><b>Birra Leffe Rouge 33cl Bot</b></a></h4>
        <p class="description">LEFFE ROUGE Birra rossa belga d'abbazia doppio malto bottiglia 33cl</p>
        <p class="right price"><b>2.53 €</b></p>
        <p class="right unitPrice">7.67 € per litre</p>
    </div>
    <div class="contButton">
    <a class="button bgRed white addToCart" href="#">Add</a>
</div>
</div><div class="left product prod29"
        data-name="Birra Leffe Rouge 75cl Bot"
        data-price="4.49"
        data-id="28145"
        data-available="yes"
        data-category="414"
        data-bestselling="">
    <a href="../birra-leffe-rouge-75cl-bot">
        <div style="background-image: url('../../cdn.spesati.com/images/products/000203254/leffe-rouge-birra-rossa-belga-dabbazia-doppio-malto-bottiglia-75cl-01.png')">
            <div class="hover"></div>
            
            <div class="stickers"></div>
        </div>
    </a>
    <div>
        <h4><a href="../birra-leffe-rouge-75cl-bot"><b>Birra Leffe Rouge 75cl Bot</b></a></h4>
        <p class="description">LEFFE ROUGE Birra rossa belga d'abbazia doppio malto bottiglia 75cl</p>
        <p class="right price"><b>4.49 €</b></p>
        <p class="right unitPrice">5.99 € per litre</p>
    </div>
    <div class="contButton">
    <a class="button bgRed white addToCart" href="#">Add</a>
</div>
</div><div class="left product prod30"
        data-name="Birra Nastro Azzurro 25 Cl"
        data-price="0.96"
        data-id="28142"
        data-available="yes"
        data-category="414"
        data-bestselling="">
    <a href="../birra-nastro-azzurro-25-cl">
        <div style="background-image: url('../../cdn.spesati.com/images/products/000203247/peroni-nastro-azzurro-sardegna-25-cl-01.png')">
            <div class="hover"></div>
            
            <div class="stickers"></div>
        </div>
    </a>
    <div>
        <h4><a href="../birra-nastro-azzurro-25-cl"><b>Birra Nastro Azzurro 25 Cl</b></a></h4>
        <p class="description">Peroni Nastro Azzurro Sardegna 25 cl</p>
        <p class="right price"><b>0.96 €</b></p>
        <p class="right unitPrice">3.83 € per litre</p>
    </div>
    <div class="contButton">
    <a class="button bgRed white addToCart" href="#">Add</a>
</div>
</div><div class="left product prod31"
        data-name="Birra Coronita Bottiglia 21cl"
        data-price="1.25"
        data-id="3683"
        data-available="yes"
        data-category="414"
        data-bestselling="3">
    <a href="../birra-coronita-bottiglia-21cl">
        <div style="background-image: url('../../cdn.spesati.com/images/products/000203211/coronita-extra-birra-lager-messicana-bottiglia-21cl-01.png')">
            <div class="hover"></div>
            <p class="arrow bgRed white">Best Seller</p>
            <div class="stickers"></div>
        </div>
    </a>
    <div>
        <h4><a href="../birra-coronita-bottiglia-21cl"><b>Birra Coronita Bottiglia 21cl</b></a></h4>
        <p class="description">CORONITA EXTRA Birra lager messicana bottiglia 21cl</p>
        <p class="right price"><b>1.25 €</b></p>
        <p class="right unitPrice">5.95 € per litre</p>
    </div>
    <div class="contButton">
    <a class="button bgRed white addToCart" href="#">Add</a>
</div>
</div><div class="left product prod32"
        data-name="Birra Ichnusa Non Filtrata 50 cl"
        data-price="1.59"
        data-id="617"
        data-available="yes"
        data-category="414"
        data-bestselling="">
    <a href="../birra-ichnusa-non-filtrata-50-cl">
        <div style="background-image: url('../../cdn.spesati.com/images/products/000203130/ichnusa-non-filtrata-50-cl-01.png')">
            <div class="hover"></div>
            
            <div class="stickers"><img class="left" src="../../cdn.spesati.com/images/layout/sardinian.png" /></div>
        </div>
    </a>
    <div>
        <h4><a href="../birra-ichnusa-non-filtrata-50-cl"><b>Birra Ichnusa Non Filtrata 50 cl</b></a></h4>
        <p class="description">Ichnusa Non Filtrata 50 cl</p>
        <p class="right price"><b>1.59 €</b></p>
        <p class="right unitPrice">3.18 € per litre</p>
    </div>
    <div class="contButton">
    <a class="button bgRed white addToCart" href="#">Add</a>
</div>
</div><div class="left product prod33"
        data-name="Birra Poretti Bock Rossa 6 Luppoli 3X33Cl"
        data-price="3.09"
        data-id="5540"
        data-available="yes"
        data-category="414"
        data-bestselling="">
    <a href="../birra-poretti-bock-rossa-6-luppoli-3x33cl">
        <div style="background-image: url('../../cdn.spesati.com/images/products/000203116/birrificio-angelo-poretti-birra-6-luppoli-bock-rossa-3x-33-cl-01.png')">
            <div class="hover"></div>
            
            <div class="stickers"></div>
        </div>
    </a>
    <div>
        <h4><a href="../birra-poretti-bock-rossa-6-luppoli-3x33cl"><b>Birra Poretti Bock Rossa 6 Luppoli 3X33Cl</b></a></h4>
        <p class="description">Birrificio Angelo Poretti Birra 6 Luppoli Bock Rossa 3x 33 cl</p>
        <p class="right price"><b>3.09 €</b></p>
        <p class="right unitPrice">3.10 € per litre</p>
    </div>
    <div class="contButton">
    <a class="button bgRed white addToCart" href="#">Add</a>
</div>
</div><div class="left product prod34"
        data-name="Birra Poretti 5 Luppoli 3x33cl"
        data-price="3.29"
        data-id="28109"
        data-available="yes"
        data-category="414"
        data-bestselling="">
    <a href="../birra-poretti-5-luppoli-3x33cl">
        <div style="background-image: url('../../cdn.spesati.com/images/products/000203115/birrificio-angelo-poretti-birra-5-luppoli-bock-chiara-3x-33-cl-01.png')">
            <div class="hover"></div>
            
            <div class="stickers"></div>
        </div>
    </a>
    <div>
        <h4><a href="../birra-poretti-5-luppoli-3x33cl"><b>Birra Poretti 5 Luppoli 3x33cl</b></a></h4>
        <p class="description">Birrificio Angelo Poretti Birra 5 Luppoli Bock Chiara 3x 33 cl</p>
        <p class="right price"><b>3.29 €</b></p>
        <p class="right unitPrice">3.32 € per litre</p>
    </div>
    <div class="contButton">
    <a class="button bgRed white addToCart" href="#">Add</a>
</div>
</div><div class="left product prod35"
        data-name="Birra Heineken Torp Fard 2lt"
        data-price="11.30"
        data-id="28106"
        data-available="yes"
        data-category="414"
        data-bestselling="">
    <a href="../birra-heineken-torp-fard-2lt">
        <div style="background-image: url('../../cdn.spesati.com/images/products/000203108/heineken-the-torp-2-l-01.png')">
            <div class="hover"></div>
            
            <div class="stickers"></div>
        </div>
    </a>
    <div>
        <h4><a href="../birra-heineken-torp-fard-2lt"><b>Birra Heineken Torp Fard 2lt</b></a></h4>
        <p class="description">Heineken The torp 2 l</p>
        <p class="right price"><b>11.30 €</b></p>
        <p class="right unitPrice">5.65 € per litre</p>
    </div>
    <div class="contButton">
    <a class="button bgRed white addToCart" href="#">Add</a>
</div>
</div><div class="left product prod36"
        data-name="Birra Desperados 33Cl"
        data-price="1.59"
        data-id="5689"
        data-available="yes"
        data-category="414"
        data-bestselling="">
    <a href="../birra-desperados-33cl">
        <div style="background-image: url('../../cdn.spesati.com/images/products/000203106/desperados-original-33-cl-01.png')">
            <div class="hover"></div>
            
            <div class="stickers"></div>
        </div>
    </a>
    <div>
        <h4><a href="../birra-desperados-33cl"><b>Birra Desperados 33Cl</b></a></h4>
        <p class="description">Desperados Original 33 cl</p>
        <p class="right price"><b>1.59 €</b></p>
        <p class="right unitPrice">4.82 € per litre</p>
    </div>
    <div class="contButton">
    <a class="button bgRed white addToCart" href="#">Add</a>
</div>
</div><div class="left product prod37"
        data-name="Birra M. Birrai 68 D.malto 75c"
        data-price="7.47"
        data-id="28100"
        data-available="yes"
        data-category="414"
        data-bestselling="">
    <a href="../birra-m-birrai-68-dmalto-75c">
        <div style="background-image: url('../../cdn.spesati.com/images/products/000203092/mastri-birrai-umbri-cotta-68-birra-doppio-malto-bionda-non-filtrata-rifermentata-in-bottiglia-075-l-01.png')">
            <div class="hover"></div>
            
            <div class="stickers"></div>
        </div>
    </a>
    <div>
        <h4><a href="../birra-m-birrai-68-dmalto-75c"><b>Birra M. Birrai 68 D.malto 75c</b></a></h4>
        <p class="description">Mastri Birrai Umbri Cotta 68 Birra Doppio Malto Bionda Non Filtrata Rifermentata in Bottiglia 0,75 L</p>
        <p class="right price"><b>7.47 €</b></p>
        <p class="right unitPrice">9.97 € per litre</p>
    </div>
    <div class="contButton">
    <a class="button bgRed white addToCart" href="#">Add</a>
</div>
</div><div class="left product prod38"
        data-name="Birra Mastri Birrai Rossa 37 75Cl."
        data-price="6.25"
        data-id="7070"
        data-available="yes"
        data-category="414"
        data-bestselling="">
    <a href="../birra-mastri-birrai-rossa-37-75cl">
        <div style="background-image: url('../../cdn.spesati.com/images/products/000203091/mastri-birrai-umbri-cotta-37-birra-speciale-rossa-non-filtrata-rifermentata-in-bottiglia-075-l-01.png')">
            <div class="hover"></div>
            
            <div class="stickers"></div>
        </div>
    </a>
    <div>
        <h4><a href="../birra-mastri-birrai-rossa-37-75cl"><b>Birra Mastri Birrai Rossa 37 75Cl.</b></a></h4>
        <p class="description">Mastri Birrai Umbri Cotta 37 Birra Speciale Rossa Non Filtrata Rifermentata in Bottiglia 0,75 L</p>
        <p class="right price"><b>6.25 €</b></p>
        <p class="right unitPrice">8.33 € per litre</p>
    </div>
    <div class="contButton">
    <a class="button bgRed white addToCart" href="#">Add</a>
</div>
</div><div class="left product prod39"
        data-name="Birra Mastri Birrai Bionda 21 75Cl"
        data-price="6.29"
        data-id="7073"
        data-available="yes"
        data-category="414"
        data-bestselling="">
    <a href="../birra-mastri-birrai-bionda-21-75cl">
        <div style="background-image: url('../../cdn.spesati.com/images/products/000203090/mastri-birrai-umbri-cotta-21-birra-speciale-bionda-artigianale-rifermentata-in-bottiglia-075-l-01.png')">
            <div class="hover"></div>
            
            <div class="stickers"></div>
        </div>
    </a>
    <div>
        <h4><a href="../birra-mastri-birrai-bionda-21-75cl"><b>Birra Mastri Birrai Bionda 21 75Cl</b></a></h4>
        <p class="description">Mastri Birrai Umbri Cotta 21 Birra Speciale Bionda Artigianale Rifermentata in Bottiglia 0,75 L</p>
        <p class="right price"><b>6.29 €</b></p>
        <p class="right unitPrice">8.38 € per litre</p>
    </div>
    <div class="contButton">
    <a class="button bgRed white addToCart" href="#">Add</a>
</div>
</div><div class="left product prod40"
        data-name="Birra Mastri Birrai Bianca 50 75Cl"
        data-price="6.90"
        data-id="7071"
        data-available="yes"
        data-category="414"
        data-bestselling="">
    <a href="../birra-mastri-birrai-bianca-50-75cl">
        <div style="background-image: url('../../cdn.spesati.com/images/products/000203089/mastri-birrai-umbri-birra-speciale-bianca-artigianale-cotta-50-075-l-01.png')">
            <div class="hover"></div>
            
            <div class="stickers"></div>
        </div>
    </a>
    <div>
        <h4><a href="../birra-mastri-birrai-bianca-50-75cl"><b>Birra Mastri Birrai Bianca 50 75Cl</b></a></h4>
        <p class="description">Mastri Birrai Umbri Birra Speciale Bianca Artigianale Cotta 50 0,75 L</p>
        <p class="right price"><b>6.90 €</b></p>
        <p class="right unitPrice">9.20 € per litre</p>
    </div>
    <div class="contButton">
    <a class="button bgRed white addToCart" href="#">Add</a>
</div>
</div><div class="left product prod41"
        data-name="Birra sierra nevada 35.5cl"
        data-price="3.43"
        data-id="5269"
        data-available="yes"
        data-category="414"
        data-bestselling="">
    <a href="../birra-sierra-nevada-355cl">
        <div style="background-image: url('../../cdn.spesati.com/images/products/000203087/sierra-nevada-pale-ale-355-ml-01.png')">
            <div class="hover"></div>
            
            <div class="stickers"></div>
        </div>
    </a>
    <div>
        <h4><a href="../birra-sierra-nevada-355cl"><b>Birra sierra nevada 35.5cl</b></a></h4>
        <p class="description">Sierra Nevada Pale Ale 355 ml</p>
        <p class="right price"><b>3.43 €</b></p>
        <p class="right unitPrice">9.66 € per litre</p>
    </div>
    <div class="contButton">
    <a class="button bgRed white addToCart" href="#">Add</a>
</div>
</div><div class="left product prod42"
        data-name="Birra orval 33cl"
        data-price="2.89"
        data-id="5085"
        data-available="yes"
        data-category="414"
        data-bestselling="">
    <a href="../birra-orval-33cl">
        <div style="background-image: url('../../cdn.spesati.com/images/products/000203078/orval-033-l-01.png')">
            <div class="hover"></div>
            
            <div class="stickers"></div>
        </div>
    </a>
    <div>
        <h4><a href="../birra-orval-33cl"><b>Birra orval 33cl</b></a></h4>
        <p class="description">Orval 0,33 L.</p>
        <p class="right price"><b>2.89 €</b></p>
        <p class="right unitPrice">8.77 € per litre</p>
    </div>
    <div class="contButton">
    <a class="button bgRed white addToCart" href="#">Add</a>
</div>
</div><div class="left product prod43"
        data-name="Birra La Chouffe 33cl"
        data-price="3.29"
        data-id="28093"
        data-available="yes"
        data-category="414"
        data-bestselling="2">
    <a href="../birra-la-chouffe-33cl">
        <div style="background-image: url('../../cdn.spesati.com/images/products/000203077/la-chouffe-blonde-330-ml-01.png')">
            <div class="hover"></div>
            <p class="arrow bgRed white">Best Seller</p>
            <div class="stickers"></div>
        </div>
    </a>
    <div>
        <h4><a href="../birra-la-chouffe-33cl"><b>Birra La Chouffe 33cl</b></a></h4>
        <p class="description">La Chouffe Blonde 330 ml</p>
        <p class="right price"><b>3.29 €</b></p>
        <p class="right unitPrice">9.97 € per litre</p>
    </div>
    <div class="contButton">
    <a class="button bgRed white addToCart" href="#">Add</a>
</div>
</div><div class="left product prod44"
        data-name="Birra Blanche De Namur 33 cl"
        data-price="2.45"
        data-id="22972"
        data-available="yes"
        data-category="414"
        data-bestselling="">
    <a href="../birra-blanche-de-namur-33-cl">
        <div style="background-image: url('../../cdn.spesati.com/images/products/000203073/blanche-de-namur-33-cl-01.png')">
            <div class="hover"></div>
            
            <div class="stickers"></div>
        </div>
    </a>
    <div>
        <h4><a href="../birra-blanche-de-namur-33-cl"><b>Birra Blanche De Namur 33 cl</b></a></h4>
        <p class="description">Blanche de Namur 33 cl</p>
        <p class="right price"><b>2.45 €</b></p>
        <p class="right unitPrice">7.42 € per litre</p>
    </div>
    <div class="contButton">
    <a class="button bgRed white addToCart" href="#">Add</a>
</div>
</div><div class="left product prod45"
        data-name="Birra Konig Dunkel 50 Cl"
        data-price="2.13"
        data-id="28090"
        data-available="yes"
        data-category="414"
        data-bestselling="">
    <a href="../birra-konig-dunkel-50-cl">
        <div style="background-image: url('../../cdn.spesati.com/images/products/000203058/koenig-ludwig-dunkel-05-l-01.png')">
            <div class="hover"></div>
            
            <div class="stickers"></div>
        </div>
    </a>
    <div>
        <h4><a href="../birra-konig-dunkel-50-cl"><b>Birra Konig Dunkel 50 Cl</b></a></h4>
        <p class="description">König Ludwig Dunkel 0,5 L</p>
        <p class="right price"><b>2.13 €</b></p>
        <p class="right unitPrice">4.26 € per litre</p>
    </div>
    <div class="contButton">
    <a class="button bgRed white addToCart" href="#">Add</a>
</div>
</div><div class="left product prod46"
        data-name="Birra Leffe Triple 33cl"
        data-price="2.35"
        data-id="28089"
        data-available="yes"
        data-category="414"
        data-bestselling="">
    <a href="../birra-leffe-triple-33cl">
        <div style="background-image: url('../../cdn.spesati.com/images/products/000203054/leffe-triple-birra-dorata-belga-dabbazia-doppio-malto-non-filtrata-bottiglia-33cl-01.png')">
            <div class="hover"></div>
            
            <div class="stickers"></div>
        </div>
    </a>
    <div>
        <h4><a href="../birra-leffe-triple-33cl"><b>Birra Leffe Triple 33cl</b></a></h4>
        <p class="description">LEFFE TRIPLE Birra dorata belga d'abbazia doppio malto non filtrata bottiglia 33cl</p>
        <p class="right price"><b>2.35 €</b></p>
        <p class="right unitPrice">7.12 € per litre</p>
    </div>
    <div class="contButton">
    <a class="button bgRed white addToCart" href="#">Add</a>
</div>
</div><div class="left product prod47"
        data-name="Birra Heineken Lattina"
        data-price="1.45"
        data-id="609"
        data-available="yes"
        data-category="414"
        data-bestselling="4">
    <a href="../birra-heineken-lattina">
        <div style="background-image: url('../../cdn.spesati.com/images/products/000203043/heineken-original-33-cl-01.png')">
            <div class="hover"></div>
            <p class="arrow bgRed white">Best Seller</p>
            <div class="stickers"></div>
        </div>
    </a>
    <div>
        <h4><a href="../birra-heineken-lattina"><b>Birra Heineken Lattina</b></a></h4>
        <p class="description">Heineken Original 33 cl</p>
        <p class="right price"><b>1.45 €</b></p>
        <p class="right unitPrice">4.39 € per litre</p>
    </div>
    <div class="contButton">
    <a class="button bgRed white addToCart" href="#">Add</a>
</div>
</div><div class="left product prod48"
        data-name="Birra Poretti Original"
        data-price="2.95"
        data-id="631"
        data-available="yes"
        data-category="414"
        data-bestselling="4">
    <a href="../birra-poretti-original">
        <div style="background-image: url('../../cdn.spesati.com/images/products/000203011/birrificio-angelo-poretti-le-originali-4-con-4-luppolo-italiano-33clx3-01.png')">
            <div class="hover"></div>
            <p class="arrow bgRed white">Best Seller</p>
            <div class="stickers"></div>
        </div>
    </a>
    <div>
        <h4><a href="../birra-poretti-original"><b>Birra Poretti Original</b></a></h4>
        <p class="description">Birrificio Angelo Poretti Le Originali 4 con 4° Luppolo Italiano 33clx3</p>
        <p class="right price"><b>2.95 €</b></p>
        <p class="right unitPrice">2.98 € per litre</p>
    </div>
    <div class="contButton">
    <a class="button bgRed white addToCart" href="#">Add</a>
</div>
</div><div class="left product prod49"
        data-name="Birra Konig Ludw Weis Hell 50"
        data-price="1.93"
        data-id="28074"
        data-available="yes"
        data-category="414"
        data-bestselling="">
    <a href="../birra-konig-ludw-weis-hell-50">
        <div style="background-image: url('../../cdn.spesati.com/images/products/000203004/koenig-ludwig-weissbier-hell-050-l-01.png')">
            <div class="hover"></div>
            
            <div class="stickers"></div>
        </div>
    </a>
    <div>
        <h4><a href="../birra-konig-ludw-weis-hell-50"><b>Birra Konig Ludw Weis Hell 50</b></a></h4>
        <p class="description">König Ludwig Weissbier hell 0,50 L</p>
        <p class="right price"><b>1.93 €</b></p>
        <p class="right unitPrice">3.87 € per litre</p>
    </div>
    <div class="contButton">
    <a class="button bgRed white addToCart" href="#">Add</a>
</div>
</div><div class="left product prod50"
        data-name="Birra Poretti 4 Luppoli"
        data-price="1.59"
        data-id="630"
        data-available="yes"
        data-category="414"
        data-bestselling="5">
    <a href="../birra-poretti-4-luppoli">
        <div style="background-image: url('../../cdn.spesati.com/images/products/000202992/birrificio-angelo-poretti-le-originali-4-con-4-luppolo-italiano-66-cl-01.png')">
            <div class="hover"></div>
            <p class="arrow bgRed white">Best Seller</p>
            <div class="stickers"></div>
        </div>
    </a>
    <div>
        <h4><a href="../birra-poretti-4-luppoli"><b>Birra Poretti 4 Luppoli</b></a></h4>
        <p class="description">Birrificio Angelo Poretti Le Originali 4 con 4° Luppolo Italiano 66 cl</p>
        <p class="right price"><b>1.59 €</b></p>
        <p class="right unitPrice">2.40 € per litre</p>
    </div>
    <div class="contButton">
    <a class="button bgRed white addToCart" href="#">Add</a>
</div>
</div><div class="left product prod51"
        data-name="Birra Tuborg Green 4X33Cl"
        data-price="3.99"
        data-id="4990"
        data-available="yes"
        data-category="414"
        data-bestselling="">
    <a href="../birra-tuborg-green-4x33cl">
        <div style="background-image: url('../../cdn.spesati.com/images/products/000202980/tuborg-fresca-come-alla-spina-4-x-33-cl-01.png')">
            <div class="hover"></div>
            
            <div class="stickers"></div>
        </div>
    </a>
    <div>
        <h4><a href="../birra-tuborg-green-4x33cl"><b>Birra Tuborg Green 4X33Cl</b></a></h4>
        <p class="description">Tuborg Fresca Come alla Spina 4 x 33 cl</p>
        <p class="right price"><b>3.99 €</b></p>
        <p class="right unitPrice">3.03 € per litre</p>
    </div>
    <div class="contButton">
    <a class="button bgRed white addToCart" href="#">Add</a>
</div>
</div><div class="left product prod52"
        data-name="Birra Leffe Blonde 75cl Bott"
        data-price="4.99"
        data-id="68673"
        data-available="yes"
        data-category="414"
        data-bestselling="2">
    <a href="../birra-leffe-blonde-75cl-bott">
        <div style="background-image: url('../../cdn.spesati.com/images/products/000202893/leffe-blonde-birra-bionda-belga-dabbazia-doppio-malto-bottiglia-75cl-01.png')">
            <div class="hover"></div>
            <p class="arrow bgRed white">Best Seller</p>
            <div class="stickers"></div>
        </div>
    </a>
    <div>
        <h4><a href="../birra-leffe-blonde-75cl-bott"><b>Birra Leffe Blonde 75cl Bott</b></a></h4>
        <p class="description">LEFFE BLONDE Birra bionda belga d'abbazia doppio malto bottiglia 75cl</p>
        <p class="right price"><b>4.99 €</b></p>
        <p class="right unitPrice">6.65 € per litre</p>
    </div>
    <div class="contButton">
    <a class="button bgRed white addToCart" href="#">Add</a>
</div>
</div><div class="left product prod53"
        data-name="Birra Beck's Blue Analc 33 Cl"
        data-price="1.46"
        data-id="28040"
        data-available="yes"
        data-category="414"
        data-bestselling="1">
    <a href="../birra-becks-blue-analc-33-cl">
        <div style="background-image: url('../../cdn.spesati.com/images/products/000202887/becks-blue-birra-pilsner-tedesca-analcolica-bottiglia-33cl-01.png')">
            <div class="hover"></div>
            <p class="arrow bgRed white">Best Seller</p>
            <div class="stickers"></div>
        </div>
    </a>
    <div>
        <h4><a href="../birra-becks-blue-analc-33-cl"><b>Birra Beck's Blue Analc 33 Cl</b></a></h4>
        <p class="description">BECK'S BLUE Birra pilsner tedesca analcolica bottiglia 33cl</p>
        <p class="right price"><b>1.46 €</b></p>
        <p class="right unitPrice">4.42 € per litre</p>
    </div>
    <div class="contButton">
    <a class="button bgRed white addToCart" href="#">Add</a>
</div>
</div><div class="left product prod54"
        data-name="Birra Heineken 15 cl"
        data-price="5.99"
        data-id="3875"
        data-available="yes"
        data-category="414"
        data-bestselling="">
    <a href="../birra-heineken-15-cl">
        <div style="background-image: url('../../cdn.spesati.com/images/products/000202879/heineken-mini-8-x-15-cl-01.png')">
            <div class="hover"></div>
            
            <div class="stickers"></div>
        </div>
    </a>
    <div>
        <h4><a href="../birra-heineken-15-cl"><b>Birra Heineken 15 cl</b></a></h4>
        <p class="description">Heineken Mini 8 x 15 CL</p>
        <p class="right price"><b>5.99 €</b></p>
        <p class="right unitPrice">4.99 € per litre</p>
    </div>
    <div class="contButton">
    <a class="button bgRed white addToCart" href="#">Add</a>
</div>
</div><div class="left product prod55"
        data-name="Birra Peroni Doppio Malto 50cl"
        data-price="1.99"
        data-id="28038"
        data-available="yes"
        data-category="414"
        data-bestselling="">
    <a href="../birra-peroni-doppio-malto-50cl">
        <div style="background-image: url('../../cdn.spesati.com/images/products/000202876/peroni-gran-riserva-doppio-malto-bock-50-cl-01.png')">
            <div class="hover"></div>
            
            <div class="stickers"></div>
        </div>
    </a>
    <div>
        <h4><a href="../birra-peroni-doppio-malto-50cl"><b>Birra Peroni Doppio Malto 50cl</b></a></h4>
        <p class="description">Peroni Gran Riserva Doppio Malto Bock 50 cl</p>
        <p class="right price"><b>1.99 €</b></p>
        <p class="right unitPrice">3.98 € per litre</p>
    </div>
    <div class="contButton">
    <a class="button bgRed white addToCart" href="#">Add</a>
</div>
</div><div class="left product prod56"
        data-name="Birra Peroni Lattina 33Cl"
        data-price="1.75"
        data-id="6154"
        data-available="yes"
        data-category="414"
        data-bestselling="">
    <a href="../birra-peroni-lattina-33cl">
        <div style="background-image: url('../../cdn.spesati.com/images/products/000202871/peroni-birra-lattina-33-cl-x-2-01.png')">
            <div class="hover"></div>
            
            <div class="stickers"></div>
        </div>
    </a>
    <div>
        <h4><a href="../birra-peroni-lattina-33cl"><b>Birra Peroni Lattina 33Cl</b></a></h4>
        <p class="description">Peroni Birra lattina 33 cl x 2</p>
        <p class="right price"><b>1.75 €</b></p>
        <p class="right unitPrice">5.31 € per litre</p>
    </div>
    <div class="contButton">
    <a class="button bgRed white addToCart" href="#">Add</a>
</div>
</div><div class="left product prod57"
        data-name="Birra Paulaner Hefeweiz Bt50cl"
        data-price="1.69"
        data-id="28037"
        data-available="yes"
        data-category="414"
        data-bestselling="">
    <a href="../birra-paulaner-hefeweiz-bt50cl">
        <div style="background-image: url('../../cdn.spesati.com/images/products/000202868/paulaner-weissbier-05-l-01.png')">
            <div class="hover"></div>
            
            <div class="stickers"></div>
        </div>
    </a>
    <div>
        <h4><a href="../birra-paulaner-hefeweiz-bt50cl"><b>Birra Paulaner Hefeweiz Bt50cl</b></a></h4>
        <p class="description">Paulaner Weissbier 0,5 l</p>
        <p class="right price"><b>1.69 €</b></p>
        <p class="right unitPrice">3.38 € per litre</p>
    </div>
    <div class="contButton">
    <a class="button bgRed white addToCart" href="#">Add</a>
</div>
</div><div class="left product prod58"
        data-name="Birra Peroni Senza Glutine"
        data-price="4.85"
        data-id="629"
        data-available="yes"
        data-category="414"
        data-bestselling="">
    <a href="../birra-peroni-senza-glutine">
        <div style="background-image: url('../../cdn.spesati.com/images/products/000202867/peroni-senza-glutine-3-x-33-cl-01.png')">
            <div class="hover"></div>
            
            <div class="stickers"><img class="left" src="../../cdn.spesati.com/images/layout/gluten-free.png" /></div>
        </div>
    </a>
    <div>
        <h4><a href="../birra-peroni-senza-glutine"><b>Birra Peroni Senza Glutine</b></a></h4>
        <p class="description">Peroni Senza Glutine 3 x 33 cl</p>
        <p class="right price"><b>4.85 €</b></p>
        <p class="right unitPrice">4.90 € per litre</p>
    </div>
    <div class="contButton">
    <a class="button bgRed white addToCart" href="#">Add</a>
</div>
</div><div class="left product prod59"
        data-name="Birra Tourtel Bottiglia"
        data-price="2.99"
        data-id="3871"
        data-available="yes"
        data-category="414"
        data-bestselling="">
    <a href="../birra-tourtel-bottiglia">
        <div style="background-image: url('../../cdn.spesati.com/images/products/000202806/tourtel-birra-analcolica-3-x-33-cl-01.png')">
            <div class="hover"></div>
            
            <div class="stickers"></div>
        </div>
    </a>
    <div>
        <h4><a href="../birra-tourtel-bottiglia"><b>Birra Tourtel Bottiglia</b></a></h4>
        <p class="description">Tourtel Birra Analcolica 3 x 33 cl</p>
        <p class="right price"><b>2.99 €</b></p>
        <p class="right unitPrice">3.03 € per litre</p>
    </div>
    <div class="contButton">
    <a class="button bgRed white addToCart" href="#">Add</a>
</div>
</div><div class="left product prod60"
        data-name="Birra Peroni Chill Lemon 3x33c"
        data-price="2.95"
        data-id="27986"
        data-available="yes"
        data-category="414"
        data-bestselling="">
    <a href="../birra-peroni-chill-lemon-3x33c">
        <div style="background-image: url('../../cdn.spesati.com/images/products/000202627/peroni-chill-lemon-3-x-33-cl-01.png')">
            <div class="hover"></div>
            
            <div class="stickers"></div>
        </div>
    </a>
    <div>
        <h4><a href="../birra-peroni-chill-lemon-3x33c"><b>Birra Peroni Chill Lemon 3x33c</b></a></h4>
        <p class="description">Peroni Chill Lemon 3 x 33 cl</p>
        <p class="right price"><b>2.95 €</b></p>
        <p class="right unitPrice">2.98 € per litre</p>
    </div>
    <div class="contButton">
    <a class="button bgRed white addToCart" href="#">Add</a>
</div>
</div><div class="left product prod61"
        data-name="Birra Tuborg 66 cl"
        data-price="1.59"
        data-id="636"
        data-available="yes"
        data-category="414"
        data-bestselling="5">
    <a href="../birra-tuborg-66-cl">
        <div style="background-image: url('../../cdn.spesati.com/images/products/000202604/tuborg-birra-fresca-comeallaspina-66-cl-01.png')">
            <div class="hover"></div>
            <p class="arrow bgRed white">Best Seller</p>
            <div class="stickers"></div>
        </div>
    </a>
    <div>
        <h4><a href="../birra-tuborg-66-cl"><b>Birra Tuborg 66 cl</b></a></h4>
        <p class="description">Tuborg Birra Fresca ComeAllaSpina 66 cl</p>
        <p class="right price"><b>1.59 €</b></p>
        <p class="right unitPrice">2.40 € per litre</p>
    </div>
    <div class="contButton">
    <a class="button bgRed white addToCart" href="#">Add</a>
</div>
</div><div class="left product prod62"
        data-name="Birra Warsteiner Bottiglia 66Cl"
        data-price="1.65"
        data-id="4383"
        data-available="yes"
        data-category="414"
        data-bestselling="">
    <a href="../birra-warsteiner-bottiglia-66cl">
        <div style="background-image: url('../../cdn.spesati.com/images/products/000202597/warsteiner-premium-beer-066-l-01.png')">
            <div class="hover"></div>
            
            <div class="stickers"></div>
        </div>
    </a>
    <div>
        <h4><a href="../birra-warsteiner-bottiglia-66cl"><b>Birra Warsteiner Bottiglia 66Cl</b></a></h4>
        <p class="description">Warsteiner Premium Beer 0,66 l</p>
        <p class="right price"><b>1.65 €</b></p>
        <p class="right unitPrice">2.50 € per litre</p>
    </div>
    <div class="contButton">
    <a class="button bgRed white addToCart" href="#">Add</a>
</div>
</div><div class="left product prod63"
        data-name="Birra Warsteiner 50cl Lattina"
        data-price="1.67"
        data-id="27984"
        data-available="yes"
        data-category="414"
        data-bestselling="">
    <a href="../birra-warsteiner-50cl-lattina">
        <div style="background-image: url('../../cdn.spesati.com/images/products/000202592/warsteiner-premium-beer-05-l-01.png')">
            <div class="hover"></div>
            
            <div class="stickers"></div>
        </div>
    </a>
    <div>
        <h4><a href="../birra-warsteiner-50cl-lattina"><b>Birra Warsteiner 50cl Lattina</b></a></h4>
        <p class="description">Warsteiner Premium Beer 0,5 l</p>
        <p class="right price"><b>1.67 €</b></p>
        <p class="right unitPrice">3.33 € per litre</p>
    </div>
    <div class="contButton">
    <a class="button bgRed white addToCart" href="#">Add</a>
</div>
</div><div class="left product prod64"
        data-name="Birra Warsteiner Lattina 33Cl"
        data-price="1.25"
        data-id="4384"
        data-available="yes"
        data-category="414"
        data-bestselling="">
    <a href="../birra-warsteiner-lattina-33cl">
        <div style="background-image: url('../../cdn.spesati.com/images/products/000202587/warsteiner-premium-beer-033-l-01.png')">
            <div class="hover"></div>
            
            <div class="stickers"></div>
        </div>
    </a>
    <div>
        <h4><a href="../birra-warsteiner-lattina-33cl"><b>Birra Warsteiner Lattina 33Cl</b></a></h4>
        <p class="description">Warsteiner Premium Beer 0,33 l</p>
        <p class="right price"><b>1.25 €</b></p>
        <p class="right unitPrice">3.78 € per litre</p>
    </div>
    <div class="contButton">
    <a class="button bgRed white addToCart" href="#">Add</a>
</div>
</div><div class="left product prod65"
        data-name="Birra Warsteiner Fusto 5l"
        data-price="15.50"
        data-id="27983"
        data-available="yes"
        data-category="414"
        data-bestselling="1">
    <a href="../birra-warsteiner-fusto-5l">
        <div style="background-image: url('../../cdn.spesati.com/images/products/000202584/warsteiner-premium-beer-500-cl-01.png')">
            <div class="hover"></div>
            <p class="arrow bgRed white">Best Seller</p>
            <div class="stickers"></div>
        </div>
    </a>
    <div>
        <h4><a href="../birra-warsteiner-fusto-5l"><b>Birra Warsteiner Fusto 5l</b></a></h4>
        <p class="description">Warsteiner Premium Beer 500 cl</p>
        <p class="right price"><b>15.50 €</b></p>
        <p class="right unitPrice">3.10 € per litre</p>
    </div>
    <div class="contButton">
    <a class="button bgRed white addToCart" href="#">Add</a>
</div>
</div><div class="left product prod66"
        data-name="Birra Warsteiner Bottiglia"
        data-price="3.79"
        data-id="638"
        data-available="yes"
        data-category="414"
        data-bestselling="">
    <a href="../birra-warsteiner-bottiglia">
        <div style="background-image: url('../../cdn.spesati.com/images/products/000202583/warsteiner-premium-beer-3-x-033-l-01.png')">
            <div class="hover"></div>
            
            <div class="stickers"></div>
        </div>
    </a>
    <div>
        <h4><a href="../birra-warsteiner-bottiglia"><b>Birra Warsteiner Bottiglia</b></a></h4>
        <p class="description">Warsteiner Premium Beer 3 x 0,33 l</p>
        <p class="right price"><b>3.79 €</b></p>
        <p class="right unitPrice">3.83 € per litre</p>
    </div>
    <div class="contButton">
    <a class="button bgRed white addToCart" href="#">Add</a>
</div>
</div><div class="left product prod67"
        data-name="Birra Warsteiner 50cl Bott"
        data-price="2.00"
        data-id="27982"
        data-available="yes"
        data-category="414"
        data-bestselling="">
    <a href="../birra-warsteiner-50cl-bott">
        <div style="background-image: url('../../cdn.spesati.com/images/products/000202582/warsteiner-premium-beer-05-l-01.png')">
            <div class="hover"></div>
            
            <div class="stickers"></div>
        </div>
    </a>
    <div>
        <h4><a href="../birra-warsteiner-50cl-bott"><b>Birra Warsteiner 50cl Bott</b></a></h4>
        <p class="description">Warsteiner Premium Beer 0,5 l</p>
        <p class="right price"><b>2.00 €</b></p>
        <p class="right unitPrice">4.00 € per litre</p>
    </div>
    <div class="contButton">
    <a class="button bgRed white addToCart" href="#">Add</a>
</div>
</div><div class="left product prod68"
        data-name="Birra Warsteiner Bottiglia 33 Cl"
        data-price="1.71"
        data-id="5691"
        data-available="yes"
        data-category="414"
        data-bestselling="">
    <a href="../birra-warsteiner-bottiglia-33-cl">
        <div style="background-image: url('../../cdn.spesati.com/images/products/000202579/warsteiner-premium-beer-033-l-01.png')">
            <div class="hover"></div>
            
            <div class="stickers"></div>
        </div>
    </a>
    <div>
        <h4><a href="../birra-warsteiner-bottiglia-33-cl"><b>Birra Warsteiner Bottiglia 33 Cl</b></a></h4>
        <p class="description">Warsteiner Premium Beer 0,33 l</p>
        <p class="right price"><b>1.71 €</b></p>
        <p class="right unitPrice">5.17 € per litre</p>
    </div>
    <div class="contButton">
    <a class="button bgRed white addToCart" href="#">Add</a>
</div>
</div><div class="left product prod69"
        data-name="Birra Fischer T.mecc 66cl"
        data-price="3.25"
        data-id="27981"
        data-available="yes"
        data-category="414"
        data-bestselling="">
    <a href="../birra-fischer-tmecc-66cl">
        <div style="background-image: url('../../cdn.spesati.com/images/products/000202576/fischer-tradition-65-cl-01.png')">
            <div class="hover"></div>
            
            <div class="stickers"></div>
        </div>
    </a>
    <div>
        <h4><a href="../birra-fischer-tmecc-66cl"><b>Birra Fischer T.mecc 66cl</b></a></h4>
        <p class="description">Fischer Tradition 65 CL</p>
        <p class="right price"><b>3.25 €</b></p>
        <p class="right unitPrice">4.93 € per litre</p>
    </div>
    <div class="contButton">
    <a class="button bgRed white addToCart" href="#">Add</a>
</div>
</div><div class="left product prod70"
        data-name="Birra Lowenbrau 33Cl"
        data-price="1.47"
        data-id="5444"
        data-available="yes"
        data-category="414"
        data-bestselling="">
    <a href="../birra-lowenbrau-33cl">
        <div style="background-image: url('../../cdn.spesati.com/images/products/000202575/lowenbrau-original-birra-lager-bavarese-bottiglia-33cl-01.png')">
            <div class="hover"></div>
            
            <div class="stickers"></div>
        </div>
    </a>
    <div>
        <h4><a href="../birra-lowenbrau-33cl"><b>Birra Lowenbrau 33Cl</b></a></h4>
        <p class="description">LOWENBRAU ORIGINAL Birra lager bavarese bottiglia 33cl</p>
        <p class="right price"><b>1.47 €</b></p>
        <p class="right unitPrice">4.45 € per litre</p>
    </div>
    <div class="contButton">
    <a class="button bgRed white addToCart" href="#">Add</a>
</div>
</div><div class="left product prod71"
        data-name="Birra Hoegaarden 33Cl"
        data-price="2.37"
        data-id="5687"
        data-available="yes"
        data-category="414"
        data-bestselling="">
    <a href="../birra-hoegaarden-33cl.html">
        <div style="background-image: url('../../cdn.spesati.com/images/products/000202573/hoegaarden-birra-33-cl-01.png')">
            <div class="hover"></div>
            
            <div class="stickers"></div>
        </div>
    </a>
    <div>
        <h4><a href="../birra-hoegaarden-33cl.html"><b>Birra Hoegaarden 33Cl</b></a></h4>
        <p class="description">Hoegaarden Birra 33 cl</p>
        <p class="right price"><b>2.37 €</b></p>
        <p class="right unitPrice">7.17 € per litre</p>
    </div>
    <div class="contButton">
    <a class="button bgRed white addToCart" href="#">Add</a>
</div>
</div><div class="left product prod72"
        data-name="Birra Franziskaner Hell 50Cl"
        data-price="1.75"
        data-id="5443"
        data-available="yes"
        data-category="414"
        data-bestselling="">
    <a href="../birra-franziskaner-hell-50cl.html">
        <div style="background-image: url('../../cdn.spesati.com/images/products/000202571/franziskaner-premium-birra-weisse-bavarese-5-alcool-bottiglia-500ml-01.png')">
            <div class="hover"></div>
            
            <div class="stickers"></div>
        </div>
    </a>
    <div>
        <h4><a href="../birra-franziskaner-hell-50cl.html"><b>Birra Franziskaner Hell 50Cl</b></a></h4>
        <p class="description">FRANZISKANER Premium Birra weisse bavarese 5% alcool bottiglia 500ml</p>
        <p class="right price"><b>1.75 €</b></p>
        <p class="right unitPrice">3.50 € per litre</p>
    </div>
    <div class="contButton">
    <a class="button bgRed white addToCart" href="#">Add</a>
</div>
</div><div class="left product prod73"
        data-name="Birra Tennent's Sup.33 Cl Bot"
        data-price="2.52"
        data-id="27980"
        data-available="yes"
        data-category="414"
        data-bestselling="">
    <a href="../birra-tennents-sup33-cl-bot.html">
        <div style="background-image: url('../../cdn.spesati.com/images/products/000202570/tennents-super-birra-strong-lager-doppio-malto-bottiglia-33cl-01.png')">
            <div class="hover"></div>
            
            <div class="stickers"></div>
        </div>
    </a>
    <div>
        <h4><a href="../birra-tennents-sup33-cl-bot.html"><b>Birra Tennent's Sup.33 Cl Bot</b></a></h4>
        <p class="description">TENNENT'S SUPER Birra strong lager doppio malto bottiglia 33cl</p>
        <p class="right price"><b>2.52 €</b></p>
        <p class="right unitPrice">7.64 € per litre</p>
    </div>
    <div class="contButton">
    <a class="button bgRed white addToCart" href="#">Add</a>
</div>
</div><div class="left product prod74"
        data-name="Birra Franziskaner Dunkel Cl 50"
        data-price="1.98"
        data-id="4379"
        data-available="yes"
        data-category="414"
        data-bestselling="">
    <a href="../birra-franziskaner-dunkel-cl-50.html">
        <div style="background-image: url('../../cdn.spesati.com/images/products/000202569/franziskaner-dunkel-birra-weisse-bavarese-bottiglia-05l-01.png')">
            <div class="hover"></div>
            
            <div class="stickers"></div>
        </div>
    </a>
    <div>
        <h4><a href="../birra-franziskaner-dunkel-cl-50.html"><b>Birra Franziskaner Dunkel Cl 50</b></a></h4>
        <p class="description">FRANZISKANER DUNKEL Birra weisse bavarese bottiglia 0,5L</p>
        <p class="right price"><b>1.98 €</b></p>
        <p class="right unitPrice">3.97 € per litre</p>
    </div>
    <div class="contButton">
    <a class="button bgRed white addToCart" href="#">Add</a>
</div>
</div><div class="left product prod75"
        data-name="Birra Leffe Blonde"
        data-price="2.29"
        data-id="618"
        data-available="yes"
        data-category="414"
        data-bestselling="">
    <a href="../birra-leffe-blonde.html">
        <div style="background-image: url('../../cdn.spesati.com/images/products/000202568/leffe-blonde-birra-bionda-belga-dabbazia-doppio-malto-bottiglia-33cl-01.png')">
            <div class="hover"></div>
            
            <div class="stickers"></div>
        </div>
    </a>
    <div>
        <h4><a href="../birra-leffe-blonde.html"><b>Birra Leffe Blonde</b></a></h4>
        <p class="description">LEFFE BLONDE Birra bionda belga d'abbazia doppio malto bottiglia 33cl</p>
        <p class="right price"><b>2.29 €</b></p>
        <p class="right unitPrice">6.94 € per litre</p>
    </div>
    <div class="contButton">
    <a class="button bgRed white addToCart" href="#">Add</a>
</div>
</div><div class="left product prod76"
        data-name="Birra Paulaner Original 50cl"
        data-price="1.65"
        data-id="27979"
        data-available="yes"
        data-category="414"
        data-bestselling="">
    <a href="../birra-paulaner-original-50cl.html">
        <div style="background-image: url('../../cdn.spesati.com/images/products/000202566/paulaner-muenchner-hell-munich-lager-igp-05-l-01.png')">
            <div class="hover"></div>
            
            <div class="stickers"></div>
        </div>
    </a>
    <div>
        <h4><a href="../birra-paulaner-original-50cl.html"><b>Birra Paulaner Original 50cl</b></a></h4>
        <p class="description">Paulaner Münchner Hell Munich Lager IGP 0,5 l</p>
        <p class="right price"><b>1.65 €</b></p>
        <p class="right unitPrice">3.29 € per litre</p>
    </div>
    <div class="contButton">
    <a class="button bgRed white addToCart" href="#">Add</a>
</div>
</div><div class="left product prod77"
        data-name="Birra San Miguel Fresca 33cl"
        data-price="1.55"
        data-id="27949"
        data-available="yes"
        data-category="414"
        data-bestselling="">
    <a href="../birra-san-miguel-fresca-33cl.html">
        <div style="background-image: url('../../cdn.spesati.com/images/products/000202371/san-miguel-fresca-cerveza-33-cl-01.png')">
            <div class="hover"></div>
            
            <div class="stickers"></div>
        </div>
    </a>
    <div>
        <h4><a href="../birra-san-miguel-fresca-33cl.html"><b>Birra San Miguel Fresca 33cl</b></a></h4>
        <p class="description">San Miguel Fresca cerveza 33 cl</p>
        <p class="right price"><b>1.55 €</b></p>
        <p class="right unitPrice">4.70 € per litre</p>
    </div>
    <div class="contButton">
    <a class="button bgRed white addToCart" href="#">Add</a>
</div>
</div><div class="left product prod78"
        data-name="Birra Ichnusa Radler 3x33cl"
        data-price="3.29"
        data-id="616"
        data-available="yes"
        data-category="414"
        data-bestselling="">
    <a href="../birra-ichnusa-radler-3x33cl.html">
        <div style="background-image: url('../../cdn.spesati.com/images/products/000202250/ichnusa-limone-3-x-33-cl-01.png')">
            <div class="hover"></div>
            
            <div class="stickers"><img class="left" src="../../cdn.spesati.com/images/layout/sardinian.png" /></div>
        </div>
    </a>
    <div>
        <h4><a href="../birra-ichnusa-radler-3x33cl.html"><b>Birra Ichnusa Radler 3x33cl</b></a></h4>
        <p class="description">Ichnusa Limone 3 x 33 cl</p>
        <p class="right price"><b>3.29 €</b></p>
        <p class="right unitPrice">3.32 € per litre</p>
    </div>
    <div class="contButton">
    <a class="button bgRed white addToCart" href="#">Add</a>
</div>
</div><div class="left product prod79"
        data-name="Birra Paulaner Original 6x33cl"
        data-price="7.92"
        data-id="27921"
        data-available="yes"
        data-category="414"
        data-bestselling="">
    <a href="../birra-paulaner-original-6x33cl.html">
        <div style="background-image: url('../../cdn.spesati.com/images/products/000202172/paulaner-muenchner-hell-6-x-033-l-01.png')">
            <div class="hover"></div>
            
            <div class="stickers"></div>
        </div>
    </a>
    <div>
        <h4><a href="../birra-paulaner-original-6x33cl.html"><b>Birra Paulaner Original 6x33cl</b></a></h4>
        <p class="description">Paulaner Münchner Hell 6 x 0,33 l</p>
        <p class="right price"><b>7.92 €</b></p>
        <p class="right unitPrice">1.00 € per litre</p>
    </div>
    <div class="contButton">
    <a class="button bgRed white addToCart" href="#">Add</a>
</div>
</div><div class="left product prod80"
        data-name="Birra Dreher Lemon Cl 33X3"
        data-price="3.45"
        data-id="4378"
        data-available="yes"
        data-category="414"
        data-bestselling="">
    <a href="../birra-dreher-lemon-cl-33x3.html">
        <div style="background-image: url('../../cdn.spesati.com/images/products/000202159/dreher-radler-3-x-33-cl-01.png')">
            <div class="hover"></div>
            
            <div class="stickers"></div>
        </div>
    </a>
    <div>
        <h4><a href="../birra-dreher-lemon-cl-33x3.html"><b>Birra Dreher Lemon Cl 33X3</b></a></h4>
        <p class="description">Dreher Radler 3 x 33 cl</p>
        <p class="right price"><b>3.45 €</b></p>
        <p class="right unitPrice">3.49 € per litre</p>
    </div>
    <div class="contButton">
    <a class="button bgRed white addToCart" href="#">Add</a>
</div>
</div><div class="left product prod81"
        data-name="Birra Ceres Strong"
        data-price="6.69"
        data-id="3698"
        data-available="yes"
        data-category="414"
        data-bestselling="">
    <a href="../birra-ceres-strong.html">
        <div style="background-image: url('../../cdn.spesati.com/images/products/000202145/ceres-strong-ale-77-3-x-33-cl-01.png')">
            <div class="hover"></div>
            
            <div class="stickers"></div>
        </div>
    </a>
    <div>
        <h4><a href="../birra-ceres-strong.html"><b>Birra Ceres Strong</b></a></h4>
        <p class="description">Ceres Strong Ale 7,7 3 x 33 cl</p>
        <p class="right price"><b>6.69 €</b></p>
        <p class="right unitPrice">6.76 € per litre</p>
    </div>
    <div class="contButton">
    <a class="button bgRed white addToCart" href="#">Add</a>
</div>
</div><div class="left product prod82"
        data-name="Birra Tourtel Cl 66"
        data-price="1.75"
        data-id="5437"
        data-available="yes"
        data-category="414"
        data-bestselling="">
    <a href="../birra-tourtel-cl-66.html">
        <div style="background-image: url('../../cdn.spesati.com/images/products/000202135/tourtel-birra-analcolica-66-cl-01.png')">
            <div class="hover"></div>
            
            <div class="stickers"></div>
        </div>
    </a>
    <div>
        <h4><a href="../birra-tourtel-cl-66.html"><b>Birra Tourtel Cl 66</b></a></h4>
        <p class="description">Tourtel Birra Analcolica 66 cl</p>
        <p class="right price"><b>1.75 €</b></p>
        <p class="right unitPrice">2.65 € per litre</p>
    </div>
    <div class="contButton">
    <a class="button bgRed white addToCart" href="#">Add</a>
</div>
</div><div class="left product prod83"
        data-name="Birra Nastro Az 33cl Latt"
        data-price="2.35"
        data-id="27908"
        data-available="yes"
        data-category="414"
        data-bestselling="">
    <a href="../birra-nastro-az-33cl-latt.html">
        <div style="background-image: url('../../cdn.spesati.com/images/products/000202128/peroni-nastro-azzurro-birra-lattina-2-x-33-01.png')">
            <div class="hover"></div>
            
            <div class="stickers"></div>
        </div>
    </a>
    <div>
        <h4><a href="../birra-nastro-az-33cl-latt.html"><b>Birra Nastro Az 33cl Latt</b></a></h4>
        <p class="description">Peroni Nastro Azzurro Birra Lattina 2 x 33</p>
        <p class="right price"><b>2.35 €</b></p>
        <p class="right unitPrice">7.12 € per litre</p>
    </div>
    <div class="contButton">
    <a class="button bgRed white addToCart" href="#">Add</a>
</div>
</div><div class="left product prod84"
        data-name="Birra Nastro Azzurro"
        data-price="3.49"
        data-id="624"
        data-available="yes"
        data-category="414"
        data-bestselling="">
    <a href="../birra-nastro-azzurro.html">
        <div style="background-image: url('../../cdn.spesati.com/images/products/000202125/peroni-nastro-azzurro-sardegna-birra-33-cl-01.png')">
            <div class="hover"></div>
            
            <div class="stickers"></div>
        </div>
    </a>
    <div>
        <h4><a href="../birra-nastro-azzurro.html"><b>Birra Nastro Azzurro</b></a></h4>
        <p class="description">Peroni Nastro Azzurro Sardegna Birra 33 cl</p>
        <p class="right price"><b>3.49 €</b></p>
        <p class="right unitPrice">3.53 € per litre</p>
    </div>
    <div class="contButton">
    <a class="button bgRed white addToCart" href="#">Add</a>
</div>
</div><div class="left product prod85"
        data-name="Birra Peroni 3x33cl"
        data-price="2.89"
        data-id="626"
        data-available="yes"
        data-category="414"
        data-bestselling="">
    <a href="../birra-peroni-3x33cl.html">
        <div style="background-image: url('../../cdn.spesati.com/images/products/000202122/peroni-175-anniversario-birra-3-x-33-cl-01.png')">
            <div class="hover"></div>
            
            <div class="stickers"></div>
        </div>
    </a>
    <div>
        <h4><a href="../birra-peroni-3x33cl.html"><b>Birra Peroni 3x33cl</b></a></h4>
        <p class="description">Peroni 175° Anniversario Birra 3 x 33 cl</p>
        <p class="right price"><b>2.89 €</b></p>
        <p class="right unitPrice">2.92 € per litre</p>
    </div>
    <div class="contButton">
    <a class="button bgRed white addToCart" href="#">Add</a>
</div>
</div><div class="left product prod86"
        data-name="Birra Peroni 0.66 l"
        data-price="1.45"
        data-id="627"
        data-available="yes"
        data-category="414"
        data-bestselling="">
    <a href="../birra-peroni-066-l.html">
        <div style="background-image: url('../../cdn.spesati.com/images/products/000202120/peroni-birra-66-cl-01.png')">
            <div class="hover"></div>
            
            <div class="stickers"></div>
        </div>
    </a>
    <div>
        <h4><a href="../birra-peroni-066-l.html"><b>Birra Peroni 0.66 l</b></a></h4>
        <p class="description">Peroni Birra 66 cl</p>
        <p class="right price"><b>1.45 €</b></p>
        <p class="right unitPrice">2.20 € per litre</p>
    </div>
    <div class="contButton">
    <a class="button bgRed white addToCart" href="#">Add</a>
</div>
</div><div class="left product prod87"
        data-name="Birra Moretti Rossa 33cl X 3 B"
        data-price="4.59"
        data-id="27907"
        data-available="yes"
        data-category="414"
        data-bestselling="">
    <a href="../birra-moretti-rossa-33cl-x-3-b.html">
        <div style="background-image: url('../../cdn.spesati.com/images/products/000202118/birra-moretti-la-rossa-72-3-x-33-cl-01.png')">
            <div class="hover"></div>
            
            <div class="stickers"></div>
        </div>
    </a>
    <div>
        <h4><a href="../birra-moretti-rossa-33cl-x-3-b.html"><b>Birra Moretti Rossa 33cl X 3 B</b></a></h4>
        <p class="description">Birra Moretti la Rossa 7.2 3 x 33 cl</p>
        <p class="right price"><b>4.59 €</b></p>
        <p class="right unitPrice">4.64 € per litre</p>
    </div>
    <div class="contButton">
    <a class="button bgRed white addToCart" href="#">Add</a>
</div>
</div><div class="left product prod88"
        data-name="Birra Ichnusa Lattina 50 cl"
        data-price="1.55"
        data-id="612"
        data-available="yes"
        data-category="414"
        data-bestselling="30">
    <a href="../birra-ichnusa-lattina-50-cl.html">
        <div style="background-image: url('../../cdn.spesati.com/images/products/000202117/ichnusa-50-cl-01.png')">
            <div class="hover"></div>
            <p class="arrow bgRed white">Best Seller</p>
            <div class="stickers"><img class="left" src="../../cdn.spesati.com/images/layout/sardinian.png" /></div>
        </div>
    </a>
    <div>
        <h4><a href="../birra-ichnusa-lattina-50-cl.html"><b>Birra Ichnusa Lattina 50 cl</b></a></h4>
        <p class="description">Ichnusa 50 cl</p>
        <p class="right price"><b>1.55 €</b></p>
        <p class="right unitPrice">3.10 € per litre</p>
    </div>
    <div class="contButton">
    <a class="button bgRed white addToCart" href="#">Add</a>
</div>
</div><div class="left product prod89"
        data-name="Birra Moretti Bottiglie"
        data-price="3.55"
        data-id="622"
        data-available="yes"
        data-category="414"
        data-bestselling="">
    <a href="../birra-moretti-bottiglie.html">
        <div style="background-image: url('../../cdn.spesati.com/images/products/000202116/birra-moretti-ricetta-originale-3-x-33-cl-01.png')">
            <div class="hover"></div>
            
            <div class="stickers"></div>
        </div>
    </a>
    <div>
        <h4><a href="../birra-moretti-bottiglie.html"><b>Birra Moretti Bottiglie</b></a></h4>
        <p class="description">Birra Moretti Ricetta Originale 3 x 33 cl</p>
        <p class="right price"><b>3.55 €</b></p>
        <p class="right unitPrice">3.59 € per litre</p>
    </div>
    <div class="contButton">
    <a class="button bgRed white addToCart" href="#">Add</a>
</div>
</div><div class="left product prod90"
        data-name="Birra Moretti"
        data-price="1.49"
        data-id="620"
        data-available="yes"
        data-category="414"
        data-bestselling="4">
    <a href="../birra-moretti.html">
        <div style="background-image: url('../../cdn.spesati.com/images/products/000202115/birra-moretti-ricetta-originale-66-cl-01.png')">
            <div class="hover"></div>
            <p class="arrow bgRed white">Offer</p>
            <div class="stickers"></div>
        </div>
    </a>
    <div>
        <h4><a href="../birra-moretti.html"><b>Birra Moretti</b></a></h4>
        <p class="description">Birra Moretti Ricetta Originale 66 cl</p>
        <p class="left offer red">1.55 €</p>
<p class="right price"><b>1.49 €</b></p>
        <p class="right unitPrice">2.26 € per litre</p>
    </div>
    <div class="contButton">
    <a class="button bgRed white addToCart" href="#">Add</a>
</div>
</div><div class="left product prod91"
        data-name="Birra Ichnusa Lattina 2x33cl"
        data-price="2.15"
        data-id="615"
        data-available="yes"
        data-category="414"
        data-bestselling="5">
    <a href="../birra-ichnusa-lattina-2x33cl.html">
        <div style="background-image: url('../../cdn.spesati.com/images/products/000202114/ichnusa-2-x-33-cl-01.png')">
            <div class="hover"></div>
            <p class="arrow bgRed white">Best Seller</p>
            <div class="stickers"><img class="left" src="../../cdn.spesati.com/images/layout/sardinian.png" /></div>
        </div>
    </a>
    <div>
        <h4><a href="../birra-ichnusa-lattina-2x33cl.html"><b>Birra Ichnusa Lattina 2x33cl</b></a></h4>
        <p class="description">Ichnusa 2 x 33 cl</p>
        <p class="right price"><b>2.15 €</b></p>
        <p class="right unitPrice">6.51 € per litre</p>
    </div>
    <div class="contButton">
    <a class="button bgRed white addToCart" href="#">Add</a>
</div>
</div><div class="left product prod92"
        data-name="Birra Ichnusa 6x33cl"
        data-price="5.29"
        data-id="613"
        data-available="yes"
        data-category="414"
        data-bestselling="17">
    <a href="../birra-ichnusa-6x33cl.html">
        <div style="background-image: url('../../cdn.spesati.com/images/products/000202113/ichnusa-6-x-33-cl-01.png')">
            <div class="hover"></div>
            <p class="arrow bgRed white">Best Seller</p>
            <div class="stickers"><img class="left" src="../../cdn.spesati.com/images/layout/sardinian.png" /></div>
        </div>
    </a>
    <div>
        <h4><a href="../birra-ichnusa-6x33cl.html"><b>Birra Ichnusa 6x33cl</b></a></h4>
        <p class="description">Ichnusa 6 x 33 cl</p>
        <p class="right price"><b>5.29 €</b></p>
        <p class="right unitPrice">2.67 € per litre</p>
    </div>
    <div class="contButton">
    <a class="button bgRed white addToCart" href="#">Add</a>
</div>
</div><div class="left product prod93"
        data-name="Birra Ichnusa 66 cl"
        data-price="1.49"
        data-id="611"
        data-available="yes"
        data-category="414"
        data-bestselling="12">
    <a href="../birra-ichnusa-66-cl.html">
        <div style="background-image: url('../../cdn.spesati.com/images/products/000202110/ichnusa-66-cl-01.png')">
            <div class="hover"></div>
            <p class="arrow bgRed white">Best Seller</p>
            <div class="stickers"><img class="left" src="../../cdn.spesati.com/images/layout/sardinian.png" /></div>
        </div>
    </a>
    <div>
        <h4><a href="../birra-ichnusa-66-cl.html"><b>Birra Ichnusa 66 cl</b></a></h4>
        <p class="description">Ichnusa 66 cl</p>
        <p class="right price"><b>1.49 €</b></p>
        <p class="right unitPrice">2.26 € per litre</p>
    </div>
    <div class="contButton">
    <a class="button bgRed white addToCart" href="#">Add</a>
</div>
</div><div class="left product prod94"
        data-name="Birra Moretti 33cl X 2 Latt"
        data-price="2.09"
        data-id="27905"
        data-available="yes"
        data-category="414"
        data-bestselling="">
    <a href="../birra-moretti-33cl-x-2-latt.html">
        <div style="background-image: url('../../cdn.spesati.com/images/products/000202109/birra-moretti-ricetta-originale-2-x-33-cl-01.png')">
            <div class="hover"></div>
            
            <div class="stickers"></div>
        </div>
    </a>
    <div>
        <h4><a href="../birra-moretti-33cl-x-2-latt.html"><b>Birra Moretti 33cl X 2 Latt</b></a></h4>
        <p class="description">Birra Moretti Ricetta Originale 2 x 33 cl</p>
        <p class="right price"><b>2.09 €</b></p>
        <p class="right unitPrice">3.17 € per litre</p>
    </div>
    <div class="contButton">
    <a class="button bgRed white addToCart" href="#">Add</a>
</div>
</div><div class="left product prod95"
        data-name="Birra Pilsner Urquell 33cl Sin"
        data-price="1.75"
        data-id="27904"
        data-available="yes"
        data-category="414"
        data-bestselling="">
    <a href="../birra-pilsner-urquell-33cl-sin.html">
        <div style="background-image: url('../../cdn.spesati.com/images/products/000202100/pilsner-urquell-330-ml-01.png')">
            <div class="hover"></div>
            
            <div class="stickers"></div>
        </div>
    </a>
    <div>
        <h4><a href="../birra-pilsner-urquell-33cl-sin.html"><b>Birra Pilsner Urquell 33cl Sin</b></a></h4>
        <p class="description">Pilsner Urquell 330 ml</p>
        <p class="right price"><b>1.75 €</b></p>
        <p class="right unitPrice">5.31 € per litre</p>
    </div>
    <div class="contButton">
    <a class="button bgRed white addToCart" href="#">Add</a>
</div>
</div><div class="left product prod96"
        data-name="Birra Moretti Zero"
        data-price="3.19"
        data-id="3691"
        data-available="yes"
        data-category="414"
        data-bestselling="">
    <a href="../birra-moretti-zero.html">
        <div style="background-image: url('../../cdn.spesati.com/images/products/000202099/birra-moretti-la-zero-vol-3-x-33-cl-01.png')">
            <div class="hover"></div>
            
            <div class="stickers"></div>
        </div>
    </a>
    <div>
        <h4><a href="../birra-moretti-zero.html"><b>Birra Moretti Zero</b></a></h4>
        <p class="description">Birra Moretti la Zero % Vol 3 x 33 cl</p>
        <p class="right price"><b>3.19 €</b></p>
        <p class="right unitPrice">3.22 € per litre</p>
    </div>
    <div class="contButton">
    <a class="button bgRed white addToCart" href="#">Add</a>
</div>
</div><div class="left product prod97"
        data-name="Birra Stella Artois 66cl Bot"
        data-price="1.89"
        data-id="35183"
        data-available="yes"
        data-category="414"
        data-bestselling="">
    <a href="../birra-stella-artois-66cl-bot.html">
        <div style="background-image: url('../../cdn.spesati.com/images/products/000202096/stella-artois-birra-lager-belga-bottiglia-66cl-01.png')">
            <div class="hover"></div>
            
            <div class="stickers"></div>
        </div>
    </a>
    <div>
        <h4><a href="../birra-stella-artois-66cl-bot.html"><b>Birra Stella Artois 66cl Bot</b></a></h4>
        <p class="description">STELLA ARTOIS Birra lager belga bottiglia 66cl</p>
        <p class="right price"><b>1.89 €</b></p>
        <p class="right unitPrice">2.87 € per litre</p>
    </div>
    <div class="contButton">
    <a class="button bgRed white addToCart" href="#">Add</a>
</div>
</div><div class="left product prod98"
        data-name="Birra Stella Artois 3x33cl Bot"
        data-price="3.69"
        data-id="27903"
        data-available="yes"
        data-category="414"
        data-bestselling="">
    <a href="../birra-stella-artois-3x33cl-bot.html">
        <div style="background-image: url('../../cdn.spesati.com/images/products/000202094/stella-artois-birra-lager-belga-bottiglia-3x33cl-01.png')">
            <div class="hover"></div>
            
            <div class="stickers"></div>
        </div>
    </a>
    <div>
        <h4><a href="../birra-stella-artois-3x33cl-bot.html"><b>Birra Stella Artois 3x33cl Bot</b></a></h4>
        <p class="description">STELLA ARTOIS Birra lager belga bottiglia 3x33cl</p>
        <p class="right price"><b>3.69 €</b></p>
        <p class="right unitPrice">3.73 € per litre</p>
    </div>
    <div class="contButton">
    <a class="button bgRed white addToCart" href="#">Add</a>
</div>
</div><div class="left product prod99"
        data-name="Birra Heineken Fusto 5Lt"
        data-price="24.50"
        data-id="7064"
        data-available="yes"
        data-category="414"
        data-bestselling="">
    <a href="../birra-heineken-fusto-5lt.html">
        <div style="background-image: url('../../cdn.spesati.com/images/products/000202092/heineken-original-5-l-01.png')">
            <div class="hover"></div>
            
            <div class="stickers"></div>
        </div>
    </a>
    <div>
        <h4><a href="../birra-heineken-fusto-5lt.html"><b>Birra Heineken Fusto 5Lt</b></a></h4>
        <p class="description">Heineken Original 5 L</p>
        <p class="right price"><b>24.50 €</b></p>
        <p class="right unitPrice">4.90 € per litre</p>
    </div>
    <div class="contButton">
    <a class="button bgRed white addToCart" href="#">Add</a>
</div>
</div><div class="left product prod100"
        data-name="Birra Heineken 0.66 l"
        data-price="1.99"
        data-id="606"
        data-available="yes"
        data-category="414"
        data-bestselling="">
    <a href="../birra-heineken-066-l.html">
        <div style="background-image: url('../../cdn.spesati.com/images/products/000202090/heineken-original-66-cl-01.png')">
            <div class="hover"></div>
            
            <div class="stickers"></div>
        </div>
    </a>
    <div>
        <h4><a href="../birra-heineken-066-l.html"><b>Birra Heineken 0.66 l</b></a></h4>
        <p class="description">Heineken Original 66 cl</p>
        <p class="right price"><b>1.99 €</b></p>
        <p class="right unitPrice">3.01 € per litre</p>
    </div>
    <div class="contButton">
    <a class="button bgRed white addToCart" href="#">Add</a>
</div>
</div><div class="left product prod101"
        data-name="Birra San Miguel Cl 25X6"
        data-price="4.85"
        data-id="5542"
        data-available="yes"
        data-category="414"
        data-bestselling="1">
    <a href="../birra-san-miguel-cl-25x6.html">
        <div style="background-image: url('../../cdn.spesati.com/images/products/000202081/san-miguel-especial-6-x-25-cl-01.png')">
            <div class="hover"></div>
            <p class="arrow bgRed white">Best Seller</p>
            <div class="stickers"></div>
        </div>
    </a>
    <div>
        <h4><a href="../birra-san-miguel-cl-25x6.html"><b>Birra San Miguel Cl 25X6</b></a></h4>
        <p class="description">San Miguel Especial 6 x 25 cl</p>
        <p class="right price"><b>4.85 €</b></p>
        <p class="right unitPrice">3.23 € per litre</p>
    </div>
    <div class="contButton">
    <a class="button bgRed white addToCart" href="#">Add</a>
</div>
</div><div class="left product prod102"
        data-name="Birra Heineken Bottiglia 3x33 Cl"
        data-price="3.99"
        data-id="608"
        data-available="yes"
        data-category="414"
        data-bestselling="3">
    <a href="../birra-heineken-bottiglia-3x33-cl.html">
        <div style="background-image: url('../../cdn.spesati.com/images/products/000202080/heineken-original-3-x-33-cl-01.png')">
            <div class="hover"></div>
            <p class="arrow bgRed white">Best Seller</p>
            <div class="stickers"></div>
        </div>
    </a>
    <div>
        <h4><a href="../birra-heineken-bottiglia-3x33-cl.html"><b>Birra Heineken Bottiglia 3x33 Cl</b></a></h4>
        <p class="description">Heineken Original 3 x 33 cl</p>
        <p class="right price"><b>3.99 €</b></p>
        <p class="right unitPrice">3.99 € per litre</p>
    </div>
    <div class="contButton">
    <a class="button bgRed white addToCart" href="#">Add</a>
</div>
</div><div class="left product prod103"
        data-name="Birra Dreher 66 cl"
        data-price="1.49"
        data-id="3762"
        data-available="yes"
        data-category="414"
        data-bestselling="">
    <a href="../birra-dreher-66-cl.html">
        <div style="background-image: url('../../cdn.spesati.com/images/products/000202076/dreher-66-cl-01.png')">
            <div class="hover"></div>
            
            <div class="stickers"></div>
        </div>
    </a>
    <div>
        <h4><a href="../birra-dreher-66-cl.html"><b>Birra Dreher 66 cl</b></a></h4>
        <p class="description">Dreher 66 cl</p>
        <p class="right price"><b>1.49 €</b></p>
        <p class="right unitPrice">2.26 € per litre</p>
    </div>
    <div class="contButton">
    <a class="button bgRed white addToCart" href="#">Add</a>
</div>
</div><div class="left product prod104"
        data-name="Birra Ichnusa Cruda"
        data-price="2.09"
        data-id="614"
        data-available="yes"
        data-category="414"
        data-bestselling="">
    <a href="../birra-ichnusa-cruda.html">
        <div style="background-image: url('../../cdn.spesati.com/images/products/000202075/ichnusa-cruda-66-cl-01.png')">
            <div class="hover"></div>
            
            <div class="stickers"><img class="left" src="../../cdn.spesati.com/images/layout/sardinian.png" /></div>
        </div>
    </a>
    <div>
        <h4><a href="../birra-ichnusa-cruda.html"><b>Birra Ichnusa Cruda</b></a></h4>
        <p class="description">Ichnusa Cruda 66 cl</p>
        <p class="right price"><b>2.09 €</b></p>
        <p class="right unitPrice">3.17 € per litre</p>
    </div>
    <div class="contButton">
    <a class="button bgRed white addToCart" href="#">Add</a>
</div>
</div><div class="left product prod105"
        data-name="Birra Corona Extra 33cl"
        data-price="1.79"
        data-id="27902"
        data-available="yes"
        data-category="414"
        data-bestselling="9">
    <a href="../birra-corona-extra-33cl.html">
        <div style="background-image: url('../../cdn.spesati.com/images/products/000202074/corona-extra-birra-lager-messicana-bottiglia-33cl-01.png')">
            <div class="hover"></div>
            <p class="arrow bgRed white">Best Seller</p>
            <div class="stickers"></div>
        </div>
    </a>
    <div>
        <h4><a href="../birra-corona-extra-33cl.html"><b>Birra Corona Extra 33cl</b></a></h4>
        <p class="description">CORONA Extra Birra lager messicana bottiglia 33cl</p>
        <p class="right price"><b>1.79 €</b></p>
        <p class="right unitPrice">5.43 € per litre</p>
    </div>
    <div class="contButton">
    <a class="button bgRed white addToCart" href="#">Add</a>
</div>
</div><div class="left product prod106"
        data-name="Birra Dreher Bottiglia 6x33Cl"
        data-price="4.99"
        data-id="3761"
        data-available="yes"
        data-category="414"
        data-bestselling="">
    <a href="../birra-dreher-bottiglia-6x33cl.html">
        <div style="background-image: url('../../cdn.spesati.com/images/products/000202071/dreher-birra-lager-originale-6-x-33-cl-01.png')">
            <div class="hover"></div>
            <p class="arrow bgRed white">Offer</p>
            <div class="stickers"></div>
        </div>
    </a>
    <div>
        <h4><a href="../birra-dreher-bottiglia-6x33cl.html"><b>Birra Dreher Bottiglia 6x33Cl</b></a></h4>
        <p class="description">Dreher Birra Lager Originale 6 x 33 cl</p>
        <p class="left offer red">5.35 €</p>
<p class="right price"><b>4.99 €</b></p>
        <p class="right unitPrice">2.53 € per litre</p>
    </div>
    <div class="contButton">
    <a class="button bgRed white addToCart" href="#">Add</a>
</div>
</div><div class="left product prod107"
        data-name="Birra Dreher Lattina"
        data-price="1.99"
        data-id="598"
        data-available="yes"
        data-category="414"
        data-bestselling="">
    <a href="../birra-dreher-lattina.html">
        <div style="background-image: url('../../cdn.spesati.com/images/products/000202070/dreher-2-x-33-cl-01.png')">
            <div class="hover"></div>
            
            <div class="stickers"></div>
        </div>
    </a>
    <div>
        <h4><a href="../birra-dreher-lattina.html"><b>Birra Dreher Lattina</b></a></h4>
        <p class="description">Dreher 2 x 33 cl</p>
        <p class="right price"><b>1.99 €</b></p>
        <p class="right unitPrice">6.03 € per litre</p>
    </div>
    <div class="contButton">
    <a class="button bgRed white addToCart" href="#">Add</a>
</div>
</div><div class="left product prod108"
        data-name="Birra Beck's 50cl Bottiglia"
        data-price="1.45"
        data-id="88356"
        data-available="yes"
        data-category="414"
        data-bestselling="">
    <a href="../birra-becks-50cl-bottiglia.html">
        <div style="background-image: url('../../cdn.spesati.com/images/products/000202068/becks-birra-pilsner-tedesca-bottiglia-50cl-01.png')">
            <div class="hover"></div>
            
            <div class="stickers"></div>
        </div>
    </a>
    <div>
        <h4><a href="../birra-becks-50cl-bottiglia.html"><b>Birra Beck's 50cl Bottiglia</b></a></h4>
        <p class="description">BECK'S Birra pilsner tedesca bottiglia 50cl</p>
        <p class="right price"><b>1.45 €</b></p>
        <p class="right unitPrice">2.90 € per litre</p>
    </div>
    <div class="contButton">
    <a class="button bgRed white addToCart" href="#">Add</a>
</div>
</div><div class="left product prod109"
        data-name="Birra Becks Tris"
        data-price="3.75"
        data-id="593"
        data-available="yes"
        data-category="414"
        data-bestselling="">
    <a href="../birra-becks-tris.html">
        <div style="background-image: url('../../cdn.spesati.com/images/products/000202067/becks-birra-pilsner-tedesca-bottiglia-3x33cl-01.png')">
            <div class="hover"></div>
            
            <div class="stickers"></div>
        </div>
    </a>
    <div>
        <h4><a href="../birra-becks-tris.html"><b>Birra Becks Tris</b></a></h4>
        <p class="description">BECK'S Birra pilsner tedesca bottiglia 3x33cl</p>
        <p class="right price"><b>3.75 €</b></p>
        <p class="right unitPrice">11.37 € per litre</p>
    </div>
    <div class="contButton">
    <a class="button bgRed white addToCart" href="#">Add</a>
</div>
</div><div class="left product prod110"
        data-name="Birra Beck'S Bottiglia 33Cl"
        data-price="1.54"
        data-id="5690"
        data-available="yes"
        data-category="414"
        data-bestselling="">
    <a href="../birra-becks-bottiglia-33cl.html">
        <div style="background-image: url('../../cdn.spesati.com/images/products/000202066/becks-birra-pilsner-tedesca-33cl-01.png')">
            <div class="hover"></div>
            
            <div class="stickers"></div>
        </div>
    </a>
    <div>
        <h4><a href="../birra-becks-bottiglia-33cl.html"><b>Birra Beck'S Bottiglia 33Cl</b></a></h4>
        <p class="description">BECK'S Birra pilsner tedesca 33cl</p>
        <p class="right price"><b>1.54 €</b></p>
        <p class="right unitPrice">4.67 € per litre</p>
    </div>
    <div class="contButton">
    <a class="button bgRed white addToCart" href="#">Add</a>
</div>
</div><div class="left product prod111"
        data-name="Birra Bud Bottiglia 3x33cl"
        data-price="3.75"
        data-id="3760"
        data-available="yes"
        data-category="414"
        data-bestselling="2">
    <a href="../birra-bud-bottiglia-3x33cl.html">
        <div style="background-image: url('../../cdn.spesati.com/images/products/000202064/bud-birra-lager-americana-bottiglia-8x3x33cl-01.png')">
            <div class="hover"></div>
            <p class="arrow bgRed white">Best Seller</p>
            <div class="stickers"></div>
        </div>
    </a>
    <div>
        <h4><a href="../birra-bud-bottiglia-3x33cl.html"><b>Birra Bud Bottiglia 3x33cl</b></a></h4>
        <p class="description">BUD Birra lager americana bottiglia 8x3x33cl</p>
        <p class="right price"><b>3.75 €</b></p>
        <p class="right unitPrice">3.79 € per litre</p>
    </div>
    <div class="contButton">
    <a class="button bgRed white addToCart" href="#">Add</a>
</div>
</div><div class="left product prod112"
        data-name="Birra Guinness Lattina 4X33Cl"
        data-price="7.39"
        data-id="7111"
        data-available="yes"
        data-category="414"
        data-bestselling="1">
    <a href="../birra-guinness-lattina-4x33cl.html">
        <div style="background-image: url('../../cdn.spesati.com/images/products/000202060/guinness-draught-stout-4-x-330-ml-01.png')">
            <div class="hover"></div>
            <p class="arrow bgRed white">Best Seller</p>
            <div class="stickers"></div>
        </div>
    </a>
    <div>
        <h4><a href="../birra-guinness-lattina-4x33cl.html"><b>Birra Guinness Lattina 4X33Cl</b></a></h4>
        <p class="description">Guinness Draught Stout 4 x 330 ml</p>
        <p class="right price"><b>7.39 €</b></p>
        <p class="right unitPrice">5.60 € per litre</p>
    </div>
    <div class="contButton">
    <a class="button bgRed white addToCart" href="#">Add</a>
</div>
</div><div class="left product prod113"
        data-name="Birra San Miguel 50cl Lattina"
        data-price="1.29"
        data-id="27898"
        data-available="yes"
        data-category="414"
        data-bestselling="">
    <a href="../birra-san-miguel-50cl-lattina.html">
        <div style="background-image: url('../../cdn.spesati.com/images/products/000202057/san-miguel-especial-50-cl-01.png')">
            <div class="hover"></div>
            
            <div class="stickers"></div>
        </div>
    </a>
    <div>
        <h4><a href="../birra-san-miguel-50cl-lattina.html"><b>Birra San Miguel 50cl Lattina</b></a></h4>
        <p class="description">San Miguel Especial 50 cl</p>
        <p class="right price"><b>1.29 €</b></p>
        <p class="right unitPrice">2.57 € per litre</p>
    </div>
    <div class="contButton">
    <a class="button bgRed white addToCart" href="#">Add</a>
</div>
</div><div class="left product prod114"
        data-name="Birra San Miguel Bottiglia 1Lt"
        data-price="2.29"
        data-id="7063"
        data-available="yes"
        data-category="414"
        data-bestselling="">
    <a href="../birra-san-miguel-bottiglia-1lt.html">
        <div style="background-image: url('../../cdn.spesati.com/images/products/000202056/san-miguel-tradicion-100-cl-01.png')">
            <div class="hover"></div>
            
            <div class="stickers"></div>
        </div>
    </a>
    <div>
        <h4><a href="../birra-san-miguel-bottiglia-1lt.html"><b>Birra San Miguel Bottiglia 1Lt</b></a></h4>
        <p class="description">San Miguel Tradición 100 cl</p>
        <p class="right price"><b>2.29 €</b></p>
        <p class="right unitPrice">2.29 € per litre</p>
    </div>
    <div class="contButton">
    <a class="button bgRed white addToCart" href="#">Add</a>
</div>
</div><div class="left product prod115"
        data-name="Birra Artig Rdg Ipa 50 Cl"
        data-price="2.79"
        data-id="82545"
        data-available="yes"
        data-category="414"
        data-bestselling="">
    <a href="../birra-artig-rdg-ipa-50-cl.html">
        <div style="background-image: url('../../cdn.spesati.com/images/products/missing-image/missing-image.jpg')">
            <div class="hover"></div>
            
            <div class="stickers"></div>
        </div>
    </a>
    <div>
        <h4><a href="../birra-artig-rdg-ipa-50-cl.html"><b>Birra Artig Rdg Ipa 50 Cl</b></a></h4>
        <p class="description">0.5 Lt</p>
        <p class="right price"><b>2.79 €</b></p>
        <p class="right unitPrice">5.58 € per litre</p>
    </div>
    <div class="contButton">
    <a class="button bgRed white addToCart" href="#">Add</a>
</div>
</div><div class="left product prod116"
        data-name="Birra Artig Rdg Strong A 50 Cl"
        data-price="2.85"
        data-id="82548"
        data-available="yes"
        data-category="414"
        data-bestselling="">
    <a href="../birra-artig-rdg-strong-a-50-cl.html">
        <div style="background-image: url('../../cdn.spesati.com/images/products/missing-image/missing-image.jpg')">
            <div class="hover"></div>
            
            <div class="stickers"></div>
        </div>
    </a>
    <div>
        <h4><a href="../birra-artig-rdg-strong-a-50-cl.html"><b>Birra Artig Rdg Strong A 50 Cl</b></a></h4>
        <p class="description">0.5 Lt</p>
        <p class="right price"><b>2.85 €</b></p>
        <p class="right unitPrice">5.70 € per litre</p>
    </div>
    <div class="contButton">
    <a class="button bgRed white addToCart" href="#">Add</a>
</div>
</div><div class="left product prod117"
        data-name="Birra Asahi Long Neck 33cl"
        data-price="1.95"
        data-id="27901"
        data-available="yes"
        data-category="414"
        data-bestselling="">
    <a href="../birra-asahi-long-neck-33cl.html">
        <div style="background-image: url('../../cdn.spesati.com/images/products/missing-image/missing-image.jpg')">
            <div class="hover"></div>
            
            <div class="stickers"></div>
        </div>
    </a>
    <div>
        <h4><a href="../birra-asahi-long-neck-33cl.html"><b>Birra Asahi Long Neck 33cl</b></a></h4>
        <p class="description">0.33 Lt</p>
        <p class="right price"><b>1.95 €</b></p>
        <p class="right unitPrice">5.90 € per litre</p>
    </div>
    <div class="contButton">
    <a class="button bgRed white addToCart" href="#">Add</a>
</div>
</div><div class="left product prod118"
        data-name="Birra Heineken Import 33clx24"
        data-price="38.54"
        data-id="27906"
        data-available="yes"
        data-category="414"
        data-bestselling="2">
    <a href="../birra-heineken-import-33clx24.html">
        <div style="background-image: url('../../cdn.spesati.com/images/products/missing-image/missing-image.jpg')">
            <div class="hover"></div>
            <p class="arrow bgRed white">Best Seller</p>
            <div class="stickers"></div>
        </div>
    </a>
    <div>
        <h4><a href="../birra-heineken-import-33clx24.html"><b>Birra Heineken Import 33clx24</b></a></h4>
        <p class="description">7.92 Lt</p>
        <p class="right price"><b>38.54 €</b></p>
        <p class="right unitPrice">4.87 € per litre</p>
    </div>
    <div class="contButton">
    <a class="button bgRed white addToCart" href="#">Add</a>
</div>
</div><div class="left product prod119"
        data-name="Birra Daura S-glut 33cl"
        data-price="1.95"
        data-id="27912"
        data-available="yes"
        data-category="414"
        data-bestselling="">
    <a href="../birra-daura-s-glut-33cl.html">
        <div style="background-image: url('../../cdn.spesati.com/images/products/missing-image/missing-image.jpg')">
            <div class="hover"></div>
            
            <div class="stickers"></div>
        </div>
    </a>
    <div>
        <h4><a href="../birra-daura-s-glut-33cl.html"><b>Birra Daura S-glut 33cl</b></a></h4>
        <p class="description">0.33 Lt</p>
        <p class="right price"><b>1.95 €</b></p>
        <p class="right unitPrice">5.90 € per litre</p>
    </div>
    <div class="contButton">
    <a class="button bgRed white addToCart" href="#">Add</a>
</div>
</div><div class="left product prod120"
        data-name="Birra Menabrea Bionda 33cl"
        data-price="1.51"
        data-id="28101"
        data-available="yes"
        data-category="414"
        data-bestselling="">
    <a href="../birra-menabrea-bionda-33cl.html">
        <div style="background-image: url('../../cdn.spesati.com/images/products/missing-image/missing-image.jpg')">
            <div class="hover"></div>
            
            <div class="stickers"></div>
        </div>
    </a>
    <div>
        <h4><a href="../birra-menabrea-bionda-33cl.html"><b>Birra Menabrea Bionda 33cl</b></a></h4>
        <p class="description">0.33 Lt</p>
        <p class="right price"><b>1.51 €</b></p>
        <p class="right unitPrice">4.58 € per litre</p>
    </div>
    <div class="contButton">
    <a class="button bgRed white addToCart" href="#">Add</a>
</div>
</div><div class="left product prod121"
        data-name="Birra Menabrea Ambrata 33cl"
        data-price="1.85"
        data-id="28102"
        data-available="yes"
        data-category="414"
        data-bestselling="">
    <a href="../birra-menabrea-ambrata-33cl.html">
        <div style="background-image: url('../../cdn.spesati.com/images/products/missing-image/missing-image.jpg')">
            <div class="hover"></div>
            
            <div class="stickers"></div>
        </div>
    </a>
    <div>
        <h4><a href="../birra-menabrea-ambrata-33cl.html"><b>Birra Menabrea Ambrata 33cl</b></a></h4>
        <p class="description">0.33 Lt</p>
        <p class="right price"><b>1.85 €</b></p>
        <p class="right unitPrice">5.61 € per litre</p>
    </div>
    <div class="contButton">
    <a class="button bgRed white addToCart" href="#">Add</a>
</div>
</div><div class="left product prod122"
        data-name="Birra Singha Lager 33cl"
        data-price="2.36"
        data-id="28104"
        data-available="yes"
        data-category="414"
        data-bestselling="">
    <a href="../birra-singha-lager-33cl.html">
        <div style="background-image: url('../../cdn.spesati.com/images/products/missing-image/missing-image.jpg')">
            <div class="hover"></div>
            
            <div class="stickers"></div>
        </div>
    </a>
    <div>
        <h4><a href="../birra-singha-lager-33cl.html"><b>Birra Singha Lager 33cl</b></a></h4>
        <p class="description">0.33 Lt</p>
        <p class="right price"><b>2.36 €</b></p>
        <p class="right unitPrice">7.16 € per litre</p>
    </div>
    <div class="contButton">
    <a class="button bgRed white addToCart" href="#">Add</a>
</div>
</div><div class="left product prod123"
        data-name="Birra Chang Lager 33cl"
        data-price="2.61"
        data-id="28108"
        data-available="yes"
        data-category="414"
        data-bestselling="">
    <a href="../birra-chang-lager-33cl.html">
        <div style="background-image: url('../../cdn.spesati.com/images/products/missing-image/missing-image.jpg')">
            <div class="hover"></div>
            
            <div class="stickers"></div>
        </div>
    </a>
    <div>
        <h4><a href="../birra-chang-lager-33cl.html"><b>Birra Chang Lager 33cl</b></a></h4>
        <p class="description">0.33 Lt</p>
        <p class="right price"><b>2.61 €</b></p>
        <p class="right unitPrice">7.89 € per litre</p>
    </div>
    <div class="contButton">
    <a class="button bgRed white addToCart" href="#">Add</a>
</div>
</div><div class="left product prod124"
        data-name="Birra Beck's 6 Lt"
        data-price="34.77"
        data-id="28127"
        data-available="yes"
        data-category="414"
        data-bestselling="">
    <a href="../birra-becks-6-lt.html">
        <div style="background-image: url('../../cdn.spesati.com/images/products/missing-image/missing-image.jpg')">
            <div class="hover"></div>
            
            <div class="stickers"></div>
        </div>
    </a>
    <div>
        <h4><a href="../birra-becks-6-lt.html"><b>Birra Beck's 6 Lt</b></a></h4>
        <p class="description">5 Lt</p>
        <p class="right price"><b>34.77 €</b></p>
        <p class="right unitPrice">6.95 € per litre</p>
    </div>
    <div class="contButton">
    <a class="button bgRed white addToCart" href="#">Add</a>
</div>
</div><div class="left product prod125"
        data-name="Birra Hoegarden 6 Lt"
        data-price="38.94"
        data-id="28129"
        data-available="yes"
        data-category="414"
        data-bestselling="">
    <a href="../birra-hoegarden-6-lt.html">
        <div style="background-image: url('../../cdn.spesati.com/images/products/missing-image/missing-image.jpg')">
            <div class="hover"></div>
            
            <div class="stickers"></div>
        </div>
    </a>
    <div>
        <h4><a href="../birra-hoegarden-6-lt.html"><b>Birra Hoegarden 6 Lt</b></a></h4>
        <p class="description">5 Lt</p>
        <p class="right price"><b>38.94 €</b></p>
        <p class="right unitPrice">7.78 € per litre</p>
    </div>
    <div class="contButton">
    <a class="button bgRed white addToCart" href="#">Add</a>
</div>
</div><div class="left product prod126"
        data-name="Birra Leffe Blonde 6 Lt"
        data-price="42.59"
        data-id="28130"
        data-available="yes"
        data-category="414"
        data-bestselling="">
    <a href="../birra-leffe-blonde-6-lt.html">
        <div style="background-image: url('../../cdn.spesati.com/images/products/missing-image/missing-image.jpg')">
            <div class="hover"></div>
            
            <div class="stickers"></div>
        </div>
    </a>
    <div>
        <h4><a href="../birra-leffe-blonde-6-lt.html"><b>Birra Leffe Blonde 6 Lt</b></a></h4>
        <p class="description">5 Lt</p>
        <p class="right price"><b>42.59 €</b></p>
        <p class="right unitPrice">8.52 € per litre</p>
    </div>
    <div class="contButton">
    <a class="button bgRed white addToCart" href="#">Add</a>
</div>
</div><div class="left product prod127"
        data-name="Birra La Chouffe Blon 33cl Lat"
        data-price="3.75"
        data-id="28202"
        data-available="yes"
        data-category="414"
        data-bestselling="">
    <a href="../birra-la-chouffe-blon-33cl-lat.html">
        <div style="background-image: url('../../cdn.spesati.com/images/products/missing-image/missing-image.jpg')">
            <div class="hover"></div>
            
            <div class="stickers"></div>
        </div>
    </a>
    <div>
        <h4><a href="../birra-la-chouffe-blon-33cl-lat.html"><b>Birra La Chouffe Blon 33cl Lat</b></a></h4>
        <p class="description">0.33 Lt</p>
        <p class="right price"><b>3.75 €</b></p>
        <p class="right unitPrice">11.37 € per litre</p>
    </div>
    <div class="contButton">
    <a class="button bgRed white addToCart" href="#">Add</a>
</div>
</div><div class="left product prod128"
        data-name="Birra Ichnusa Cruda 33 Cl"
        data-price="1.79"
        data-id="28395"
        data-available="yes"
        data-category="414"
        data-bestselling="">
    <a href="../birra-ichnusa-cruda-33-cl.html">
        <div style="background-image: url('../../cdn.spesati.com/images/products/missing-image/missing-image.jpg')">
            <div class="hover"></div>
            
            <div class="stickers"></div>
        </div>
    </a>
    <div>
        <h4><a href="../birra-ichnusa-cruda-33-cl.html"><b>Birra Ichnusa Cruda 33 Cl</b></a></h4>
        <p class="description">0.33 Lt</p>
        <p class="right price"><b>1.79 €</b></p>
        <p class="right unitPrice">5.43 € per litre</p>
    </div>
    <div class="contButton">
    <a class="button bgRed white addToCart" href="#">Add</a>
</div>
</div><div class="left product prod129"
        data-name="Birra Belzebuth Blonde 33 Cl"
        data-price="2.44"
        data-id="29137"
        data-available="yes"
        data-category="414"
        data-bestselling="">
    <a href="../birra-belzebuth-blonde-33-cl.html">
        <div style="background-image: url('../../cdn.spesati.com/images/products/missing-image/missing-image.jpg')">
            <div class="hover"></div>
            
            <div class="stickers"></div>
        </div>
    </a>
    <div>
        <h4><a href="../birra-belzebuth-blonde-33-cl.html"><b>Birra Belzebuth Blonde 33 Cl</b></a></h4>
        <p class="description">0.33 Lt</p>
        <p class="right price"><b>2.44 €</b></p>
        <p class="right unitPrice">7.39 € per litre</p>
    </div>
    <div class="contButton">
    <a class="button bgRed white addToCart" href="#">Add</a>
</div>
</div><div class="left product prod130"
        data-name="Birra Hb Original 33 Cl"
        data-price="1.63"
        data-id="29138"
        data-available="yes"
        data-category="414"
        data-bestselling="">
    <a href="../birra-hb-original-33-cl.html">
        <div style="background-image: url('../../cdn.spesati.com/images/products/missing-image/missing-image.jpg')">
            <div class="hover"></div>
            
            <div class="stickers"></div>
        </div>
    </a>
    <div>
        <h4><a href="../birra-hb-original-33-cl.html"><b>Birra Hb Original 33 Cl</b></a></h4>
        <p class="description">0.33 Lt</p>
        <p class="right price"><b>1.63 €</b></p>
        <p class="right unitPrice">4.94 € per litre</p>
    </div>
    <div class="contButton">
    <a class="button bgRed white addToCart" href="#">Add</a>
</div>
</div><div class="left product prod131"
        data-name="Birra Cuore Isola Ambrata 33cl"
        data-price="1.99"
        data-id="32661"
        data-available="yes"
        data-category="414"
        data-bestselling="">
    <a href="../birra-cuore-isola-ambrata-33cl.html">
        <div style="background-image: url('../../cdn.spesati.com/images/products/missing-image/missing-image.jpg')">
            <div class="hover"></div>
            
            <div class="stickers"></div>
        </div>
    </a>
    <div>
        <h4><a href="../birra-cuore-isola-ambrata-33cl.html"><b>Birra Cuore Isola Ambrata 33cl</b></a></h4>
        <p class="description">0.33 Lt</p>
        <p class="right price"><b>1.99 €</b></p>
        <p class="right unitPrice">6.03 € per litre</p>
    </div>
    <div class="contButton">
    <a class="button bgRed white addToCart" href="#">Add</a>
</div>
</div><div class="left product prod132"
        data-name="Birra Cuore Isola Bionda 33cl"
        data-price="1.99"
        data-id="32662"
        data-available="yes"
        data-category="414"
        data-bestselling="">
    <a href="../birra-cuore-isola-bionda-33cl.html">
        <div style="background-image: url('../../cdn.spesati.com/images/products/missing-image/missing-image.jpg')">
            <div class="hover"></div>
            
            <div class="stickers"></div>
        </div>
    </a>
    <div>
        <h4><a href="../birra-cuore-isola-bionda-33cl.html"><b>Birra Cuore Isola Bionda 33cl</b></a></h4>
        <p class="description">0.33 Lt</p>
        <p class="right price"><b>1.99 €</b></p>
        <p class="right unitPrice">6.03 € per litre</p>
    </div>
    <div class="contButton">
    <a class="button bgRed white addToCart" href="#">Add</a>
</div>
</div><div class="left product prod133"
        data-name="Birra Estrella 33cl"
        data-price="1.79"
        data-id="61737"
        data-available="yes"
        data-category="414"
        data-bestselling="">
    <a href="../birra-estrella-33cl.html">
        <div style="background-image: url('../../cdn.spesati.com/images/products/missing-image/missing-image.jpg')">
            <div class="hover"></div>
            
            <div class="stickers"></div>
        </div>
    </a>
    <div>
        <h4><a href="../birra-estrella-33cl.html"><b>Birra Estrella 33cl</b></a></h4>
        <p class="description">0.33 Lt</p>
        <p class="right price"><b>1.79 €</b></p>
        <p class="right unitPrice">5.42 € per litre</p>
    </div>
    <div class="contButton">
    <a class="button bgRed white addToCart" href="#">Add</a>
</div>
</div><div class="left product prod134"
        data-name="Birra Pozzo 16 50cl"
        data-price="5.12"
        data-id="66666"
        data-available="yes"
        data-category="414"
        data-bestselling="">
    <a href="../birra-pozzo-16-50cl.html">
        <div style="background-image: url('../../cdn.spesati.com/images/products/missing-image/missing-image.jpg')">
            <div class="hover"></div>
            
            <div class="stickers"></div>
        </div>
    </a>
    <div>
        <h4><a href="../birra-pozzo-16-50cl.html"><b>Birra Pozzo 16 50cl</b></a></h4>
        <p class="description">0.5 Lt</p>
        <p class="right price"><b>5.12 €</b></p>
        <p class="right unitPrice">10.25 € per litre</p>
    </div>
    <div class="contButton">
    <a class="button bgRed white addToCart" href="#">Add</a>
</div>
</div><div class="left product prod135"
        data-name="Birra Rdg Pilsner 50 Cl"
        data-price="2.79"
        data-id="69768"
        data-available="yes"
        data-category="414"
        data-bestselling="">
    <a href="../birra-rdg-pilsner-50-cl.html">
        <div style="background-image: url('../../cdn.spesati.com/images/products/missing-image/missing-image.jpg')">
            <div class="hover"></div>
            
            <div class="stickers"></div>
        </div>
    </a>
    <div>
        <h4><a href="../birra-rdg-pilsner-50-cl.html"><b>Birra Rdg Pilsner 50 Cl</b></a></h4>
        <p class="description">0.5 Lt</p>
        <p class="right price"><b>2.79 €</b></p>
        <p class="right unitPrice">5.58 € per litre</p>
    </div>
    <div class="contButton">
    <a class="button bgRed white addToCart" href="#">Add</a>
</div>
</div><div class="left product prod136"
        data-name="Birra Rdg Apa 50 Cl"
        data-price="2.79"
        data-id="69774"
        data-available="yes"
        data-category="414"
        data-bestselling="">
    <a href="../birra-rdg-apa-50-cl.html">
        <div style="background-image: url('../../cdn.spesati.com/images/products/missing-image/missing-image.jpg')">
            <div class="hover"></div>
            
            <div class="stickers"></div>
        </div>
    </a>
    <div>
        <h4><a href="../birra-rdg-apa-50-cl.html"><b>Birra Rdg Apa 50 Cl</b></a></h4>
        <p class="description">0.5 Lt</p>
        <p class="right price"><b>2.79 €</b></p>
        <p class="right unitPrice">5.58 € per litre</p>
    </div>
    <div class="contButton">
    <a class="button bgRed white addToCart" href="#">Add</a>
</div>
</div><div class="left product prod137"
        data-name="Birra Edelmeist Ipa Latt 500ml"
        data-price="1.38"
        data-id="86710"
        data-available="no"
        data-category="414"
        data-bestselling="">
    <a href="../birra-edelmeist-ipa-latt-500ml.html">
        <div style="background-image: url('../../cdn.spesati.com/images/products/000581141/edelmeister-ipa-500-ml-01.png')">
            <div class="hover"></div>
            
            <div class="stickers"></div>
        </div>
    </a>
    <div>
        <h4><a href="../birra-edelmeist-ipa-latt-500ml.html"><b>Birra Edelmeist Ipa Latt 500ml</b></a></h4>
        <p class="description">Edelmeister IPA 500 ml</p>
        <p class="right price"><b>1.38 €</b></p>
        <p class="right unitPrice">2.77 € per litre</p>
    </div>
    <div class="notAvailable">
    <a class="button bgDarkGrey white" href="../birra-edelmeist-ipa-latt-500ml.html">Not available</a>
</div>
</div><div class="left product prod138"
        data-name="Birra Ichnusa Non Filtr 3x33cl"
        data-price="3.99"
        data-id="86080"
        data-available="no"
        data-category="414"
        data-bestselling="">
    <a href="../birra-ichnusa-non-filtr-3x33cl.html">
        <div style="background-image: url('../../cdn.spesati.com/images/products/000432686/ichnusa-non-filtrata-3-x-33-cl-01.png')">
            <div class="hover"></div>
            
            <div class="stickers"></div>
        </div>
    </a>
    <div>
        <h4><a href="../birra-ichnusa-non-filtr-3x33cl.html"><b>Birra Ichnusa Non Filtr 3x33cl</b></a></h4>
        <p class="description">Ichnusa Non Filtrata 3 x 33 cl</p>
        <p class="right price"><b>3.99 €</b></p>
        <p class="right unitPrice">4.99 € per litre</p>
    </div>
    <div class="notAvailable">
    <a class="button bgDarkGrey white" href="../birra-ichnusa-non-filtr-3x33cl.html">Not available</a>
</div>
</div><div class="left product prod139"
        data-name="Birra Grimb Couvette Nat 2x75c"
        data-price="13.47"
        data-id="80668"
        data-available="no"
        data-category="414"
        data-bestselling="">
    <a href="../birra-grimb-couvette-nat-2x75c.html">
        <div style="background-image: url('../../cdn.spesati.com/images/products/000432446/grimbergen-blonde-double-ambree-2-x-75-cl-vanini-fondente-2-x-100-g-01.png')">
            <div class="hover"></div>
            
            <div class="stickers"></div>
        </div>
    </a>
    <div>
        <h4><a href="../birra-grimb-couvette-nat-2x75c.html"><b>Birra Grimb Couvette Nat 2x75c</b></a></h4>
        <p class="description">Grimbergen Blonde + Double Ambrée 2 x 75 cl & Vanini fondente 2 x 100 g</p>
        <p class="right price"><b>13.47 €</b></p>
        <p class="right unitPrice">8.98 € per litre</p>
    </div>
    <div class="notAvailable">
    <a class="button bgDarkGrey white" href="../birra-grimb-couvette-nat-2x75c.html">Not available</a>
</div>
</div><div class="left product prod140"
        data-name="Birra Ceres Chiara Bio Lat 33"
        data-price="1.76"
        data-id="67854"
        data-available="no"
        data-category="414"
        data-bestselling="">
    <a href="../birra-ceres-chiara-bio-lat-33.html">
        <div style="background-image: url('../../cdn.spesati.com/images/products/000431941/ceres-dirty-lager-50-da-33cl-01.png')">
            <div class="hover"></div>
            
            <div class="stickers"></div>
        </div>
    </a>
    <div>
        <h4><a href="../birra-ceres-chiara-bio-lat-33.html"><b>Birra Ceres Chiara Bio Lat 33</b></a></h4>
        <p class="description">Ceres Dirty Lager 5,0 da 33cl</p>
        <p class="right price"><b>1.76 €</b></p>
        <p class="right unitPrice">5.33 € per litre</p>
    </div>
    <div class="notAvailable">
    <a class="button bgDarkGrey white" href="../birra-ceres-chiara-bio-lat-33.html">Not available</a>
</div>
</div><div class="left product prod141"
        data-name="Birra Moretti Filtr Fredd 55cl"
        data-price="1.79"
        data-id="66747"
        data-available="no"
        data-category="414"
        data-bestselling="">
    <a href="../birra-moretti-filtr-fredd-55cl.html">
        <div style="background-image: url('../../cdn.spesati.com/images/products/000431811/birra-moretti-filtrata-a-freddo-55-cl-01.png')">
            <div class="hover"></div>
            
            <div class="stickers"></div>
        </div>
    </a>
    <div>
        <h4><a href="../birra-moretti-filtr-fredd-55cl.html"><b>Birra Moretti Filtr Fredd 55cl</b></a></h4>
        <p class="description">Birra Moretti Filtrata a Freddo 55 cl</p>
        <p class="right price"><b>1.79 €</b></p>
        <p class="right unitPrice">2.71 € per litre</p>
    </div>
    <div class="notAvailable">
    <a class="button bgDarkGrey white" href="../birra-moretti-filtr-fredd-55cl.html">Not available</a>
</div>
</div><div class="left product prod142"
        data-name="Birra Cuore Isola Bionda 50cl"
        data-price="3.72"
        data-id="28897"
        data-available="no"
        data-category="414"
        data-bestselling="">
    <a href="../birra-cuore-isola-bionda-50cl.html">
        <div style="background-image: url('../../cdn.spesati.com/images/products/000209457/cuore-dellisola-pedra-jara-birra-di-sardegna-chiara-50-cl-01.png')">
            <div class="hover"></div>
            
            <div class="stickers"></div>
        </div>
    </a>
    <div>
        <h4><a href="../birra-cuore-isola-bionda-50cl.html"><b>Birra Cuore Isola Bionda 50cl</b></a></h4>
        <p class="description">cuore dell'isola pedra jara Birra di Sardegna Chiara 50 CL</p>
        <p class="right price"><b>3.72 €</b></p>
        <p class="right unitPrice">7.44 € per litre</p>
    </div>
    <div class="notAvailable">
    <a class="button bgDarkGrey white" href="../birra-cuore-isola-bionda-50cl.html">Not available</a>
</div>
</div><div class="left product prod143"
        data-name="Birra Ceres Mosaic Ipa 33cl"
        data-price="2.15"
        data-id="61500"
        data-available="no"
        data-category="414"
        data-bestselling="">
    <a href="../birra-ceres-mosaic-ipa-33cl.html">
        <div style="background-image: url('../../cdn.spesati.com/images/products/000205086/ceres-mosaic-ipa-57-33-cl-01.png')">
            <div class="hover"></div>
            
            <div class="stickers"></div>
        </div>
    </a>
    <div>
        <h4><a href="../birra-ceres-mosaic-ipa-33cl.html"><b>Birra Ceres Mosaic Ipa 33cl</b></a></h4>
        <p class="description">Ceres Mosaic Ipa 5,7 33 cl</p>
        <p class="right price"><b>2.15 €</b></p>
        <p class="right unitPrice">6.51 € per litre</p>
    </div>
    <div class="notAvailable">
    <a class="button bgDarkGrey white" href="../birra-ceres-mosaic-ipa-33cl.html">Not available</a>
</div>
</div><div class="left product prod144"
        data-name="Birra Grimbergen Blonde 33 Cl"
        data-price="2.88"
        data-id="28267"
        data-available="no"
        data-category="414"
        data-bestselling="">
    <a href="../birra-grimbergen-blonde-33-cl.html">
        <div style="background-image: url('../../cdn.spesati.com/images/products/000204201/grimbergen-blonde-33-cl-01.png')">
            <div class="hover"></div>
            
            <div class="stickers"></div>
        </div>
    </a>
    <div>
        <h4><a href="../birra-grimbergen-blonde-33-cl.html"><b>Birra Grimbergen Blonde 33 Cl</b></a></h4>
        <p class="description">Grimbergen Blonde 33 cL</p>
        <p class="right price"><b>2.88 €</b></p>
        <p class="right unitPrice">8.74 € per litre</p>
    </div>
    <div class="notAvailable">
    <a class="button bgDarkGrey white" href="../birra-grimbergen-blonde-33-cl.html">Not available</a>
</div>
</div><div class="left product prod145"
        data-name="Birra Carlsberg 50 Cl"
        data-price="2.52"
        data-id="28266"
        data-available="no"
        data-category="414"
        data-bestselling="">
    <a href="../birra-carlsberg-50-cl.html">
        <div style="background-image: url('../../cdn.spesati.com/images/products/000204200/carlsberg-pilsner-50-cl-01.png')">
            <div class="hover"></div>
            
            <div class="stickers"></div>
        </div>
    </a>
    <div>
        <h4><a href="../birra-carlsberg-50-cl.html"><b>Birra Carlsberg 50 Cl</b></a></h4>
        <p class="description">Carlsberg Pilsner 50 cl</p>
        <p class="right price"><b>2.52 €</b></p>
        <p class="right unitPrice">5.04 € per litre</p>
    </div>
    <div class="notAvailable">
    <a class="button bgDarkGrey white" href="../birra-carlsberg-50-cl.html">Not available</a>
</div>
</div><div class="left product prod146"
        data-name="Birra Wiening Hefe Weizen 50cl"
        data-price="1.86"
        data-id="28153"
        data-available="no"
        data-category="414"
        data-bestselling="">
    <a href="../birra-wiening-hefe-weizen-50cl.html">
        <div style="background-image: url('../../cdn.spesati.com/images/products/000203262/wieninger-hefe-weizen-05-l-01.png')">
            <div class="hover"></div>
            
            <div class="stickers"></div>
        </div>
    </a>
    <div>
        <h4><a href="../birra-wiening-hefe-weizen-50cl.html"><b>Birra Wiening Hefe Weizen 50cl</b></a></h4>
        <p class="description">Wieninger Hefe Weizen 0,5 l</p>
        <p class="right price"><b>1.86 €</b></p>
        <p class="right unitPrice">3.72 € per litre</p>
    </div>
    <div class="notAvailable">
    <a class="button bgDarkGrey white" href="../birra-wiening-hefe-weizen-50cl.html">Not available</a>
</div>
</div><div class="left product prod147"
        data-name="Birra Wiening Helles 50cl"
        data-price="1.86"
        data-id="28152"
        data-available="no"
        data-category="414"
        data-bestselling="">
    <a href="../birra-wiening-helles-50cl.html">
        <div style="background-image: url('../../cdn.spesati.com/images/products/000203261/wieninger-helles-05-l-01.png')">
            <div class="hover"></div>
            
            <div class="stickers"></div>
        </div>
    </a>
    <div>
        <h4><a href="../birra-wiening-helles-50cl.html"><b>Birra Wiening Helles 50cl</b></a></h4>
        <p class="description">Wieninger Helles 0,5 l</p>
        <p class="right price"><b>1.86 €</b></p>
        <p class="right unitPrice">3.72 € per litre</p>
    </div>
    <div class="notAvailable">
    <a class="button bgDarkGrey white" href="../birra-wiening-helles-50cl.html">Not available</a>
</div>
</div><div class="left product prod148"
        data-name="Birra Chimay Triple 33Cl"
        data-price="3.65"
        data-id="5688"
        data-available="no"
        data-category="414"
        data-bestselling="">
    <a href="../birra-chimay-triple-33cl.html">
        <div style="background-image: url('../../cdn.spesati.com/images/products/000203075/chimay-triple-ale-birra-trappista-belga-033-l-01.png')">
            <div class="hover"></div>
            
            <div class="stickers"></div>
        </div>
    </a>
    <div>
        <h4><a href="../birra-chimay-triple-33cl.html"><b>Birra Chimay Triple 33Cl</b></a></h4>
        <p class="description">Chimay Triple Ale Birra Trappista Belga 0,33 L</p>
        <p class="right price"><b>3.65 €</b></p>
        <p class="right unitPrice">11.05 € per litre</p>
    </div>
    <div class="notAvailable">
    <a class="button bgDarkGrey white" href="../birra-chimay-triple-33cl.html">Not available</a>
</div>
</div><div class="left product prod149"
        data-name="Birra Chimay Tappo Blu 33cl"
        data-price="3.58"
        data-id="28092"
        data-available="no"
        data-category="414"
        data-bestselling="">
    <a href="../birra-chimay-tappo-blu-33cl.html">
        <div style="background-image: url('../../cdn.spesati.com/images/products/000203074/chimay-blu-birra-trappista-belga-033-l-01.png')">
            <div class="hover"></div>
            
            <div class="stickers"></div>
        </div>
    </a>
    <div>
        <h4><a href="../birra-chimay-tappo-blu-33cl.html"><b>Birra Chimay Tappo Blu 33cl</b></a></h4>
        <p class="description">Chimay Blu Birra Trappista Belga 0,33 L</p>
        <p class="right price"><b>3.58 €</b></p>
        <p class="right unitPrice">10.83 € per litre</p>
    </div>
    <div class="notAvailable">
    <a class="button bgDarkGrey white" href="../birra-chimay-tappo-blu-33cl.html">Not available</a>
</div>
</div><div class="left product prod150"
        data-name="Birra Peroni Rossa Gr Ris 50cl"
        data-price="2.19"
        data-id="27945"
        data-available="no"
        data-category="414"
        data-bestselling="">
    <a href="../birra-peroni-rossa-gr-ris-50cl.html">
        <div style="background-image: url('../../cdn.spesati.com/images/products/000202345/peroni-gran-riserva-rossa-vienna-style-50-cl-01.png')">
            <div class="hover"></div>
            
            <div class="stickers"></div>
        </div>
    </a>
    <div>
        <h4><a href="../birra-peroni-rossa-gr-ris-50cl.html"><b>Birra Peroni Rossa Gr Ris 50cl</b></a></h4>
        <p class="description">Peroni Gran Riserva Rossa Vienna Style 50 cl</p>
        <p class="right price"><b>2.19 €</b></p>
        <p class="right unitPrice">4.38 € per litre</p>
    </div>
    <div class="notAvailable">
    <a class="button bgDarkGrey white" href="../birra-peroni-rossa-gr-ris-50cl.html">Not available</a>
</div>
</div><div class="left product prod151"
        data-name="Birra Beck's 50cl Lattina"
        data-price="1.71"
        data-id="27899"
        data-available="no"
        data-category="414"
        data-bestselling="">
    <a href="../birra-becks-50cl-lattina.html">
        <div style="background-image: url('../../cdn.spesati.com/images/products/000202065/becks-pils-lattina-8-x-50-cl-01.png')">
            <div class="hover"></div>
            
            <div class="stickers"></div>
        </div>
    </a>
    <div>
        <h4><a href="../birra-becks-50cl-lattina.html"><b>Birra Beck's 50cl Lattina</b></a></h4>
        <p class="description">Beck's Pils lattina 8 x 50 cl</p>
        <p class="right price"><b>1.71 €</b></p>
        <p class="right unitPrice">3.42 € per litre</p>
    </div>
    <div class="notAvailable">
    <a class="button bgDarkGrey white" href="../birra-becks-50cl-lattina.html">Not available</a>
</div>
</div><div class="left product prod152"
        data-name="Birra Franziskan Hell 6l"
        data-price="37.85"
        data-id="28128"
        data-available="no"
        data-category="414"
        data-bestselling="">
    <a href="../birra-franziskan-hell-6l.html">
        <div style="background-image: url('../../cdn.spesati.com/images/products/missing-image/missing-image.jpg')">
            <div class="hover"></div>
            
            <div class="stickers"></div>
        </div>
    </a>
    <div>
        <h4><a href="../birra-franziskan-hell-6l.html"><b>Birra Franziskan Hell 6l</b></a></h4>
        <p class="description">5 Lt</p>
        <p class="right price"><b>37.85 €</b></p>
        <p class="right unitPrice">7.56 € per litre</p>
    </div>
    <div class="notAvailable">
    <a class="button bgDarkGrey white" href="../birra-franziskan-hell-6l.html">Not available</a>
</div>
</div><div class="left product prod153"
        data-name="Birra Di Natale Miele Tigl 75"
        data-price="5.09"
        data-id="64902"
        data-available="no"
        data-category="414"
        data-bestselling="">
    <a href="../birra-di-natale-miele-tigl-75.html">
        <div style="background-image: url('../../cdn.spesati.com/images/products/missing-image/missing-image.jpg')">
            <div class="hover"></div>
            
            <div class="stickers"></div>
        </div>
    </a>
    <div>
        <h4><a href="../birra-di-natale-miele-tigl-75.html"><b>Birra Di Natale Miele Tigl 75</b></a></h4>
        <p class="description">1 piece</p>
        <p class="right price"><b>5.09 €</b></p>
        <p class="right unitPrice">5.09 € per piece</p>
    </div>
    <div class="notAvailable">
    <a class="button bgDarkGrey white" href="../birra-di-natale-miele-tigl-75.html">Not available</a>
</div>
</div><div class="left product prod154"
        data-name="Birra Rdg Weizen 50 Cl"
        data-price="2.79"
        data-id="69771"
        data-available="no"
        data-category="414"
        data-bestselling="">
    <a href="../birra-rdg-weizen-50-cl.html">
        <div style="background-image: url('../../cdn.spesati.com/images/products/missing-image/missing-image.jpg')">
            <div class="hover"></div>
            
            <div class="stickers"></div>
        </div>
    </a>
    <div>
        <h4><a href="../birra-rdg-weizen-50-cl.html"><b>Birra Rdg Weizen 50 Cl</b></a></h4>
        <p class="description">0.5 Lt</p>
        <p class="right price"><b>2.79 €</b></p>
        <p class="right unitPrice">5.58 € per litre</p>
    </div>
    <div class="notAvailable">
    <a class="button bgDarkGrey white" href="../birra-rdg-weizen-50-cl.html">Not available</a>
</div>
</div>        </div>
    </div>
</section>
<div class="footer">
    <div class="bgDarkGrey"></div>
    <footer>
        <div class="left bgDarkGrey">
            <a id="logoFooter" href="../index.html" class="estDynamic">
                <img src="../../cdn.spesati.com/images/layout/logo-eng.png" alt="Spesati.com" />
                <h2 class="red">Grocery Delivery</h2>
            </a>
            <a class="button bgRed white mobile" href="tel:390707968318">Phone order</a>
            <a class="button bgRed white desktop" href="../news/2020-04-07/news-on-spesati-the-telephone-order-service-is-active.html">Phone order</a>
            <a class="button bgRed white" href="../cdn-cgi/l/email-protection.html#d8b1b6beb798aba8bdabb9acb1f6bbb7b5">Send mail</a>
            <div id="social">
                <a class="left" href="https://www.facebook.com/spesati/" rel="external" target="_blank">
                    <span class="facebook bgRed fa-stack fa-lg">
                        <i class="fa fa-facebook fa-stack-1x "></i>
                    </span>
                </a>
                <a class="right" href="https://twitter.com/spesati" rel="external" target="_blank">
                    <span class="twitter bgRed fa-stack fa-lg">
                        <i class="fa fa-twitter fa-stack-1x "></i>
                    </span>
                </a>
            </div>
            <p>Copyright 2024 Spesati.com </p>
            
                    <p>All rights reserved</p>
                    <p>SPESATI SRL</p>
                    <p>Corso Vittorio Veneto 15/I, 07026, Olbia</p>
                    <p>CF e P.Iva: 02772380909</p>
                        </div>
        <div class="center bgRed">
            <div class="top">
                <h3>Categories</h3>
                <div class="col">
                    <ul>
                        <li>
                            <a href="#" class="estDynamic">On sale</a>
                        </li>
                        <li>
                            <a href="../fruit-and-vegetables.html" class="estDynamic">Fruit and vegetables</a>
                        </li>
                        <li>
                            <a href="../fresh-products.html" class="estDynamic">Fresh products</a>
                        </li>
                        <li>
                            <a href="../frozen-foods.html" class="estDynamic">Frozen foods</a>
                        </li>
                        <li>
                            <a href="../bread-and-pasta.html" class="estDynamic">Bread and pasta</a>
                        </li>
                        <li>
                            <a href="../meat.html" class="estDynamic">Meat</a>
                        </li>
                        <li>
                            <a href="../fish.html" class="estDynamic">Fish</a>
                        </li>
                    </ul>
                </div>
                <div class="col">
                    <ul>
                        <li>
                            <a href="../wine-beer-and-spirits.html" class="estDynamic">Wine beer and spirits</a>
                        </li>
                        <li>
                            <a href="../water-and-drinks.html" class="estDynamic">Water and drinks</a>
                        </li>
                        <li>
                            <a href="../sweets.html" class="estDynamic">Sweets</a>
                        </li>
                        <li>
                            <a href="../shelf.html" class="estDynamic">Cupboard</a>
                        </li>
                        <li>
                            <a href="../personal-care.html" class="estDynamic">Personal care</a>
                        </li>
                        <li>
                            <a href="../household-and-outdoors.html" class="estDynamic">Home and outdoors</a>
                        </li>
                        <li>
                            <a href="../pet.html" class="estDynamic">Pets</a>
                        </li>
                    </ul>
                </div>
                <div class="col">
                    <ul>
                        <li>
                            <a href="../technology.html" class="estDynamic">Technology</a>
                        </li>
                        <li>
                            <a href="../gluten-free.html" class="estDynamic">Gluten free</a>
                        </li>
                        <li>
                            <a href="../lactose-free.html" class="estDynamic">Lactose free</a>
                        </li>
                        <li>
                            <a href="../special.html" class="estDynamic">Special</a>
                        </li>
                        <li>
                            <a href="../sardinian-products.html" class="estDynamic">Sardinian products</a>
                        </li>
                    </ul>
                </div>
            </div>
            <div class="bottom bgRed">
                <div class="left">
                    <h3>Delivery payment</h3>
                    <div>
                        <i class="fa fa-money fa-3x" aria-hidden="true"></i>
                        <p>Cash</p>
                    </div>
                    <div>
                        <i class="fa fa-credit-card fa-3x" aria-hidden="true"></i>
                        <p>Bancomat or card</p>
                    </div>
                </div>
                <div class="right">
                    <h3>Online payment</h3>
                    <div>
                        <i class="fa fa-credit-card fa-3x" aria-hidden="true"></i>
                        <p>Credit or debit card <span class="red">online</span></p>
                    </div>
                    <div>
                        <i class="fa fa-paypal fa-3x" aria-hidden="true"></i>
                        <p>PayPal</p>
                    </div>
                    <div>
                        <i class="fa fa-university fa-3x" aria-hidden="true"></i>
                        <p>Bank transfer</p>
                    </div>
                </div>
            </div>
        </div>
        <div class="right bgRed">
            <div>
                <i class="fa fa-truck fa-flip-horizontal"></i>
                <a class="button bgYellow white" href="../delivery-prices.html">Delivery prices</a>
                
                    <h3>Home delivery:</h3>
                    <p><b>Monday to Saturday</b></p>
                    <p><b>9:00 to 20:00</b></p>
                    <p><b>Minimum order:</b> 29€</p>
                    <p><b>Delivery starting from:</b> 3,50€</p>
                            </div>
            <ul>
                <li>
                    <a href="../delivery-prices.html">Delivery prices</a>
                </li>
                <li>
                    <a href="../about.html">About</a>
                </li>
                <li>
                    <a href="../faq.html">Faq</a>
                </li>
                <li>
                    <a href="../customer-care.html">Support</a>
                </li>
                <li>
                    <a href="../news.html">Blog</a>
                </li>
                <li>
                    <a href="../terms-and-conditions.html">Conditions</a>
                </li>
                <li>
                    <a href="../privacy-policy.html">Privacy policy</a>
                </li>
                <li>
                    <a href="../legal-warranty.html">Legal guarantee</a>
                </li>
            </ul>
        </div>
    </footer>
    <div class="bgRed"></div>
</div>
<!--Start of Tawk.to Script-->
<script data-cfasync="false" src="../cdn-cgi/scripts/5c5dd728/cloudflare-static/email-decode.min.js"></script><script type="text/javascript">
var Tawk_API=Tawk_API||{}, Tawk_LoadStart=new Date();
(function(){
var s1=document.createElement("script"),s0=document.getElementsByTagName("script")[0];
s1.async=true;
s1.src='https://embed.tawk.to/59e86945c28eca75e4626ed9/default';
s1.charset='UTF-8';
s1.setAttribute('crossorigin','*');
s0.parentNode.insertBefore(s1,s0);
})();
</script>
<!--End of Tawk.to Script-->

<!-- Here are parked a few translatable strings, useful for Javascript rendering -->
<div id="js-texts" hidden>
    <input type="hidden" name="save_cart_notice" value="Saving your cart it will be possible to reload it next time you come for shopping">
    <input type="hidden" name="save_cart_notice_title" value="Want to save your cart?">
    <input type="hidden" name="save_cart_ok" value="Save">
    <input type="hidden" name="save_cart_ko" value="Don't Save">
    <input type="hidden" name="reload_cart" value="The Reload Order function allows you to top up your last cart to make a New Order. Warning: do not use this function to add products to the last order. At this time it is not possible to modify an order placed previously.">
</div>

<!-- new site and login popup -->
</body>
<!-- Mirrored from www.spesati.com/wine-beer-and-spirits/beer by HTTrack Website Copier/3.x [XR&CO'2014], Fri, 23 Feb 2024 18:04:18 GMT -->
</html>