<!DOCTYPE html><html lang="en">
<!-- Mirrored from www.spesati.com/wine-beer-and-spirits/liquors by HTTrack Website Copier/3.x [XR&CO'2014], Fri, 23 Feb 2024 18:08:55 GMT -->
<!-- Added by HTTrack --><meta http-equiv="content-type" content="text/html;charset=utf-8" /><!-- /Added by HTTrack -->
<head>
    <title>Liquors - Wine beer and spirits - Spesati.com</title>
    <meta http-equiv="Content-Type" content="text/html; charset=UTF-8" />
    <meta name="description" content="" />
    <meta name="keywords" content="" />
    <link href="../images/favicon.ico" rel="shortcut icon" type="image/x-icon" />
    <meta name="author" content="www.dodify.com" /><link rel="canonical" href="liquors.html" /><link rel="alternate" hreflang="en" href="liquors.html" /><link rel="alternate" hreflang="it" href="https://www.spesati.it/vino-birra-e-alcolici/liquori" /><link href="../../cdnjs.cloudflare.com/ajax/libs/meyer-reset/2.0/reset.min.css" rel="stylesheet" type="text/css" /><link href="../../cdnjs.cloudflare.com/ajax/libs/font-awesome/6.5.1/css/all.min.css" rel="stylesheet" type="text/css" /><link href="https://fonts.googleapis.com/css?family=Montserrat:400,700" rel="stylesheet" type="text/css" /><link href="../../cdnjs.cloudflare.com/ajax/libs/fancybox/2.1.5/jquery.fancybox.min.css" rel="stylesheet" type="text/css" /><link href="../style/mainbea6.css?v=7" rel="stylesheet" type="text/css" /><link href="../style/lightslider.css" rel="stylesheet" type="text/css" /><link href="../style/categories.css" rel="stylesheet" type="text/css" /><script src="../../cdnjs.cloudflare.com/ajax/libs/jquery/3.6.1/jquery.min.js" type="text/javascript"></script><script src="../../ajax.googleapis.com/ajax/libs/jquery/1.11.0/jquery.min.js" type="text/javascript"></script><script src="http://unpkg.com/@floating-ui/core@0.4.0" type="text/javascript"></script><script src="http://unpkg.com/@floating-ui/dom@0.2.0" type="text/javascript"></script><script src="../../cdnjs.cloudflare.com/ajax/libs/fancybox/2.1.5/jquery.fancybox.min.js" type="text/javascript"></script><script src="../js/menu.js" type="text/javascript"></script><script src="../js/interfaceb6f5.js?v=10" type="text/javascript"></script><script src="../js/spesati.lightslider.min.js" type="text/javascript"></script><meta name="viewport" content="width=device-width, initial-scale=1, maximum-scale=1" /><meta name = "format-detection" content = "telephone=no">
<!-- Facebook Pixel Code -->
<script>
  !function(f,b,e,v,n,t,s)
  {if(f.fbq)return;n=f.fbq=function(){n.callMethod?
  n.callMethod.apply(n,arguments):n.queue.push(arguments)};
  if(!f._fbq)f._fbq=n;n.push=n;n.loaded=!0;n.version='2.0';
  n.queue=[];t=b.createElement(e);t.async=!0;
  t.src=v;s=b.getElementsByTagName(e)[0];
  s.parentNode.insertBefore(t,s)}(window, document,'script',
  '../../connect.facebook.net/en_US/fbevents.js');
  fbq('init', '792335014180667');
  fbq('track', 'PageView');
</script>
<noscript>
    <img height="1" width="1" style="display:none" src="https://www.facebook.com/tr?id=792335014180667&amp;ev=PageView&amp;noscript=1" />
</noscript>
<!-- End Facebook Pixel Code -->

<!-- GA4 -->
<script async src="https://www.googletagmanager.com/gtag/js?id=G-SSS6NRNXL0"></script>
<script>
  window.dataLayer = window.dataLayer || [];
  function gtag(){dataLayer.push(arguments);}
  gtag('js', new Date());
  gtag('config', 'AW-976671669');
  gtag('config', 'G-SSS6NRNXL0');
</script>
<!-- Elements for PWA deploy -->
<link rel="manifest" href="../manifest.json">
<meta name="theme-color" media="(prefers-color-scheme: light)" content="white">
<meta name="theme-color" media="(prefers-color-scheme: dark)"  content="black">
<link href=../images/icon-192.png rel=apple-touch-icon sizes="192x192">
<!-- Establishment logic -->
<script>var pageEstablishment = "Olbia"; var estDefaultPages = true</script>
    <!--[if lt IE 9]>
        <script src="https://cdnjs.cloudflare.com/ajax/libs/html5shiv/3.7.3/html5shiv.min.js" type="text/javascript"></script>
    <![endif]--><script type="text/javascript">
$(document).ready(function() {
    // Check if exists cookie
    if(document.cookie.indexOf("cookieAccepted") < 0) {
        var cookieText = '<div id=\"cookie\"><p>This site uses cookies. Cookies are used for ads personalisation. <a href=\"/privacy-policy\">More info</a></p><button id=\"cookieConsent\" type=\"button\">Accept</button></div>';
        $("body").append($(
            cookieText
        ));
        $('#cookie').css({
            'width'           : '100%',
            'text-align'      : 'center',
            'color'           : '#FFFFFF',
            'background-color': '#000000', 
            'opacity'         : '.8', 
            'position'        : 'fixed', 
            'bottom'          : '0',
            'padding'         : '.5em 0',
            'z-index'         : '999'
        });
        $('#cookie > *').css({
            'display': 'inline'
        });
        $('#cookie a').css({
            'color'          : '#FFFFFF',
            'text-decoration': 'underline',
            'margin-right'   : '2%'
        });
        $('#cookieConsent').click(function() {
            // Set cookie
            var expiry = new Date();
            expiry.setTime(expiry.getTime() + (365 * 24 * 60 * 60 * 1000));
            document.cookie = "cookieAccepted=yes; expires=" + expiry.toGMTString() + "; path=/; domain=.spesati.com";
            $('#cookie').css({'display': 'none'});
        });
    }
});
</script></head><body><script type="text/javascript">
    var addText = "Add";
    var slider  = null;
    $(document).ready(function() {
        slider = $('#cartSlider').lightSlider({
            controls: false,
            item:13,
            loop:false,
            slideMove:1,
            easing: 'cubic-bezier(0.25, 0, 0.25, 1)',
            speed:600,
            responsive : [
                {
                    breakpoint:1400,
                    settings: {
                        item:12,
                        slideMove:1,
                    }
                },
                {
                    breakpoint:1200,
                    settings: {
                        item:11,
                        slideMove:1,
                    }
                },
                {
                    breakpoint:1080,
                    settings: {
                        item:14,
                        slideMove:1,
                    }
                },
                {
                    breakpoint:800,
                    settings: {
                        item:12,
                        slideMove:1,
                    }
                }
            ]
        });
        $('.lSPager').css("display","none");
        $('.lSAction').css("display","block");
        $('#goToPrevSlide').on('click', function () {
            slider.goToPrevSlide();
        });
        $('#goToNextSlide').on('click', function () {
            slider.goToNextSlide();
        });
    });

</script>
<div id="header" class="bgYellow">
    <header>
        <a class="menu" href="#"><i class="fa red fa-bars fa-2x"></i></a>
        <a id="logo" class="colLeft estDynamic" href="../index.html">
            <img src="../../cdn.spesati.com/images/layout/logo-eng.png" alt="Spesati.com" />
            <h2 class="red">Grocery Delivery</h2>
        </a>
        <div class="colRight">
            <div id="controls" class="right">
                <p id="establishmentControls">
                    <span class="establishmentWarning"><i class="fa-solid fa-triangle-exclamation red" title="Stai visualizzando i prodotti disponibili in una zona diversa. Se vuoi cambiare zona, cliccan qui"></i>&nbsp;&nbsp;</span>
                    Shopping from <b><a id="establishment" href="#"></a></b> <span id="estAddress">for </span> <a href="../change-establishment.html">(<i class="fa-solid fa-pencil"></i> Change)</a> <span class="establishmentWarning">but viewing <b>Olbia</b></span>
                </p>
                <p><a href="https://www.spesati.it/vino-birra-e-alcolici/liquori" class="black switch-site">Versione italiana</a></p>                
            </div>
            <div>
                <form id="search" action="https://www.spesati.com/search" method="post" class="left">
                    <fieldset>
                        <div>
                            <input type="text" name="searchBox" id="searchBox" placeholder="Search for a product"></input>
                            <input id="searchButton" type="submit" name="searchButton" class="button bgRed white left" value="Find" />
                        </div>
                    </fieldset>
                </form>
                <div class="center left">
                    <a class="button bgRed white log-in" href="../login.html">Login</a>
                    <a class="button bgRed white sign-up" href="../sign-up.html">Sign up</a>
                    <a class="button bgRed white profile" href="../profile.html">Profile</a>
                    <a class="button bgRed white log-out" href="../index.html" data-endpoint-check-cart="https://api.spesati.com/cart/check">Logout</a>
                </div>
                <div class="right user-function-icons">
                    <a class="red left account"><i class="fa fa-user fa-3x"></i></a>
                    <div id="dropdown">
                        <a class="log-in button bgRed white" href="../login.html">Login</a>
                        <a class="sign-up button bgRed white" href="../sign-up.html">Sign up</a>
                        <a class="profile button bgRed white" href="../profile.html">Profile</a>
                        <a class="log-out button bgRed white" href="../index.html">Logout</a>
                    </div>

                    <div class="cart left">
                        <i class="fa fa-sm fa-shopping-cart red" aria-hidden="true" id="shipping-cart-button"></i>
                        <p id="cartQuantity"></p>
                    </div>

                    <a class="right" href="../cart.html"><p class="black" id="cartTotal"></p></a>
                </div>
            </div>
                            <div id="previewCart">
                    <i id="goToPrevSlide" class="yellow fa fa-angle-left fa-2x" aria-hidden="true"></i>
                    <div><ul id="cartSlider"></ul></div>
                    <i id="goToNextSlide" class="yellow fa fa-angle-right fa-2x" aria-hidden="true"></i>
                </div>
                    </div>
    </header>

    <div id="shipping-cart-options" data-inited="false">
        <a href="../cart.html" class="goto-cart">checkout</a>
        <a href="#" data-endpoint-auth="https://api.spesati.com/cart/save" data-endpoint-noauth="/login" class="save-cart">save</a>
        <a href="#" data-endpoint-auth="https://api.spesati.com/cart/load" class="load-cart">load</a>
    </div>
</div>
<div id="menuCategoriesMobile" class="mobile bgRed">
    <div class="closeMenu">
        <i class="fa fa-times fa-2x white"></i>
        Close
    </div>
    <ul class="bgRed white">
        <div id="langMobile" class="right">
        <a href="https://www.spesati.it/vino-birra-e-alcolici/liquori" class="white switch-site"><p>Versione italiana</p></a>    </div>
        <li><a>Categories</a>
            <ul class="bgWhite">
                <li>
                    <img src="../../cdn.spesati.com/images/menu/on-sale.png"/>
                    On sale                    <i class="fa fa-angle-down" aria-hidden="true"></i>
                    <ul class="sub-menu">
                    <li>
    <a href="../tacchino-fesa-a-fette.html">Tacchino Fesa A Fette</a>
</li><li>
    <a href="../amaro-montenegro-15lt.html">Amaro Montenegro 1,5lt</a>
</li><li>
    <a href="../carbone-di-legna-sacco-10kg.html">Carbone Di Legna Sacco 10Kg</a>
</li><li>
    <a href="../filu-e-ferru-silvio-carta-70cl.html">Filu E Ferru Silvio Carta 70Cl</a>
</li><li>
    <a href="../braciole-suino-con-cotenna.html">Braciole Suino Con Cotenna</a>
</li><li>
    <a href="../bovino-adulto-polpa.html">Bovino Adulto Polpa</a>
</li><li>
    <a href="../vino-la-palma-cannonau-le-bombarde.html">Vino La Palma Cannonau Le Bombarde</a>
</li><li>
    <a href="../fettine-sceltissime-bovino-adulto.html">Fettine Sceltissime Bovino Adulto</a>
</li><li>
    <a href="../suino-fettine-scelte.html">Suino Fettine Scelte</a>
</li><li>
    <a href="../lavazza-caffe-qualita-rossa-2x250gr.html">Lavazza Caffé Qualità Rossa 2x250gr</a>
</li>                        <li>
                            <a class="estDynamic" href="../on-offer.html">All products on sale</a>
                        </li>
                    </ul>
                </li>
                <li>
                    <img src="../../cdn.spesati.com/images/menu/gift.png"/>
                    Gifts                    <i class="fa fa-angle-down" aria-hidden="true"></i>
                    <ul class="sub-menu">
                        <li>
    <a href="../gift-card-da-150.html">Gift Card Da 150</a>
</li><li>
    <a href="../gift-card-da-100.html">Gift Card Da 100</a>
</li><li>
    <a href="../gift-card-da-50.html">Gift Card Da 50</a>
</li><li>
    <a href="../gift-card-da-25.html">Gift Card Da 25</a>
</li>                        <li>
                            <a class="estDynamic" href="../gift.html">All products in the gifts category</a>
                        </li>
                    </ul>
                </li>
                <li>
                    <img src="../../cdn.spesati.com/images/menu/gift-card.png"/>
                    Gift card and discounts                    <i class="fa fa-angle-down" aria-hidden="true"></i>
                    <ul class="sub-menu">
                        <li>
    <a href="../gift-card-da-150.html">Gift Card Da 150</a>
</li><li>
    <a href="../gift-card-da-100.html">Gift Card Da 100</a>
</li><li>
    <a href="../gift-card-da-50.html">Gift Card Da 50</a>
</li><li>
    <a href="../gift-card-da-25.html">Gift Card Da 25</a>
</li>                    </ul>
                </li>
                <li>
                    <img src="../../cdn.spesati.com/images/menu/fuit-and-vegetables.png"/>
                    Fruit and vegetables                    <i class="fa fa-angle-down" aria-hidden="true"></i>
                    <ul class="sub-menu">
                        <li>
                            <a class="estDynamic" href="../fruit-and-vegetables/pulses-and-beans.html">Cereals and pulses and beans</a>
                        </li>
                        <li>
                            <a class="estDynamic" href="../fruit-and-vegetables/fruit.html">Fruit</a>
                        </li>
                        <li>
                            <a class="estDynamic" href="../fruit-and-vegetables/canned-fruit.html">Canned fruit</a>
                        </li>
                        <li>
                            <a class="estDynamic" href="../fruit-and-vegetables/dried-fruit.html">Dried fruit</a>
                        </li>
                        <li>
                            <a class="estDynamic" href="../fruit-and-vegetables/ready-salads.html">Ready salads</a>
                        </li>
                        <li>
                            <a class="estDynamic" href="../fruit-and-vegetables/fresh-spices.html">Fresh spices</a>
                        </li>
                        <li>
                            <a class="estDynamic" href="../fruit-and-vegetables/vegetables.html">Vegetables and soy</a>
                        </li>
                    </ul>
                </li>
                <li>
                    <img src="../../cdn.spesati.com/images/menu/fresh-products.png"/>
                    Fresh products                    <i class="fa fa-angle-down" aria-hidden="true"></i>
                    <ul class="sub-menu">
                        <li>
                            <a class="estDynamic" href="../fresh-products/margarine-and-butter.html">Butter and margarine</a>
                        </li>
                        <li>
                            <a class="estDynamic" href="../fresh-products/danone.html">Danone</a>
                        </li>
                        <li>
                            <a class="estDynamic" href="../fresh-products/dessert.html">Dessert</a>
                        </li>
                        <li>
                            <a class="estDynamic" href="../fresh-products/sweets.html">Sweets</a>
                        </li>
                        <li>
                            <a class="estDynamic" href="../fresh-products/dairy-products.html">Dairy product</a>
                        </li>
                        <li>
                            <a class="estDynamic" href="../fresh-products/bakery.html">Yeast</a>
                        </li>
                        <li>
                            <a class="estDynamic" href="../fresh-products/mascarpone.html">Mascarpone</a>
                        </li>
                        <li>
                            <a class="estDynamic" href="../fresh-products/snacks.html">Snacks</a>
                        </li>
                        <li>
                            <a class="estDynamic" href="../fresh-products/mozzarella.html">Mozzarella</a>
                        </li>
                        <li>
                            <a class="estDynamic" href="../fresh-products/pasta.html">Pasta</a>
                        </li>
                        <li>
                            <a class="estDynamic" href="../fresh-products/pesto-and-sauces.html">Pesto and sauces</a>
                        </li>
                        <li>
                            <a class="estDynamic" href="../fresh-products/ricotta-and-cheese.html">Ricotta and cheese</a>
                        </li>
                        <li>
                            <a class="estDynamic" href="../fresh-products/cured-meat.html">Cured meat</a>
                        </li>
                        <li>
                            <a class="estDynamic" href="../fresh-products/wurstel.html">Würstel</a>
                        </li>
                        <li>
                            <a class="estDynamic" href="../fresh-products/yogurt.html">Yogurt</a>
                        </li>
                    </ul>
                </li>
                <li>
                    <img src="../../cdn.spesati.com/images/menu/frozen-foods.png"/>
                    Frozen foods                    <i class="fa fa-angle-down" aria-hidden="true"></i>
                    <ul class="sub-menu">
                        <li>
                            <a class="estDynamic" href="../frozen-foods/meat.html">Meat</a>
                        </li>
                        <li>
                            <a class="estDynamic" href="../frozen-foods/ice-creams.html">Ice cream and sweet</a>
                        </li>
                        <li>
                            <a class="estDynamic" href="../frozen-foods/pasta.html">Pasta</a>
                        </li>
                        <li>
                            <a class="estDynamic" href="../frozen-foods/fish.html">Fish</a>
                        </li>
                        <li>
                            <a class="estDynamic" href="../frozen-foods/ready-meals.html">Ready meals</a>
                        </li>
                        <li>
                            <a class="estDynamic" href="../frozen-foods/pizzas.html">Pizzas</a>
                        </li>
                        <li>
                            <a class="estDynamic" href="../frozen-foods/vegetables.html">Vegetables and soy</a>
                        </li>
                    </ul>
                </li>
                <li>
                    <img src="../../cdn.spesati.com/images/menu/bread-and-pasta.png"/>
                    Bread and pasta                    <i class="fa fa-angle-down" aria-hidden="true"></i>
                    <ul class="sub-menu">
                        <li>
                            <a class="estDynamic" href="../bread-and-pasta/crackers.html">Crackers</a>
                        </li>
                        <li>
                            <a class="estDynamic" href="../bread-and-pasta/rusks.html">Rusks</a>
                        </li>
                        <li>
                            <a class="estDynamic" href="../bread-and-pasta/white-bread.html">White bread</a>
                        </li>
                        <li>
                            <a class="estDynamic" href="../bread-and-pasta/local-bread.html">Local bread</a>
                        </li>
                        <li>
                            <a class="estDynamic" href="../bread-and-pasta/soft-bread.html">Soft bread</a>
                        </li>
                        <li>
                            <a class="estDynamic" href="../bread-and-pasta/sardinian-bread.html">Sardinian bread</a>
                        </li>
                        <li>
                            <a class="estDynamic" href="../bread-and-pasta/bakery.html">Bakery</a>
                        </li>
                        <li>
                            <a class="estDynamic" href="../bread-and-pasta/pasta.html">Pasta</a>
                        </li>
                        <li>
                            <a class="estDynamic" href="../bread-and-pasta/fresh-pasta.html">Fresh pasta</a>
                        </li>
                    </ul>
                </li>
                <li>
                    <img src="../../cdn.spesati.com/images/menu/meat.png"/>
                    Meat                    <i class="fa fa-angle-down" aria-hidden="true"></i>
                    <ul class="sub-menu">
                        <li>
                            <a class="estDynamic" href="../meat/beef.html">Beef</a>
                        </li>
                        <li>
                            <a class="estDynamic" href="../meat/goat.html">Goat</a>
                        </li>
                        <li>
                            <a class="estDynamic" href="../meat/packaged-meat.html">Packaged meat</a>
                        </li>
                        <li>
                            <a class="estDynamic" href="../meat/rabbit.html">Rabbit</a>
                        </li>
                        <li>
                            <a class="estDynamic" href="../meat/horse.html">Horse</a>
                        </li>
                        <li>
                            <a class="estDynamic" href="../meat/pork.html">Pork</a>
                        </li>
                        <li>
                            <a class="estDynamic" href="../meat/lamb.html">Lamb</a>
                        </li>
                        <li>
                            <a class="estDynamic" href="../meat/poultry.html">Poultry</a>
                        </li>
                    </ul>
                </li>
                <li>
                    <img src="../../cdn.spesati.com/images/menu/fish.png"/>
                    Fish                    <i class="fa fa-angle-down" aria-hidden="true"></i>
                    <ul class="sub-menu">
                        <li>
                            <a class="estDynamic" href="../fish/fresh-water.html">Fresh water</a>
                        </li>
                        <li>
                            <a class="estDynamic" href="../fish/salt-water.html">Salt water</a>
                        </li>
                        <li>
                            <a class="estDynamic" href="../fish/mussels.html">Mussels</a>
                        </li>
                        <li>
                            <a class="estDynamic" href="../fish/dried-and-salted.html">Dried and salted</a>
                        </li>
                        <li>
                            <a class="estDynamic" href="../fish/seafood-salad.html">Seafood salad</a>
                        </li>
                        <li>
                            <a class="estDynamic" href="../fish/prepared.html">Prepared</a>
                        </li>
                        <li>
                            <a class="estDynamic" href="../fish/specialty.html">Specialty</a>
                        </li>   
                        <li>
                            <a class="estDynamic" href="../fish/tuna-and-salmon.html">Tuna and salmon</a>
                        </li>
                    </ul>
                </li>
                <li>
                    <img src="../../cdn.spesati.com/images/menu/alcohol.png"/>
                    Wine beer and spirits                    <i class="fa fa-angle-down" aria-hidden="true"></i>
                    <ul class="sub-menu">
                        <li>
                            <a class="estDynamic" href="spirits-and-liquors.html">Alcohol</a>
                        </li>
                        <li>
                            <a class="estDynamic" href="bitters.html">Bitters</a>
                        </li>
                        <li>
                            <a class="estDynamic" href="aperatif.html">Aperatifs</a>
                        </li>
                        <li>
                            <a class="estDynamic" href="beer.html">Beer</a>
                        </li>
                        <li>
                            <a class="estDynamic" href="creams.html">Creams</a>
                        </li>
                        <li>
                            <a class="estDynamic" href="spirits.html">Spirits</a>
                        </li>
                        <li>
                            <a class="estDynamic" href="liquors.html">Liquors</a>
                        </li>
                        <li>
                            <a class="estDynamic" href="white-wine.html">White wine</a>
                        </li>
                        <li>
                            <a class="estDynamic" href="prosecco-wine.html">Prosecco wine</a>
                        </li>
                        <li>
                            <a class="estDynamic" href="rose-wine.html">Rose wine</a>
                        </li>
                        <li>
                            <a class="estDynamic" href="red-wine.html">Red wine</a>
                        </li>
                        <li>
                            <a class="estDynamic" href="specialty-wine.html">Special wine</a>
                        </li>
                        <li>
                            <a class="estDynamic" href="sparkling-wine.html">Sparkling wine</a>
                        </li>
                        <li>
                            <a class="estDynamic" href="vermentino-wine.html">Vermentino wine</a>
                        </li>
                    </ul>
                </li>
                <li>
                    <img src="../../cdn.spesati.com/images/menu/water-and-drinks.png"/>
                    Water and drinks                    <i class="fa fa-angle-down" aria-hidden="true"></i>
                    <ul class="sub-menu">
                        <li>
                            <a class="estDynamic" href="../water-and-drinks/san-martino.html">San Martino</a>
                        </li>
                        <li>
                            <a class="estDynamic" href="../water-and-drinks/water.html">Water</a>
                        </li>
                        <li>
                            <a class="estDynamic" href="../water-and-drinks/alpro.html">Alpro</a>
                        </li>
                        <li>
                            <a class="estDynamic" href="../water-and-drinks/fizzy-drinks.html">Fizzy drinks</a>
                        </li>
                        <li>
                            <a class="estDynamic" href="../water-and-drinks/coca-cola.html">Coca-Cola</a>
                        </li>
                        <li>
                            <a class="estDynamic" href="../water-and-drinks/energy-drink.html">Energy drink</a>
                        </li>
                        <li>
                            <a class="estDynamic" href="../water-and-drinks/syrups.html">Syrups</a>
                        </li>
                        <li>
                            <a class="estDynamic" href="../water-and-drinks/supplements.html">Supplements</a>
                        </li>
                        <li>
                            <a class="estDynamic" href="../water-and-drinks/instant-drinks.html">Instant drinks</a>
                        </li>
                        <li>
                            <a class="estDynamic" href="../water-and-drinks/juice.html">Juice</a>
                        </li>
                        <li>
                            <a class="estDynamic" href="../water-and-drinks/tea.html">Tea</a>
                        </li>
                    </ul>
                </li>
                <li>
                    <img src="../../cdn.spesati.com/images/menu/sweets.png"/>
                    Sweets                    <i class="fa fa-angle-down" aria-hidden="true"></i>
                    <ul class="sub-menu">
                        <li>
                            <a class="estDynamic" href="../sweets/bars-and-snacks.html">Bars and snacks</a>
                        </li>
                        <li>
                            <a class="estDynamic" href="../sweets/biscuits.html">Biscuits</a>
                        </li>
                        <li>
                            <a class="estDynamic" href="../sweets/brioches.html">Brioches</a>
                        </li>
                        <li>
                            <a class="estDynamic" href="../sweets/candy-and-chewing-gum.html">Candy and chewing gum</a>
                        </li>
                        <li>
                            <a class="estDynamic" href="../sweets/cereals.html">Cereals</a>
                        </li>
                        <li>
                            <a class="estDynamic" href="../sweets/chocolate.html">Chocolate</a>
                        </li>
                        <li>
                            <a class="estDynamic" href="../sweets/spreadable-creams.html">Spreads</a>
                        </li>
                        <li>
                            <a class="estDynamic" href="../sweets/dessert-toppings.html">Dessert toppings</a>
                        </li>
                        <li>
                            <a class="estDynamic" href="../sweets/jam.html">Jam</a>
                        </li>
                        <li>
                            <a class="estDynamic" href="../sweets/honey.html">Honey</a>
                        </li>
                        <li>
                            <a class="estDynamic" href="../sweets/panettoni-and-pandoro.html">Panettone and pandoro</a>
                        </li>
                        <li>
                            <a class="estDynamic" href="../sweets/pastry.html">Pastry</a>
                        </li>
                        <li>
                            <a class="estDynamic" href="../sweets/instant-dessert.html">Prepared</a>
                        </li>
                        <li>
                            <a class="estDynamic" href="../sweets/cakes-and-pies.html">Cakes and pies</a>
                        </li>
                        <li>
                            <a class="estDynamic" href="../sweets/easter-eggs-and-doves.html">Easter eggs and doves</a>
                        </li>
                    </ul>
                </li>
                <li>
                    <img src="../../cdn.spesati.com/images/menu/shelf.png"/>
                    Cupboard                    <i class="fa fa-angle-down" aria-hidden="true"></i>
                    <ul class="sub-menu">
                        <li>
                            <a class="estDynamic" href="../shelf/coffee.html">Coffee</a>
                        </li>
                        <li>
                            <a class="estDynamic" href="../shelf/gift-baskets.html">Gift baskets</a>
                        </li>
                        <li>
                            <a class="estDynamic" href="../shelf/stock-cubes.html">Nuts and preparations</a>
                        </li>
                        <li>
                            <a class="estDynamic" href="../shelf/flour-and-baking.html">Flour and baking</a>
                        </li>
                        <li>
                            <a class="estDynamic" href="../shelf/milk.html">Milk</a>
                        </li>
                        <li>
                            <a class="estDynamic" href="../shelf/oil-salt-vinegar.html">Oil, vinegar and salt</a>
                        </li>
                        <li>
                            <a class="estDynamic" href="../shelf/cream-and-bechamel.html">Cream and bechamel</a>
                        </li>
                        <li>
                            <a class="estDynamic" href="../shelf/crisps-and-pretzels.html">Crisps and pretzels</a>
                        </li>
                        <li>
                            <a class="estDynamic" href="../shelf/baby-and-infants-products.html">Early childhood products</a>
                        </li>
                        <li>
                            <a class="estDynamic" href="../shelf/rice.html">Rice</a>
                        </li>
                        <li>
                            <a class="estDynamic" href="../shelf/tins-and-preserves.html">Tins and Preserves</a>
                        </li>
                        <li>
                            <a class="estDynamic" href="../shelf/spices.html">Spices</a>
                        </li>
                        <li>
                            <a class="estDynamic" href="../shelf/sauces.html">Sauces</a>
                        </li>
                        <li>
                            <a class="estDynamic" href="../shelf/tea-and-infusions.html">Tea and infusions</a>
                        </li>
                        <li>
                            <a class="estDynamic" href="../shelf/eggs.html">Eggs</a>
                        </li>
                        <li>
                            <a class="estDynamic" href="../shelf/sugar-and-sweeteners.html">Sugar and sweeteners</a>
                        </li>
                    </ul>
                </li>
                <li>
                    <img src="../../cdn.spesati.com/images/menu/personal-care.png"/>
                    Personal care                    <i class="fa fa-angle-down" aria-hidden="true"></i>
                    <ul class="sub-menu">
                        <li>
                            <a class="estDynamic" href="../personal-care/accessories-and-cotton.html">Accessories and cotton</a>
                        </li>
                        <li>
                            <a class="estDynamic" href="../personal-care/feminine-care-incontinence-and-baby-diapers.html">Feminine incontinence and diapers</a>
                        </li>
                        <li>
                            <a class="estDynamic" href="../personal-care/shower-gel.html">Shower gel</a>
                        </li>
                        <li>
                            <a class="estDynamic" href="../personal-care/creams.html">Creams</a>
                        </li>
                        <li>
                            <a class="estDynamic" href="../personal-care/deodorant.html">Deodorant</a>
                        </li>
                        <li>
                            <a class="estDynamic" href="../personal-care/hair-removal.html">Hair removal</a>
                        </li>
                        <li>
                            <a class="estDynamic" href="../personal-care/disinfectants.html">Disinfectants</a>
                        </li>
                        <li>
                            <a class="estDynamic" href="../personal-care/oral-hygiene.html">Oral hygiene</a>
                        </li>
                        <li>
                            <a class="estDynamic" href="../personal-care/supplements-and-multivitamins.html">Supplements and multivitamins</a>
                        </li>
                        <li>
                            <a class="estDynamic" href="../personal-care/first-aid.html">First aid label</a>
                        </li>
                        <li>
                            <a class="estDynamic" href="../personal-care/beard-products.html">Beard products</a>
                        </li>
                        <li>
                            <a class="estDynamic" href="../personal-care/hairs-products.html">Hair products</a>
                        </li>
                        <li>
                            <a class="estDynamic" href="../personal-care/perfume.html">Perfumes</a>
                        </li>
                        <li>
                            <a class="estDynamic" href="../personal-care/wipes.html">Wipes</a>
                        </li>
                        <li>
                            <a class="estDynamic" href="../personal-care/soaps-and-body-wash.html">Soaps and body wash</a>
                        </li>
                        <li>
                            <a class="estDynamic" href="../personal-care/shampoo-and-conditioner.html">Shampoo and conditioner</a>
                        </li>
                    </ul>
                </li>
                <li>
                    <img src="../../cdn.spesati.com/images/menu/pellet-and-home.png"/>
                    Home and outdoors                    <i class="fa fa-angle-down" aria-hidden="true"></i>
                    <ul class="sub-menu">
                        <li>
                            <a class="estDynamic" href="../household-and-outdoors/distilled-water.html">Distilled water</a>
                        </li>
                        <li>
                            <a class="estDynamic" href="../household-and-outdoors/car-products.html">Cars</a>
                        </li>
                        <li>
                            <a class="estDynamic" href="../household-and-outdoors/bin-bags-and-buckets.html">Bin bags and buckets</a>
                        </li>
                        <li>
                            <a class="estDynamic" href="../household-and-outdoors/bleach-and-stain-removers.html">Bleach and stain removers</a>
                        </li>
                        <li>
                            <a class="estDynamic" href="../household-and-outdoors/candles.html">Candles</a>
                        </li>
                        <li>
                            <a class="estDynamic" href="../household-and-outdoors/kitchen-roll.html">Kitchen roll</a>
                        </li>
                        <li>
                            <a class="estDynamic" href="../household-and-outdoors/air-fresheners.html">Air fresheners</a>
                        </li>
                        <li>
                            <a class="estDynamic" href="../household-and-outdoors/laundry-accessories-and-detergent.html">Laundry detergent</a>
                        </li>
                        <li>
                            <a class="estDynamic" href="../household-and-outdoors/dishwasher-and-washing-up.html">Dishwasher and washing up</a>
                        </li>
                        <li>
                            <a class="estDynamic" href="../household-and-outdoors/gardening.html">Gardening</a>
                        </li>
                        <li>
                            <a class="estDynamic" href="../household-and-outdoors/light-bulbs-and-batteries.html">Lightbulbs and batteries</a>
                        </li>
                        <li>
                            <a class="estDynamic" href="../household-and-outdoors/pellet-and-bbq.html">Pellet and BBQ</a>
                        </li>
                        <li>
                            <a class="estDynamic" href="../household-and-outdoors/bathroom-products.html">Bathroom products</a>
                        </li>
                        <li>
                            <a class="estDynamic" href="../household-and-outdoors/home-and-furniture-products.html">Home and furniture products</a>
                        </li>
                        <li>
                            <a class="estDynamic" href="../household-and-outdoors/kitchen-products.html">Kitchen products</a>
                        </li>
                        <li>
                            <a class="estDynamic" href="../household-and-outdoors/window-and-floor-cleaners.html">Window and floor cleaner</a>
                        </li>
                        <li>
                            <a class="estDynamic" href="../household-and-outdoors/repellents.html">Repellents</a>
                        </li>
                        <li>
                            <a class="estDynamic" href="../household-and-outdoors/disposable-tableware.html">Disposable tableware</a>
                        </li>
                    </ul>
                </li>
                <li>
                    <img src="../../cdn.spesati.com/images/menu/animals.png"/>
                    Pets                    <i class="fa fa-angle-down" aria-hidden="true"></i>
                    <ul class="sub-menu">
                        <li>
                            <a class="estDynamic" href="../pets/pet-food-other-animals.html">Other animals pet food</a>
                        </li>
                        <li>
                            <a class="estDynamic" href="../pets/pet-food-dogs.html">Pet food dogs</a>
                        </li>
                        <li>
                            <a class="estDynamic" href="../pets/pet-food-cats.html">Pet food cats</a>
                        </li>
                        <li>
                            <a class="estDynamic" href="../pets/hygiene-and-cleaning.html">Hygiene and cleaning</a>
                        </li>
                    </ul>
                </li>
                <li>
                    <img src="../../cdn.spesati.com/images/menu/technology.png"/>
                    Technology                    <i class="fa fa-angle-down" aria-hidden="true"></i>
                    <ul class="sub-menu">
                        <li>
                            <a class="estDynamic" href="../technology/accessories.html">Accessories</a>
                        </li>
                        <li>
                            <a class="estDynamic" href="../technology/computer.html">Computer</a>
                        </li>
                        <li>
                            <a class="estDynamic" href="../technology/telephones.html">Telephones</a>
                        </li>
                        <li>
                            <a class="estDynamic" href="../technology/tv.html">TV</a>
                        </li>
                    </ul>
                </li>
                <li>
                    <img src="../../cdn.spesati.com/images/menu/gluten-free.png"/>
                    Gluten free                    <i class="fa fa-angle-down" aria-hidden="true"></i>
                    <ul class="sub-menu">
                        <li>
                            <a class="estDynamic" href="../gluten-free/frozen-foods.html">Frozen foods</a>
                        </li>
                        <li>
                            <a class="estDynamic" href="../gluten-free/beer.html">Beer</a>
                        </li>
                        <li>
                            <a class="estDynamic" href="../gluten-free/sweets.html">Sweets</a>
                        </li>
                        <li>
                            <a class="estDynamic" href="../gluten-free/bread-and-pasta.html">Bread and pasta</a>
                        </li>
                        <li>
                            <a class="estDynamic" href="../gluten-free/shelf.html">Cupboard</a>
                        </li>
                    </ul>
                </li>
                <li>
                    <img src="../../cdn.spesati.com/images/menu/lactose-free.png"/>
                    Lactose free                    <i class="fa fa-angle-down" aria-hidden="true"></i>
                    <ul class="sub-menu">
                        <li>
                            <a class="estDynamic" href="../lactose-free/frozen-foods.html">Frozen foods</a>
                        </li>
                        <li>
                            <a class="estDynamic" href="../lactose-free/sweets.html">Sweets</a>
                        </li>
                        <li>
                            <a class="estDynamic" href="../lactose-free/dairy-product.html">Dairy product</a>
                        </li>
                        <li>
                            <a class="estDynamic" href="../lactose-free/shelf.html">Cupboard</a>
                        </li>
                    </ul>
                </li>
                <li>
                    <img src="../../cdn.spesati.com/images/menu/special.png"/>
                    Special                    <i class="fa fa-angle-down" aria-hidden="true"></i>
                    <ul class="sub-menu">
                        <li>
                            <a class="estDynamic" href="../special/alpro.html">Alpro</a>
                        </li>
                        <li>
                            <a class="estDynamic" href="../special/organic.html">Biological</a>
                        </li>
                        <li>
                            <a class="estDynamic" href="../special/meat.html">Meat</a>
                        </li>
                        <li>
                            <a class="estDynamic" href="../special/wholegrain.html">Wholegrain</a>
                        </li>
                        <li>
                            <a class="estDynamic" href="../special/bread-and-pasta.html">Bread and pasta</a>
                        </li>
                        <li>
                            <a class="estDynamic" href="../special/vegan.html">Vegan</a>
                        </li>
                    </ul>
                </li>
                <li>
                    <img src="../../cdn.spesati.com/images/menu/sardinian-products.png"/>
                    Sardinian products                    <i class="fa fa-angle-down" aria-hidden="true"></i>
                    <ul class="sub-menu">
                        <li>
                            <a class="estDynamic" href="../sardinian-products/drinks.html">Drinks</a>
                        </li>
                        <li>
                            <a class="estDynamic" href="../sardinian-products/meat.html">Meat</a>
                        </li>
                        <li>
                            <a class="estDynamic" href="../sardinian-products/sweets.html">Sweets</a>
                        </li>
                        <li>
                            <a class="estDynamic" href="../sardinian-products/fruit-and-vegetables.html">Fruit and vegetables</a>
                        </li>
                        <li>
                            <a class="estDynamic" href="../sardinian-products/ichnusa.html">Ichnusa</a>
                        </li>
                        <li>
                            <a class="estDynamic" href="../sardinian-products/dairy-product.html">Dairy product</a>
                        </li>
                        <li>
                            <a class="estDynamic" href="../sardinian-products/bread-and-pasta.html">Bread and pasta</a>
                        </li>
                        <li>
                            <a class="estDynamic" href="../sardinian-products/fish.html">Fish</a>
                        </li>
                        <li>
                            <a class="estDynamic" href="../sardinian-products/cured-meat.html">Cured meat</a>
                        </li>
                        <li>
                            <a class="estDynamic" href="../sardinian-products/shelf.html">Cupboard</a>
                        </li>
                        <li>
                            <a class="estDynamic" href="../sardinian-products/vermentino-wine.html">Vermentino wine</a>
                        </li>
                        <li>
                            <a class="estDynamic" href="../sardinian-products/wine-beer-and-spirits.html">Wine beer and spirits</a>
                        </li>
                    </ul>
                </li>
            </ul>
        </li>
        <li>
            <a href="../about.html">About</a>
        </li>
        <li>
            <a href="../faq.html">Faq</a>
        </li>
        <li>
            <a href="../customer-care.html">Support</a>
        </li>
        <li>
            <a href="../news.html">Blog</a>
        </li>
        <li>
            <a href="../terms-and-conditions.html">Conditions</a>
        </li>
        <li>
            <a href="../privacy-policy.html">Privacy policy</a>
        </li>
        <li>
            <a href="../login.html">Login</a>
        </li>
        <li>
             <a href="../sign-up.html">Sign up</a>
        </li>
    </ul>
</div><section class="first">
    <div id="menuCategories" class="colLeft">
    <ul id="main_nav" >
        <li>
            <a class="estDynamic" href="../on-offer.html">
               <img src="../../cdn.spesati.com/images/menu/on-sale.png"/>
               On sale            </a>
            <i class="fa fa-angle-right" aria-hidden="true"></i>
            <ul class="sub-menu">
                <li>
    <a href="../tacchino-fesa-a-fette.html" class="estDynamic">Tacchino Fesa A Fette</a>
</li><li>
    <a href="../amaro-montenegro-15lt.html" class="estDynamic">Amaro Montenegro 1,5lt</a>
</li><li>
    <a href="../carbone-di-legna-sacco-10kg.html" class="estDynamic">Carbone Di Legna Sacco 10Kg</a>
</li><li>
    <a href="../filu-e-ferru-silvio-carta-70cl.html" class="estDynamic">Filu E Ferru Silvio Carta 70Cl</a>
</li><li>
    <a href="../braciole-suino-con-cotenna.html" class="estDynamic">Braciole Suino Con Cotenna</a>
</li><li>
    <a href="../bovino-adulto-polpa.html" class="estDynamic">Bovino Adulto Polpa</a>
</li><li>
    <a href="../vino-la-palma-cannonau-le-bombarde.html" class="estDynamic">Vino La Palma Cannonau Le Bombarde</a>
</li><li>
    <a href="../fettine-sceltissime-bovino-adulto.html" class="estDynamic">Fettine Sceltissime Bovino Adulto</a>
</li><li>
    <a href="../suino-fettine-scelte.html" class="estDynamic">Suino Fettine Scelte</a>
</li><li>
    <a href="../lavazza-caffe-qualita-rossa-2x250gr.html" class="estDynamic">Lavazza Caffé Qualità Rossa 2x250gr</a>
</li>                <li>
                    <a class="estDynamic" href="../on-offer.html">All products on sale</a>
                </li>
            </ul>
        </li>
        <li>
            <a class="estDynamic" href="../gift.html">
               <img src="../../cdn.spesati.com/images/menu/gift.png"/>
               Gifts            </a>
            <i class="fa fa-angle-right" aria-hidden="true"></i>
            <ul class="sub-menu">
                <li>
    <a href="../gift-card-da-150.html" class="estDynamic">Gift Card Da 150</a>
</li><li>
    <a href="../gift-card-da-100.html" class="estDynamic">Gift Card Da 100</a>
</li><li>
    <a href="../gift-card-da-50.html" class="estDynamic">Gift Card Da 50</a>
</li><li>
    <a href="../gift-card-da-25.html" class="estDynamic">Gift Card Da 25</a>
</li>                <li>
                    <a class="estDynamic" href="../gift.html">All products in the gifts category</a>
                </li>
            </ul>
        </li>
        <li>
            <a class="estDynamic" href="../gift-card.html">
               <img src="../../cdn.spesati.com/images/menu/gift-card.png"/>
               Gift card and discounts            </a>
            <i class="fa fa-angle-right" aria-hidden="true"></i>
            <ul class="sub-menu">
                <li>
    <a href="../gift-card-da-150.html">Gift Card Da 150</a>
</li><li>
    <a href="../gift-card-da-100.html">Gift Card Da 100</a>
</li><li>
    <a href="../gift-card-da-50.html">Gift Card Da 50</a>
</li><li>
    <a href="../gift-card-da-25.html">Gift Card Da 25</a>
</li>            </ul>
        </li>
        <li>
            <a class="estDynamic" href="../fruit-and-vegetables.html">
               <img src="../../cdn.spesati.com/images/menu/fuit-and-vegetables.png"/>
               Fruit and vegetables           </a>
            <i class="fa fa-angle-right" aria-hidden="true"></i>
            <ul class="sub-menu">
                <li>
                    <a class="estDynamic" href="../fruit-and-vegetables/pulses-and-beans.html">Cereals and pulses and beans</a>
                </li>
                <li>
                    <a class="estDynamic" href="../fruit-and-vegetables/fruit.html">Fruit</a>
                </li>
                <li>
                    <a class="estDynamic" href="../fruit-and-vegetables/canned-fruit.html">Canned fruit</a>
                </li>
                <li>
                    <a class="estDynamic" href="../fruit-and-vegetables/dried-fruit.html">Dried fruit</a>
                </li>
                <li>
                    <a class="estDynamic" href="../fruit-and-vegetables/ready-salads.html">Ready salads</a>
                </li>
                <li>
                    <a class="estDynamic" href="../fruit-and-vegetables/fresh-spices.html">Fresh spices</a>
                </li>
                <li>
                    <a class="estDynamic" href="../fruit-and-vegetables/vegetables.html">Vegetables and soy</a>
                </li>
            </ul>
        </li>
        <li>
            <a class="estDynamic" href="../fresh-products.html">
                <img src="../../cdn.spesati.com/images/menu/fresh-products.png"/>
                Fresh products            </a>
            <i class="fa fa-angle-right" aria-hidden="true"></i>
            <ul class="sub-menu">
                <li>
                    <a class="estDynamic" href="../fresh-products/margarine-and-butter.html">Butter and margarine</a>
                </li>
                <li>
                    <a class="estDynamic" href="../fresh-products/danone.html">Danone</a>
                </li>
                <li>
                    <a class="estDynamic" href="../fresh-products/dessert.html">Dessert</a>
                </li>
                <li>
                    <a class="estDynamic" href="../fresh-products/sweets.html">Sweets</a>
                </li>
                <li>
                    <a class="estDynamic" href="../fresh-products/dairy-products.html">Dairy product</a>
                </li>
                <li>
                    <a class="estDynamic" href="../fresh-products/bakery.html">Yeast</a>
                </li>
                <li>
                    <a class="estDynamic" href="../fresh-products/mascarpone.html">Mascarpone</a>
                </li>
                <li>
                    <a class="estDynamic" href="../fresh-products/snacks.html">Snacks</a>
                </li>
                <li>
                    <a class="estDynamic" href="../fresh-products/mozzarella.html">Mozzarella</a>
                </li>
                <li>
                    <a class="estDynamic" href="../fresh-products/pasta.html">Pasta</a>
                </li>
                <li>
                    <a class="estDynamic" href="../fresh-products/pesto-and-sauces.html">Pesto and sauces</a>
                </li>
                <li>
                    <a class="estDynamic" href="../fresh-products/ricotta-and-cheese.html">Ricotta and cheese</a>
                </li>
                <li>
                    <a class="estDynamic" href="../fresh-products/cured-meat.html">Cured meat</a>
                </li>
                <li>
                    <a class="estDynamic" href="../fresh-products/wurstel.html">Würstel</a>
                </li>
                <li>
                    <a class="estDynamic" href="../fresh-products/yogurt.html">Yogurt</a>
                </li>
            </ul>
        </li>
        <li>
            <a class="estDynamic" href="../frozen-foods.html">
                <img src="../../cdn.spesati.com/images/menu/frozen-foods.png"/>
                Frozen foods            </a>
            <i class="fa fa-angle-right" aria-hidden="true"></i>
            <ul class="sub-menu">
                <li>
                    <a class="estDynamic" href="../frozen-foods/meat.html">Meat</a>
                </li>
                <li>
                    <a class="estDynamic" href="../frozen-foods/ice-creams.html">Ice cream and sweet</a>
                </li>
                <li>
                    <a class="estDynamic" href="../frozen-foods/pasta.html">Pasta</a>
                </li>
                <li>
                    <a class="estDynamic" href="../frozen-foods/fish.html">Fish</a>
                </li>
                <li>
                    <a class="estDynamic" href="../frozen-foods/ready-meals.html">Ready meals</a>
                </li>
                <li>
                    <a class="estDynamic" href="../frozen-foods/pizzas.html">Pizzas</a>
                </li>
                <li>
                    <a class="estDynamic" href="../frozen-foods/vegetables.html">Vegetables and soy</a>
                </li>
            </ul>
        </li>
        <li>
            <a class="estDynamic" href="../bread-and-pasta.html">
                <img src="../../cdn.spesati.com/images/menu/bread-and-pasta.png"/>
                Bread and pasta            </a>
            <i class="fa fa-angle-right" aria-hidden="true"></i>
            <ul class="sub-menu">
                <li>
                    <a class="estDynamic" href="../bread-and-pasta/crackers.html">Crackers</a>
                </li>
                <li>
                    <a class="estDynamic" href="../bread-and-pasta/rusks.html">Rusks</a>
                </li>
                <li>
                    <a class="estDynamic" href="../bread-and-pasta/white-bread.html">White bread</a>
                </li>
                <li>
                    <a class="estDynamic" href="../bread-and-pasta/local-bread.html">Local bread</a>
                </li>
                <li>
                    <a class="estDynamic" href="../bread-and-pasta/soft-bread.html">Soft bread</a>
                </li>
                <li>
                    <a class="estDynamic" href="../bread-and-pasta/sardinian-bread.html">Sardinian bread</a>
                </li>
                <li>
                    <a class="estDynamic" href="../bread-and-pasta/bakery.html">Bakery</a>
                </li>
                <li>
                    <a class="estDynamic" href="../bread-and-pasta/pasta.html">Pasta</a>
                </li>
                <li>
                    <a class="estDynamic" href="../bread-and-pasta/fresh-pasta.html">Fresh pasta</a>
                </li>
            </ul>
        </li>
        <li>
            <a class="estDynamic" href="../meat.html">
                <img src="../../cdn.spesati.com/images/menu/meat.png"/>
                Meat            </a>
            <i class="fa fa-angle-right" aria-hidden="true"></i>
            <ul class="sub-menu">
                <li>
                    <a class="estDynamic" href="../meat/beef.html">Beef</a>
                </li>
                <li>
                    <a class="estDynamic" href="../meat/goat.html">Goat</a>
                </li>
                <li>
                    <a class="estDynamic" href="../meat/packaged-meat.html">Packaged meat</a>
                </li>
                <li>
                    <a class="estDynamic" href="../meat/rabbit.html">Rabbit</a>
                </li>
                <li>
                    <a class="estDynamic" href="../meat/horse.html">Horse</a>
                </li>
                <li>
                    <a class="estDynamic" href="../meat/pork.html">Pork</a>
                </li>
                <li>
                    <a class="estDynamic" href="../meat/lamb.html">Lamb</a>
                </li>
                <li>
                    <a class="estDynamic" href="../meat/poultry.html">Poultry</a>
                </li>
            </ul>
        </li>
        <li>
            <a class="estDynamic" href="../fish.html">
                <img src="../../cdn.spesati.com/images/menu/fish.png"/>
                Fish            </a>
            <i class="fa fa-angle-right" aria-hidden="true"></i>
            <ul class="sub-menu">
                <li>
                    <a class="estDynamic" href="../fish/fresh-water.html">Fresh water</a>
                </li>
                <li>
                    <a class="estDynamic" href="../fish/salt-water.html">Salt water</a>
                </li>
                <li>
                    <a class="estDynamic" href="../fish/mussels.html">Mussels</a>
                </li>
                <li>
                    <a class="estDynamic" href="../fish/dried-and-salted.html">Dried and salted</a>
                </li>
                <li>
                    <a class="estDynamic" href="../fish/seafood-salad.html">Seafood salad</a>
                </li>
                <li>
                    <a class="estDynamic" href="../fish/prepared.html">Prepared</a>
                </li>
                <li>
                    <a class="estDynamic" href="../fish/specialty.html">Specialty</a>
                </li>   
                <li>
                    <a class="estDynamic" href="../fish/tuna-and-salmon.html">Tuna and salmon</a>
                </li>
            </ul>
        </li>
        <li>
            <a class="estDynamic" href="../wine-beer-and-spirits.html">
                <img src="../../cdn.spesati.com/images/menu/alcohol.png"/>
                Wine beer and spirits            </a>
            <i class="fa fa-angle-right" aria-hidden="true"></i>
            <ul class="sub-menu">
                <li>
                    <a class="estDynamic" href="spirits-and-liquors.html">Alcohol</a>
                </li>
                <li>
                    <a class="estDynamic" href="bitters.html">Bitters</a>
                </li>
                <li>
                    <a class="estDynamic" href="aperatif.html">Aperatifs</a>
                </li>
                <li>
                    <a class="estDynamic" href="beer.html">Beer</a>
                </li>
                <li>
                    <a class="estDynamic" href="creams.html">Creams</a>
                </li>
                <li>
                    <a class="estDynamic" href="spirits.html">Spirits</a>
                </li>
                <li>
                    <a class="estDynamic" href="liquors.html">Liquors</a>
                </li>
                <li>
                    <a class="estDynamic" href="white-wine.html">White wine</a>
                </li>
                <li>
                    <a class="estDynamic" href="prosecco-wine.html">Prosecco wine</a>
                </li>
                <li>
                    <a class="estDynamic" href="rose-wine.html">Rose wine</a>
                </li>
                <li>
                    <a class="estDynamic" href="red-wine.html">Red wine</a>
                </li>
                <li>
                    <a class="estDynamic" href="specialty-wine.html">Special wine</a>
                </li>
                <li>
                    <a class="estDynamic" href="sparkling-wine.html">Sparkling wine</a>
                </li>
                <li>
                    <a class="estDynamic" href="vermentino-wine.html">Vermentino wine</a>
                </li>
            </ul>
        </li>
        <li>
            <a class="estDynamic" href="../water-and-drinks.html">
                <img src="../../cdn.spesati.com/images/menu/water-and-drinks.png"/>
                Water and drinks            </a>
            <i class="fa fa-angle-right" aria-hidden="true"></i>
            <ul class="sub-menu">
                <li>
                    <a class="estDynamic" href="../water-and-drinks/san-martino.html">San Martino</a>
                </li>
                <li>
                    <a class="estDynamic" href="../water-and-drinks/water.html">Water</a>
                </li>
                <li>
                    <a class="estDynamic" href="../water-and-drinks/alpro.html">Alpro</a>
                </li>
                <li>
                    <a class="estDynamic" href="../water-and-drinks/fizzy-drinks.html">Fizzy drinks</a>
                </li>
                <li>
                    <a class="estDynamic" href="../water-and-drinks/coca-cola.html">Coca-Cola</a>
                </li>
                <li>
                    <a class="estDynamic" href="../water-and-drinks/energy-drink.html">Energy drink</a>
                </li>
                <li>
                    <a class="estDynamic" href="../water-and-drinks/syrups.html">Syrups</a>
                </li>
                <li>
                    <a class="estDynamic" href="../water-and-drinks/supplements.html">Supplements</a>
                </li>
                <li>
                    <a class="estDynamic" href="../water-and-drinks/instant-drinks.html">Instant drinks</a>
                </li>
                <li>
                    <a class="estDynamic" href="../water-and-drinks/juice.html">Juice</a>
                </li>
                <li>
                    <a class="estDynamic" href="../water-and-drinks/tea.html">Tea</a>
                </li>
            </ul>
        </li>
        <li>
            <a class="estDynamic" href="../sweets.html">
                <img src="../../cdn.spesati.com/images/menu/sweets.png"/>
                Sweets            </a>
            <i class="fa fa-angle-right" aria-hidden="true"></i>
            <ul class="sub-menu">
                <li>
                    <a class="estDynamic" href="../sweets/bars-and-snacks.html">Bars and snacks</a>
                </li>
                <li>
                    <a class="estDynamic" href="../sweets/biscuits.html">Biscuits</a>
                </li>
                <li>
                    <a class="estDynamic" href="../sweets/brioches.html">Brioches</a>
                </li>
                <li>
                    <a class="estDynamic" href="../sweets/candy-and-chewing-gum.html">Candy and chewing gum</a>
                </li>
                <li>
                    <a class="estDynamic" href="../sweets/cereals.html">Cereals</a>
                </li>
                <li>
                    <a class="estDynamic" href="../sweets/chocolate.html">Chocolate</a>
                </li>
                <li>
                    <a class="estDynamic" href="../sweets/spreadable-creams.html">Spreads</a>
                </li>
                <li>
                    <a class="estDynamic" href="../sweets/dessert-toppings.html">Dessert toppings</a>
                </li>
                <li>
                    <a class="estDynamic" href="../sweets/jam.html">Jam</a>
                </li>
                <li>
                    <a class="estDynamic" href="../sweets/honey.html">Honey</a>
                </li>
                <li>
                    <a class="estDynamic" href="../sweets/panettoni-and-pandoro.html">Panettone and pandoro</a>
                </li>
                <li>
                    <a class="estDynamic" href="../sweets/pastry.html">Pastry</a>
                </li>
                <li>
                    <a class="estDynamic" href="../sweets/instant-dessert.html">Prepared</a>
                </li>
                <li>
                    <a class="estDynamic" href="../sweets/cakes-and-pies.html">Cakes and pies</a>
                </li>
                <li>
                    <a class="estDynamic" href="../sweets/easter-eggs-and-doves.html">Easter eggs and doves</a>
                </li>
            </ul>
        </li>
        <li>
            <a class="estDynamic" href="../shelf.html">
                <img src="../../cdn.spesati.com/images/menu/shelf.png"/>
                Cupboard            </a>
            <i class="fa fa-angle-right" aria-hidden="true"></i>
            <ul class="sub-menu">
                <li>
                    <a class="estDynamic" href="../shelf/coffee.html">Coffee</a>
                </li>
                <li>
                    <a class="estDynamic" href="../shelf/gift-baskets.html">Gift baskets</a>
                </li>
                <li>
                    <a class="estDynamic" href="../shelf/stock-cubes.html">Nuts and preparations</a>
                </li>
                <li>
                    <a class="estDynamic" href="../shelf/flour-and-baking.html">Flour and baking</a>
                </li>
                <li>
                    <a class="estDynamic" href="../shelf/milk.html">Milk</a>
                </li>
                <li>
                    <a class="estDynamic" href="../shelf/oil-salt-vinegar.html">Oil, vinegar and salt</a>
                </li>
                <li>
                    <a class="estDynamic" href="../shelf/cream-and-bechamel.html">Cream and bechamel</a>
                </li>
                <li>
                    <a class="estDynamic" href="../shelf/crisps-and-pretzels.html">Crisps and pretzels</a>
                </li>
                <li>
                    <a class="estDynamic" href="../shelf/baby-and-infants-products.html">Early childhood products</a>
                </li>
                <li>
                    <a class="estDynamic" href="../shelf/rice.html">Rice</a>
                </li>
                <li>
                    <a class="estDynamic" href="../shelf/tins-and-preserves.html">Tins and Preserves</a>
                </li>
                <li>
                    <a class="estDynamic" href="../shelf/spices.html">Spices</a>
                </li>
                <li>
                    <a class="estDynamic" href="../shelf/sauces.html">Sauces</a>
                </li>
                <li>
                    <a class="estDynamic" href="../shelf/tea-and-infusions.html">Tea and infusions</a>
                </li>
                <li>
                    <a class="estDynamic" href="../shelf/eggs.html">Eggs</a>
                </li>
                <li>
                    <a class="estDynamic" href="../shelf/sugar-and-sweeteners.html">Sugar and sweeteners</a>
                </li>
            </ul>
        </li>
        <li>
            <a class="estDynamic" href="../personal-care.html">
                <img src="../../cdn.spesati.com/images/menu/personal-care.png"/>
                Personal care            </a>
            <i class="fa fa-angle-right" aria-hidden="true"></i>
            <ul class="sub-menu">
                <li>
                    <a class="estDynamic" href="../personal-care/accessories-and-cotton.html">Accessories and cotton</a>
                </li>
                <li>
                    <a class="estDynamic" href="../personal-care/feminine-care-incontinence-and-baby-diapers.html">Feminine incontinence and diapers</a>
                </li>
                <li>
                    <a class="estDynamic" href="../personal-care/shower-gel.html">Shower gel</a>
                </li>
                <li>
                    <a class="estDynamic" href="../personal-care/creams.html">Creams</a>
                </li>
                <li>
                    <a class="estDynamic" href="../personal-care/deodorant.html">Deodorant</a>
                </li>
                <li>
                    <a class="estDynamic" href="../personal-care/hair-removal.html">Hair removal</a>
                </li>
                <li>
                    <a class="estDynamic" href="../personal-care/disinfectants.html">Disinfectants</a>
                </li>
                <li>
                    <a class="estDynamic" href="../personal-care/oral-hygiene.html">Oral hygiene</a>
                </li>
                <li>
                    <a class="estDynamic" href="../personal-care/supplements-and-multivitamins.html">Supplements and multivitamins</a>
                </li>
                <li>
                    <a class="estDynamic" href="../personal-care/first-aid.html">First aid label</a>
                </li>
                <li>
                    <a class="estDynamic" href="../personal-care/beard-products.html">Beard products</a>
                </li>
                <li>
                    <a class="estDynamic" href="../personal-care/hairs-products.html">Hair products</a>
                </li>
                <li>
                    <a class="estDynamic" href="../personal-care/perfume.html">Perfumes</a>
                </li>
                <li>
                    <a class="estDynamic" href="../personal-care/wipes.html">Wipes</a>
                </li>
                <li>
                    <a class="estDynamic" href="../personal-care/soaps-and-body-wash.html">Soaps and body wash</a>
                </li>
                <li>
                    <a class="estDynamic" href="../personal-care/shampoo-and-conditioner.html">Shampoo and conditioner</a>
                </li>
            </ul>
        </li>
        <li>
            <a class="estDynamic" href="../household-and-outdoors.html">
                <img src="../../cdn.spesati.com/images/menu/pellet-and-home.png"/>
                Home and outdoors 
            </a>
            <i class="fa fa-angle-right" aria-hidden="true"></i>
            <ul class="sub-menu">
                <li>
                    <a class="estDynamic" href="../household-and-outdoors/distilled-water.html">Distilled water</a>
                </li>
                <li>
                    <a class="estDynamic" href="../household-and-outdoors/car-products.html">Cars</a>
                </li>
                <li>
                    <a class="estDynamic" href="../household-and-outdoors/bin-bags-and-buckets.html">Bin bags and buckets</a>
                </li>
                <li>
                    <a class="estDynamic" href="../household-and-outdoors/bleach-and-stain-removers.html">Bleach and stain removers</a>
                </li>
                <li>
                    <a class="estDynamic" href="../household-and-outdoors/candles.html">Candles</a>
                </li>
                <li>
                    <a class="estDynamic" href="../household-and-outdoors/kitchen-roll.html">Kitchen roll</a>
                </li>
                <li>
                    <a class="estDynamic" href="../household-and-outdoors/air-fresheners.html">Air fresheners</a>
                </li>
                <li>
                    <a class="estDynamic" href="../household-and-outdoors/laundry-accessories-and-detergent.html">Laundry detergent</a>
                </li>
                <li>
                    <a class="estDynamic" href="../household-and-outdoors/dishwasher-and-washing-up.html">Dishwasher and washing up</a>
                </li>
                <li>
                    <a class="estDynamic" href="../household-and-outdoors/gardening.html">Gardening</a>
                </li>
                <li>
                    <a class="estDynamic" href="../household-and-outdoors/light-bulbs-and-batteries.html">Lightbulbs and batteries</a>
                </li>
                <li>
                    <a class="estDynamic" href="../household-and-outdoors/pellet-and-bbq.html">Pellet and BBQ</a>
                </li>
                <li>
                    <a class="estDynamic" href="../household-and-outdoors/bathroom-products.html">Bathroom products</a>
                </li>
                <li>
                    <a class="estDynamic" href="../household-and-outdoors/home-and-furniture-products.html">Home and furniture products</a>
                </li>
                <li>
                    <a class="estDynamic" href="../household-and-outdoors/kitchen-products.html">Kitchen products</a>
                </li>
                <li>
                    <a class="estDynamic" href="../household-and-outdoors/window-and-floor-cleaners.html">Window and floor cleaner</a>
                </li>
                <li>
                    <a class="estDynamic" href="../household-and-outdoors/repellents.html">Repellents</a>
                </li>
                <li>
                    <a class="estDynamic" href="../household-and-outdoors/disposable-tableware.html">Disposable tableware</a>
                </li>
            </ul>
        </li>
        <li>
            <a class="estDynamic" href="../pet.html">
                <img src="../../cdn.spesati.com/images/menu/animals.png"/>
                Pets            </a>
            <i class="fa fa-angle-right" aria-hidden="true"></i>
            <ul class="sub-menu">
                <li>
                    <a class="estDynamic" href="../pets/pet-food-other-animals.html">Other animals pet food</a>
                </li>
                <li>
                    <a class="estDynamic" href="../pets/pet-food-dogs.html">Pet food dogs</a>
                </li>
                <li>
                    <a class="estDynamic" href="../pets/pet-food-cats.html">Pet food cats</a>
                </li>
                <li>
                    <a class="estDynamic" href="../pets/hygiene-and-cleaning.html">Hygiene and cleaning</a>
                </li>
            </ul>
        </li>
        <li>
            <a class="estDynamic" href="../technology.html">
                <img src="../../cdn.spesati.com/images/menu/technology.png"/>
                Technology            </a>
            <i class="fa fa-angle-right" aria-hidden="true"></i>
            <ul class="sub-menu">
                <li>
                    <a class="estDynamic" href="../technology/accessories.html">Accessories</a>
                </li>
                <li>
                    <a class="estDynamic" href="../technology/computer.html">Computer</a>
                </li>
                <li>
                    <a class="estDynamic" href="../technology/telephones.html">Telephones</a>
                </li>
                <li>
                    <a class="estDynamic" href="../technology/tv.html">TV</a>
                </li>
            </ul>
        </li>
        <li>
            <a class="estDynamic" href="../gluten-free.html">
                <img src="../../cdn.spesati.com/images/menu/gluten-free.png"/>
                Gluten free            </a>
            <i class="fa fa-angle-right" aria-hidden="true"></i>
            <ul class="sub-menu">
                <li>
                    <a class="estDynamic" href="../gluten-free/frozen-foods.html">Frozen foods</a>
                </li>
                <li>
                    <a class="estDynamic" href="../gluten-free/beer.html">Beer</a>
                </li>
                <li>
                    <a class="estDynamic" href="../gluten-free/sweets.html">Sweets</a>
                </li>
                <li>
                    <a class="estDynamic" href="../gluten-free/bread-and-pasta.html">Bread and pasta</a>
                </li>
                <li>
                    <a class="estDynamic" href="../gluten-free/shelf.html">Cupboard</a>
                </li>
            </ul>
        </li>
        <li>
            <a class="estDynamic" href="../lactose-free.html">
                <img src="../../cdn.spesati.com/images/menu/lactose-free.png"/>
                Lactose free            </a>
            <i class="fa fa-angle-right" aria-hidden="true"></i>
            <ul class="sub-menu">
                <li>
                    <a class="estDynamic" href="../lactose-free/frozen-foods.html">Frozen foods</a>
                </li>
                <li>
                    <a class="estDynamic" href="../lactose-free/sweets.html">Sweets</a>
                </li>
                <li>
                    <a class="estDynamic" href="../lactose-free/dairy-product.html">Dairy product</a>
                </li>
                <li>
                    <a class="estDynamic" href="../lactose-free/shelf.html">Cupboard</a>
                </li>
            </ul>
        </li>
        <li>
            <a class="estDynamic" href="../special.html">
                <img src="../../cdn.spesati.com/images/menu/special.png"/>
                Special            </a>
            <i class="fa fa-angle-right" aria-hidden="true"></i>
            <ul class="sub-menu">
                <li>
                    <a class="estDynamic" href="../special/alpro.html">Alpro</a>
                </li>
                <li>
                    <a class="estDynamic" href="../special/organic.html">Biological</a>
                </li>
                <li>
                    <a class="estDynamic" href="../special/meat.html">Meat</a>
                </li>
                <li>
                    <a class="estDynamic" href="../special/wholegrain.html">Wholegrain</a>
                </li>
                <li>
                    <a class="estDynamic" href="../special/bread-and-pasta.html">Bread and pasta</a>
                </li>
                <li>
                    <a class="estDynamic" href="../special/vegan.html">Vegan</a>
                </li>
            </ul>
        </li>
        <li>
            <a class="estDynamic" href="../sardinian-products.html">
                <img src="../../cdn.spesati.com/images/menu/sardinian-products.png"/>
                Sardinian products            </a>
            <i class="fa fa-angle-right" aria-hidden="true"></i>
            <ul class="sub-menu">
                <li>
                    <a class="estDynamic" href="../sardinian-products/drinks.html">Drinks</a>
                </li>
                <li>
                    <a class="estDynamic" href="../sardinian-products/meat.html">Meat</a>
                </li>
                <li>
                    <a class="estDynamic" href="../sardinian-products/sweets.html">Sweets</a>
                </li>
                <li>
                    <a class="estDynamic" href="../sardinian-products/fruit-and-vegetables.html">Fruit and vegetables</a>
                </li>
                <li>
                    <a class="estDynamic" href="../sardinian-products/ichnusa.html">Ichnusa</a>
                </li>
                <li>
                    <a class="estDynamic" href="../sardinian-products/dairy-product.html">Dairy product</a>
                </li>
                <li>
                    <a class="estDynamic" href="../sardinian-products/bread-and-pasta.html">Bread and pasta</a>
                </li>
                <li>
                    <a class="estDynamic" href="../sardinian-products/fish.html">Fish</a>
                </li>
                <li>
                    <a class="estDynamic" href="../sardinian-products/cured-meat.html">Cured meat</a>
                </li>
                <li>
                    <a class="estDynamic" href="../sardinian-products/shelf.html">Cupboard</a>
                </li>
                <li>
                    <a class="estDynamic" href="../sardinian-products/vermentino-wine.html">Vermentino wine</a>
                </li>
                <li>
                    <a class="estDynamic" href="../sardinian-products/wine-beer-and-spirits.html">Wine beer and spirits</a>
                </li>
            </ul>
        </li>
    </ul>
</div>    <div class="colRight">
        <div class="title mobile">
	<a href="../wine-beer-and-spirits.html"><i class="fa red fa-angle-left fa-3x mobile" aria-hidden="true"></i></a>
	<h2>
		<b>
			liquors		</b>
	</h2>
</div>

<div class="breadcrumb bgGrey internal">
	<p>
		<b>
			<a href="../index.html">Home</a>
												&gt; <a href="../wine-beer-and-spirits.html">Wine beer and spirits</a>
																&gt; Liquors									</b>
	</p>
	<div>
		<p>Order by</p>
		<select name="orderProd" id="orderProd">
			<option disabled="disabled" selected="selected">- Choose -</option>
			<option value="nameAsc">Name (A - Z)</option>
			<option value="nameDes">Name (Z - A)</option>
			<option value="priceHigh">Price - High to low</option>
			<option value="priceLow">Price - Low to high</option>
			<option value="soldAsc">Best Selling</option>
			<option value="available">Availability</option>
		</select>
	</div>
</div>
        <div class="containerProduct">
            <script type='text/javascript'>var track = '{"event":"ViewContent", "type":"category", "id":"Alcolici", "subids":["Liquori"], "url":"https://www.spesati.com/wine-beer-and-spirits/liquors"}';</script>
<script>
gtag('event', 'select_content', {content_type: 'category', item_id: 'Alcolici'});gtag('event', 'select_content', {content_type: 'category', item_id: 'Liquori'});
</script>
<div class="left product prod1"
        data-name="Limoncello Rau 70cl"
        data-price="9.89"
        data-id="25"
        data-available="yes"
        data-category="2933"
        data-bestselling="">
    <a href="../limoncello-rau-70cl.html">
        <div style="background-image: url('../../cdn.spesati.com/images/products/71020701/limoncello-rau-70cl.jpg')">
            <div class="hover"></div>
            <p class="arrow bgRed white">Offer</p>
            <div class="stickers"></div>
        </div>
    </a>
    <div>
        <h4><a href="../limoncello-rau-70cl.html"><b>Limoncello Rau 70cl</b></a></h4>
        <p class="description">0.7 Lt</p>
        <p class="left offer red">11.50 €</p>
<p class="right price"><b>9.89 €</b></p>
        <p class="right unitPrice">14.13 € per litre</p>
    </div>
    <div class="contButton">
    <a class="button bgRed white addToCart" href="#">Add</a>
</div>
</div><div class="left product prod2"
        data-name="Rau Mirto Rosso"
        data-price="12.90"
        data-id="4306"
        data-available="yes"
        data-category="2933"
        data-bestselling="">
    <a href="../rau-mirto-rosso.html">
        <div style="background-image: url('../../cdn.spesati.com/images/products/71004301/rau-mirto-rosso-01.jpg')">
            <div class="hover"></div>
            
            <div class="stickers"><img class="left" src="../../cdn.spesati.com/images/layout/sardinian.png" /></div>
        </div>
    </a>
    <div>
        <h4><a href="../rau-mirto-rosso.html"><b>Rau Mirto Rosso</b></a></h4>
        <p class="description">0.7 Lt</p>
        <p class="right price"><b>12.90 €</b></p>
        <p class="right unitPrice">18.43 € per litre</p>
    </div>
    <div class="contButton">
    <a class="button bgRed white addToCart" href="#">Add</a>
</div>
</div><div class="left product prod3"
        data-name="Lucrezio Mirto Rosso"
        data-price="10.90"
        data-id="3773"
        data-available="yes"
        data-category="2933"
        data-bestselling="1">
    <a href="../lucrezio-mirto-rosso.html">
        <div style="background-image: url('../../cdn.spesati.com/images/products/3634501/lucrezio-mirto-rosso-01.jpg')">
            <div class="hover"></div>
            <p class="arrow bgRed white">Best Seller</p>
            <div class="stickers"><img class="left" src="../../cdn.spesati.com/images/layout/sardinian.png" /></div>
        </div>
    </a>
    <div>
        <h4><a href="../lucrezio-mirto-rosso.html"><b>Lucrezio Mirto Rosso</b></a></h4>
        <p class="description">0.7 Lt</p>
        <p class="right price"><b>10.90 €</b></p>
        <p class="right unitPrice">15.57 € per litre</p>
    </div>
    <div class="contButton">
    <a class="button bgRed white addToCart" href="#">Add</a>
</div>
</div><div class="left product prod4"
        data-name="Fior d'uovo sperone 1.LT"
        data-price="5.95"
        data-id="5178"
        data-available="yes"
        data-category="2933"
        data-bestselling="">
    <a href="../fior-duovo-sperone-1lt.html">
        <div style="background-image: url('../../cdn.spesati.com/images/products/210400/fior-duovo-sperone-01.jpg')">
            <div class="hover"></div>
            
            <div class="stickers"></div>
        </div>
    </a>
    <div>
        <h4><a href="../fior-duovo-sperone-1lt.html"><b>Fior d'uovo sperone 1.LT</b></a></h4>
        <p class="description">1 Lt</p>
        <p class="right price"><b>5.95 €</b></p>
        <p class="right unitPrice">5.95 € per litre</p>
    </div>
    <div class="contButton">
    <a class="button bgRed white addToCart" href="#">Add</a>
</div>
</div><div class="left product prod5"
        data-name="Alkermes Dilmoor 70cl"
        data-price="8.52"
        data-id="63924"
        data-available="yes"
        data-category="2933"
        data-bestselling="">
    <a href="../alkermes-dilmoor-70cl.html">
        <div style="background-image: url('../../cdn.spesati.com/images/products/000210454/dilmoor-alkermes-liquore-aromatico-70-cl-01.png')">
            <div class="hover"></div>
            
            <div class="stickers"></div>
        </div>
    </a>
    <div>
        <h4><a href="../alkermes-dilmoor-70cl.html"><b>Alkermes Dilmoor 70cl</b></a></h4>
        <p class="description">Dilmoor Alkermes Liquore Aromatico 70 cl</p>
        <p class="right price"><b>8.52 €</b></p>
        <p class="right unitPrice">12.16 € per litre</p>
    </div>
    <div class="contButton">
    <a class="button bgRed white addToCart" href="#">Add</a>
</div>
</div><div class="left product prod6"
        data-name="Bulleit Bourbon 70 Cl"
        data-price="41.20"
        data-id="29112"
        data-available="yes"
        data-category="2933"
        data-bestselling="">
    <a href="../bulleit-bourbon-70-cl.html">
        <div style="background-image: url('../../cdn.spesati.com/images/products/000210349/bulleit-burbon-frontier-whiskey-70-cl-01.png')">
            <div class="hover"></div>
            
            <div class="stickers"></div>
        </div>
    </a>
    <div>
        <h4><a href="../bulleit-bourbon-70-cl.html"><b>Bulleit Bourbon 70 Cl</b></a></h4>
        <p class="description">Bulleit Burbon Frontier Whiskey 70 cl</p>
        <p class="right price"><b>41.20 €</b></p>
        <p class="right unitPrice">58.85 € per litre</p>
    </div>
    <div class="contButton">
    <a class="button bgRed white addToCart" href="#">Add</a>
</div>
</div><div class="left product prod7"
        data-name="Liq. Frangelico 70 Cl"
        data-price="19.80"
        data-id="28614"
        data-available="yes"
        data-category="2933"
        data-bestselling="">
    <a href="../liq-frangelico-70-cl.html">
        <div style="background-image: url('../../cdn.spesati.com/images/products/000207163/frangelico-liquore-alle-nocciole-italiane-70-cl-01.png')">
            <div class="hover"></div>
            
            <div class="stickers"></div>
        </div>
    </a>
    <div>
        <h4><a href="../liq-frangelico-70-cl.html"><b>Liq. Frangelico 70 Cl</b></a></h4>
        <p class="description">Frangelico Liquore alle Nocciole Italiane 70 cl</p>
        <p class="right price"><b>19.80 €</b></p>
        <p class="right unitPrice">28.28 € per litre</p>
    </div>
    <div class="contButton">
    <a class="button bgRed white addToCart" href="#">Add</a>
</div>
</div><div class="left product prod8"
        data-name="Liq. Southern Comfort 1 Lt"
        data-price="26.51"
        data-id="28598"
        data-available="yes"
        data-category="2933"
        data-bestselling="">
    <a href="../liq-southern-comfort-1-lt.html">
        <div style="background-image: url('../../cdn.spesati.com/images/products/000207077/southern-comfort-original-1l-01.png')">
            <div class="hover"></div>
            
            <div class="stickers"></div>
        </div>
    </a>
    <div>
        <h4><a href="../liq-southern-comfort-1-lt.html"><b>Liq. Southern Comfort 1 Lt</b></a></h4>
        <p class="description">Southern Comfort Original 1L</p>
        <p class="right price"><b>26.51 €</b></p>
        <p class="right unitPrice">26.51 € per litre</p>
    </div>
    <div class="contButton">
    <a class="button bgRed white addToCart" href="#">Add</a>
</div>
</div><div class="left product prod9"
        data-name="Liq Bols Orange Curacao 70 Cl"
        data-price="15.12"
        data-id="28537"
        data-available="yes"
        data-category="2933"
        data-bestselling="">
    <a href="../liq-bols-orange-curacao-70-cl.html">
        <div style="background-image: url('../../cdn.spesati.com/images/products/000206503/bols-dry-orange-liqueur-700-ml-01.png')">
            <div class="hover"></div>
            
            <div class="stickers"></div>
        </div>
    </a>
    <div>
        <h4><a href="../liq-bols-orange-curacao-70-cl.html"><b>Liq Bols Orange Curacao 70 Cl</b></a></h4>
        <p class="description">Bols Dry Orange Liqueur 700 ml</p>
        <p class="right price"><b>15.12 €</b></p>
        <p class="right unitPrice">21.61 € per litre</p>
    </div>
    <div class="contButton">
    <a class="button bgRed white addToCart" href="#">Add</a>
</div>
</div><div class="left product prod10"
        data-name="Liquore eclisse liquirizia 70 cl"
        data-price="13.99"
        data-id="5133"
        data-available="yes"
        data-category="2933"
        data-bestselling="">
    <a href="../liquore-eclisse-liquirizia-70-cl.html">
        <div style="background-image: url('../../cdn.spesati.com/images/products/000206298/eclisse-liquore-alla-liquirizia-di-calabria-dop-50-cl-01.png')">
            <div class="hover"></div>
            
            <div class="stickers"></div>
        </div>
    </a>
    <div>
        <h4><a href="../liquore-eclisse-liquirizia-70-cl.html"><b>Liquore eclisse liquirizia 70 cl</b></a></h4>
        <p class="description">Eclisse Liquore alla Liquirizia di Calabria DOP 50 cl</p>
        <p class="right price"><b>13.99 €</b></p>
        <p class="right unitPrice">19.98 € per litre</p>
    </div>
    <div class="contButton">
    <a class="button bgRed white addToCart" href="#">Add</a>
</div>
</div><div class="left product prod11"
        data-name="Cognac Courvoisier Cl. 70 V.s."
        data-price="26.90"
        data-id="28414"
        data-available="yes"
        data-category="2933"
        data-bestselling="">
    <a href="../cognac-courvoisier-cl-70-vs.html">
        <div style="background-image: url('../../cdn.spesati.com/images/products/000206230/courvoisier-vs-cognac-70-cl-01.png')">
            <div class="hover"></div>
            
            <div class="stickers"></div>
        </div>
    </a>
    <div>
        <h4><a href="../cognac-courvoisier-cl-70-vs.html"><b>Cognac Courvoisier Cl. 70 V.s.</b></a></h4>
        <p class="description">Courvoisier VS Cognac 70 cl</p>
        <p class="right price"><b>26.90 €</b></p>
        <p class="right unitPrice">38.43 € per litre</p>
    </div>
    <div class="contButton">
    <a class="button bgRed white addToCart" href="#">Add</a>
</div>
</div><div class="left product prod12"
        data-name="Cognac Remy Martin 70cl Vsop"
        data-price="60.74"
        data-id="28411"
        data-available="yes"
        data-category="2933"
        data-bestselling="">
    <a href="../cognac-remy-martin-70cl-vsop.html">
        <div style="background-image: url('../../cdn.spesati.com/images/products/000206225/remy-martin-cognac-fine-champagne-vsop-70-cl-01.png')">
            <div class="hover"></div>
            
            <div class="stickers"></div>
        </div>
    </a>
    <div>
        <h4><a href="../cognac-remy-martin-70cl-vsop.html"><b>Cognac Remy Martin 70cl Vsop</b></a></h4>
        <p class="description">Rémy Martin Cognac Fine Champagne V.S.O.P. 70 cl</p>
        <p class="right price"><b>60.74 €</b></p>
        <p class="right unitPrice">86.78 € per litre</p>
    </div>
    <div class="contButton">
    <a class="button bgRed white addToCart" href="#">Add</a>
</div>
</div><div class="left product prod13"
        data-name="Cognac Martell Medaillon Vsop"
        data-price="58.58"
        data-id="28410"
        data-available="yes"
        data-category="2933"
        data-bestselling="">
    <a href="../cognac-martell-medaillon-vsop.html">
        <div style="background-image: url('../../cdn.spesati.com/images/products/000206215/martell-cognac-vsop-aged-in-red-barrels-70-cl-01.png')">
            <div class="hover"></div>
            
            <div class="stickers"></div>
        </div>
    </a>
    <div>
        <h4><a href="../cognac-martell-medaillon-vsop.html"><b>Cognac Martell Medaillon Vsop</b></a></h4>
        <p class="description">Martell Cognac VSOP Aged in Red Barrels 70 cl</p>
        <p class="right price"><b>58.58 €</b></p>
        <p class="right unitPrice">83.68 € per litre</p>
    </div>
    <div class="contButton">
    <a class="button bgRed white addToCart" href="#">Add</a>
</div>
</div><div class="left product prod14"
        data-name="Cognac Martell 3 Stelle V.s."
        data-price="36.46"
        data-id="28409"
        data-available="yes"
        data-category="2933"
        data-bestselling="">
    <a href="../cognac-martell-3-stelle-vs.html">
        <div style="background-image: url('../../cdn.spesati.com/images/products/000206210/martell-vs-single-distillery-fine-cognac-70-cl-01.png')">
            <div class="hover"></div>
            
            <div class="stickers"></div>
        </div>
    </a>
    <div>
        <h4><a href="../cognac-martell-3-stelle-vs.html"><b>Cognac Martell 3 Stelle V.s.</b></a></h4>
        <p class="description">Martell VS Single Distillery Fine Cognac 70 cl</p>
        <p class="right price"><b>36.46 €</b></p>
        <p class="right unitPrice">52.08 € per litre</p>
    </div>
    <div class="contButton">
    <a class="button bgRed white addToCart" href="#">Add</a>
</div>
</div><div class="left product prod15"
        data-name="Liq Stock Limonce' 1lt"
        data-price="20.47"
        data-id="28356"
        data-available="yes"
        data-category="2933"
        data-bestselling="">
    <a href="../liq-stock-limonce-1lt.html">
        <div style="background-image: url('../../cdn.spesati.com/images/products/000205551/limonce-10-l-01.png')">
            <div class="hover"></div>
            
            <div class="stickers"></div>
        </div>
    </a>
    <div>
        <h4><a href="../liq-stock-limonce-1lt.html"><b>Liq Stock Limonce' 1lt</b></a></h4>
        <p class="description">Limoncè 1,0 l</p>
        <p class="right price"><b>20.47 €</b></p>
        <p class="right unitPrice">20.47 € per litre</p>
    </div>
    <div class="contButton">
    <a class="button bgRed white addToCart" href="#">Add</a>
</div>
</div><div class="left product prod16"
        data-name="Liq Stock Limonce' 50cl"
        data-price="8.39"
        data-id="28355"
        data-available="yes"
        data-category="2933"
        data-bestselling="">
    <a href="../liq-stock-limonce-50cl.html">
        <div style="background-image: url('../../cdn.spesati.com/images/products/000205550/limonce-05-l-01.png')">
            <div class="hover"></div>
            
            <div class="stickers"></div>
        </div>
    </a>
    <div>
        <h4><a href="../liq-stock-limonce-50cl.html"><b>Liq Stock Limonce' 50cl</b></a></h4>
        <p class="description">Limoncè 0,5 l</p>
        <p class="right price"><b>8.39 €</b></p>
        <p class="right unitPrice">16.78 € per litre</p>
    </div>
    <div class="contButton">
    <a class="button bgRed white addToCart" href="#">Add</a>
</div>
</div><div class="left product prod17"
        data-name="Liq Vov Pezziol Cl 70"
        data-price="11.90"
        data-id="28346"
        data-available="yes"
        data-category="2933"
        data-bestselling="">
    <a href="../liq-vov-pezziol-cl-70.html">
        <div style="background-image: url('../../cdn.spesati.com/images/products/000205466/vov-70-cl-01.png')">
            <div class="hover"></div>
            
            <div class="stickers"></div>
        </div>
    </a>
    <div>
        <h4><a href="../liq-vov-pezziol-cl-70.html"><b>Liq Vov Pezziol Cl 70</b></a></h4>
        <p class="description">Vov 70 cl</p>
        <p class="right price"><b>11.90 €</b></p>
        <p class="right unitPrice">11.90 € per piece</p>
    </div>
    <div class="contButton">
    <a class="button bgRed white addToCart" href="#">Add</a>
</div>
</div><div class="left product prod18"
        data-name="Liq Camilla Grap/camom 35 70cl"
        data-price="39.11"
        data-id="67635"
        data-available="yes"
        data-category="2933"
        data-bestselling="">
    <a href="../liq-camilla-grapcamom-35-70cl.html">
        <div style="background-image: url('../../cdn.spesati.com/images/products/000205449/marzadro-liquore-tradizionale-camilla-70-cl-01.png')">
            <div class="hover"></div>
            
            <div class="stickers"></div>
        </div>
    </a>
    <div>
        <h4><a href="../liq-camilla-grapcamom-35-70cl.html"><b>Liq Camilla Grap/camom 35 70cl</b></a></h4>
        <p class="description">Marzadro Liquore Tradizionale Camilla 70 cl</p>
        <p class="right price"><b>39.11 €</b></p>
        <p class="right unitPrice">55.88 € per litre</p>
    </div>
    <div class="contButton">
    <a class="button bgRed white addToCart" href="#">Add</a>
</div>
</div><div class="left product prod19"
        data-name="Liq.mela Verde 70cl Marzadro"
        data-price="21.90"
        data-id="28339"
        data-available="yes"
        data-category="2933"
        data-bestselling="">
    <a href="../liqmela-verde-70cl-marzadro.html">
        <div style="background-image: url('../../cdn.spesati.com/images/products/000205438/marzadro-meli-verde-70-cl-01.png')">
            <div class="hover"></div>
            
            <div class="stickers"></div>
        </div>
    </a>
    <div>
        <h4><a href="../liqmela-verde-70cl-marzadro.html"><b>Liq.mela Verde 70cl Marzadro</b></a></h4>
        <p class="description">Marzadro Melì Verde 70 cl</p>
        <p class="right price"><b>21.90 €</b></p>
        <p class="right unitPrice">31.29 € per litre</p>
    </div>
    <div class="contButton">
    <a class="button bgRed white addToCart" href="#">Add</a>
</div>
</div><div class="left product prod20"
        data-name="Liq.anima Nera 70cl Marzadro"
        data-price="22.90"
        data-id="28338"
        data-available="yes"
        data-category="2933"
        data-bestselling="">
    <a href="../liqanima-nera-70cl-marzadro.html">
        <div style="background-image: url('../../cdn.spesati.com/images/products/000205437/anima-nera-70-cl-01.png')">
            <div class="hover"></div>
            
            <div class="stickers"></div>
        </div>
    </a>
    <div>
        <h4><a href="../liqanima-nera-70cl-marzadro.html"><b>Liq.anima Nera 70cl Marzadro</b></a></h4>
        <p class="description">Anima Nera 70 cl</p>
        <p class="right price"><b>22.90 €</b></p>
        <p class="right unitPrice">32.71 € per litre</p>
    </div>
    <div class="contButton">
    <a class="button bgRed white addToCart" href="#">Add</a>
</div>
</div><div class="left product prod21"
        data-name="Liq Limoncello Di Capri 1lt"
        data-price="25.35"
        data-id="28333"
        data-available="yes"
        data-category="2933"
        data-bestselling="">
    <a href="../liq-limoncello-di-capri-1lt.html">
        <div style="background-image: url('../../cdn.spesati.com/images/products/000205421/limoncello-di-capri-100-cl-01.png')">
            <div class="hover"></div>
            
            <div class="stickers"></div>
        </div>
    </a>
    <div>
        <h4><a href="../liq-limoncello-di-capri-1lt.html"><b>Liq Limoncello Di Capri 1lt</b></a></h4>
        <p class="description">Limoncello di Capri 100 CL</p>
        <p class="right price"><b>25.35 €</b></p>
        <p class="right unitPrice">25.35 € per litre</p>
    </div>
    <div class="contButton">
    <a class="button bgRed white addToCart" href="#">Add</a>
</div>
</div><div class="left product prod22"
        data-name="Liquore caffe' molinari 70 cl"
        data-price="19.82"
        data-id="5134"
        data-available="yes"
        data-category="2933"
        data-bestselling="">
    <a href="../liquore-caffe-molinari-70-cl.html">
        <div style="background-image: url('../../cdn.spesati.com/images/products/000205395/molinari-liquore-caffe-700-ml-01.png')">
            <div class="hover"></div>
            
            <div class="stickers"></div>
        </div>
    </a>
    <div>
        <h4><a href="../liquore-caffe-molinari-70-cl.html"><b>Liquore caffe' molinari 70 cl</b></a></h4>
        <p class="description">Molinari Liquore caffè 700 ml</p>
        <p class="right price"><b>19.82 €</b></p>
        <p class="right unitPrice">28.32 € per litre</p>
    </div>
    <div class="contButton">
    <a class="button bgRed white addToCart" href="#">Add</a>
</div>
</div><div class="left product prod23"
        data-name="Liq Pastis 51 1lt"
        data-price="25.73"
        data-id="28323"
        data-available="yes"
        data-category="2933"
        data-bestselling="">
    <a href="../liq-pastis-51-1lt.html">
        <div style="background-image: url('../../cdn.spesati.com/images/products/000205387/pastis-51-100-cl-01.png')">
            <div class="hover"></div>
            
            <div class="stickers"></div>
        </div>
    </a>
    <div>
        <h4><a href="../liq-pastis-51-1lt.html"><b>Liq Pastis 51 1lt</b></a></h4>
        <p class="description">Pastis 51 100 cl</p>
        <p class="right price"><b>25.73 €</b></p>
        <p class="right unitPrice">25.73 € per litre</p>
    </div>
    <div class="contButton">
    <a class="button bgRed white addToCart" href="#">Add</a>
</div>
</div><div class="left product prod24"
        data-name="Liq. Pernod 70cl"
        data-price="15.15"
        data-id="28314"
        data-available="yes"
        data-category="2933"
        data-bestselling="">
    <a href="../liq-pernod-70cl.html">
        <div style="background-image: url('../../cdn.spesati.com/images/products/000205360/pernod-paris-70-cl-01.png')">
            <div class="hover"></div>
            
            <div class="stickers"></div>
        </div>
    </a>
    <div>
        <h4><a href="../liq-pernod-70cl.html"><b>Liq. Pernod 70cl</b></a></h4>
        <p class="description">Pernod Paris 70 cl</p>
        <p class="right price"><b>15.15 €</b></p>
        <p class="right unitPrice">21.64 € per litre</p>
    </div>
    <div class="contButton">
    <a class="button bgRed white addToCart" href="#">Add</a>
</div>
</div><div class="left product prod25"
        data-name="Liq. Pastis 45 Ricard 70cl"
        data-price="16.15"
        data-id="28313"
        data-available="yes"
        data-category="2933"
        data-bestselling="">
    <a href="../liq-pastis-45-ricard-70cl.html">
        <div style="background-image: url('../../cdn.spesati.com/images/products/000205358/ricard-pastis-de-marseille-70-cl-01.png')">
            <div class="hover"></div>
            
            <div class="stickers"></div>
        </div>
    </a>
    <div>
        <h4><a href="../liq-pastis-45-ricard-70cl.html"><b>Liq. Pastis 45 Ricard 70cl</b></a></h4>
        <p class="description">Ricard Pastis de Marseille 70 cl</p>
        <p class="right price"><b>16.15 €</b></p>
        <p class="right unitPrice">23.07 € per litre</p>
    </div>
    <div class="contButton">
    <a class="button bgRed white addToCart" href="#">Add</a>
</div>
</div><div class="left product prod26"
        data-name="Liquore mirto bresca dorada"
        data-price="8.59"
        data-id="5223"
        data-available="yes"
        data-category="2933"
        data-bestselling="2">
    <a href="../liquore-mirto-bresca-dorada.html">
        <div style="background-image: url('../../cdn.spesati.com/images/products/000205355/bresca-dorada-mirto-di-sardegna-70-cl-01.png')">
            <div class="hover"></div>
            <p class="arrow bgRed white">Best Seller</p>
            <div class="stickers"></div>
        </div>
    </a>
    <div>
        <h4><a href="../liquore-mirto-bresca-dorada.html"><b>Liquore mirto bresca dorada</b></a></h4>
        <p class="description">Bresca Dorada Mirto di Sardegna 70 cl</p>
        <p class="right price"><b>8.59 €</b></p>
        <p class="right unitPrice">11.46 € per litre</p>
    </div>
    <div class="contButton">
    <a class="button bgRed white addToCart" href="#">Add</a>
</div>
</div><div class="left product prod27"
        data-name="Liquore Mirto Silvio Carta 75 cl"
        data-price="12.50"
        data-id="5433"
        data-available="yes"
        data-category="2933"
        data-bestselling="">
    <a href="../liquore-mirto-silvio-carta-75-cl.html">
        <div style="background-image: url('../../cdn.spesati.com/images/products/000205348/silvio-carta-mirto-70-cl-01.png')">
            <div class="hover"></div>
            
            <div class="stickers"><img class="left" src="../../cdn.spesati.com/images/layout/sardinian.png" /></div>
        </div>
    </a>
    <div>
        <h4><a href="../liquore-mirto-silvio-carta-75-cl.html"><b>Liquore Mirto Silvio Carta 75 cl</b></a></h4>
        <p class="description">Silvio Carta Mirto 70 cl</p>
        <p class="right price"><b>12.50 €</b></p>
        <p class="right unitPrice">16.67 € per litre</p>
    </div>
    <div class="contButton">
    <a class="button bgRed white addToCart" href="#">Add</a>
</div>
</div><div class="left product prod28"
        data-name="Mirto di Sardegna Rosso Zedda Piras"
        data-price="12.90"
        data-id="31"
        data-available="yes"
        data-category="2933"
        data-bestselling="">
    <a href="../mirto-di-sardegna-rosso-zedda-piras.html">
        <div style="background-image: url('../../cdn.spesati.com/images/products/000205345/zedda-piras-mirto-rosso-di-sardegna-70-cl-01.png')">
            <div class="hover"></div>
            
            <div class="stickers"><img class="left" src="../../cdn.spesati.com/images/layout/sardinian.png" /></div>
        </div>
    </a>
    <div>
        <h4><a href="../mirto-di-sardegna-rosso-zedda-piras.html"><b>Mirto di Sardegna Rosso Zedda Piras</b></a></h4>
        <p class="description">Zedda Piras Mirto Rosso di Sardegna 70 cl</p>
        <p class="right price"><b>12.90 €</b></p>
        <p class="right unitPrice">18.43 € per litre</p>
    </div>
    <div class="contButton">
    <a class="button bgRed white addToCart" href="#">Add</a>
</div>
</div><div class="left product prod29"
        data-name="Mirto Del Contadino Rosso 70 Cl"
        data-price="11.90"
        data-id="5481"
        data-available="yes"
        data-category="2933"
        data-bestselling="">
    <a href="../mirto-del-contadino-rosso-70-cl.html">
        <div style="background-image: url('../../cdn.spesati.com/images/products/000205344/gestione-fattorie-mirto-del-contadino-70-cl-01.png')">
            <div class="hover"></div>
            
            <div class="stickers"><img class="left" src="../../cdn.spesati.com/images/layout/sardinian.png" /></div>
        </div>
    </a>
    <div>
        <h4><a href="../mirto-del-contadino-rosso-70-cl.html"><b>Mirto Del Contadino Rosso 70 Cl</b></a></h4>
        <p class="description">Gestione Fattorie Mirto del Contadino 70 cl</p>
        <p class="right price"><b>11.90 €</b></p>
        <p class="right unitPrice">16.99 € per litre</p>
    </div>
    <div class="contButton">
    <a class="button bgRed white addToCart" href="#">Add</a>
</div>
</div><div class="left product prod30"
        data-name="Liquore Zedda Piras Mirto Bianco 70Cl"
        data-price="12.90"
        data-id="6161"
        data-available="yes"
        data-category="2933"
        data-bestselling="">
    <a href="../liquore-zedda-piras-mirto-bianco-70cl.html">
        <div style="background-image: url('../../cdn.spesati.com/images/products/000205340/zedda-piras-mirto-bianco-di-sardegna-70-cl-01.png')">
            <div class="hover"></div>
            
            <div class="stickers"><img class="left" src="../../cdn.spesati.com/images/layout/sardinian.png" /></div>
        </div>
    </a>
    <div>
        <h4><a href="../liquore-zedda-piras-mirto-bianco-70cl.html"><b>Liquore Zedda Piras Mirto Bianco 70Cl</b></a></h4>
        <p class="description">Zedda Piras Mirto Bianco di Sardegna 70 cl</p>
        <p class="right price"><b>12.90 €</b></p>
        <p class="right unitPrice">17.20 € per litre</p>
    </div>
    <div class="contButton">
    <a class="button bgRed white addToCart" href="#">Add</a>
</div>
</div><div class="left product prod31"
        data-name="Mandarinetto Isolab. 70cl"
        data-price="15.99"
        data-id="28310"
        data-available="yes"
        data-category="2933"
        data-bestselling="">
    <a href="../mandarinetto-isolab-70cl.html">
        <div style="background-image: url('../../cdn.spesati.com/images/products/000205331/isolabella-mandarinetto-700-ml-01.png')">
            <div class="hover"></div>
            
            <div class="stickers"></div>
        </div>
    </a>
    <div>
        <h4><a href="../mandarinetto-isolab-70cl.html"><b>Mandarinetto Isolab. 70cl</b></a></h4>
        <p class="description">Isolabella Mandarinetto 700 ml</p>
        <p class="right price"><b>15.99 €</b></p>
        <p class="right unitPrice">22.85 € per litre</p>
    </div>
    <div class="contButton">
    <a class="button bgRed white addToCart" href="#">Add</a>
</div>
</div><div class="left product prod32"
        data-name="Liquore Limoncino Silvio Carta 75 Cl"
        data-price="12.90"
        data-id="5486"
        data-available="yes"
        data-category="2933"
        data-bestselling="">
    <a href="../liquore-limoncino-silvio-carta-75-cl.html">
        <div style="background-image: url('../../cdn.spesati.com/images/products/000205325/silvio-carta-limoncino-70-cl-01.png')">
            <div class="hover"></div>
            
            <div class="stickers"><img class="left" src="../../cdn.spesati.com/images/layout/sardinian.png" /></div>
        </div>
    </a>
    <div>
        <h4><a href="../liquore-limoncino-silvio-carta-75-cl.html"><b>Liquore Limoncino Silvio Carta 75 Cl</b></a></h4>
        <p class="description">Silvio Carta Limoncino 70 cl</p>
        <p class="right price"><b>12.90 €</b></p>
        <p class="right unitPrice">17.20 € per litre</p>
    </div>
    <div class="contButton">
    <a class="button bgRed white addToCart" href="#">Add</a>
</div>
</div><div class="left product prod33"
        data-name="Limone Ramo D'Oro Zedda Piras 70Cl"
        data-price="12.90"
        data-id="6151"
        data-available="yes"
        data-category="2933"
        data-bestselling="">
    <a href="../limone-ramo-doro-zedda-piras-70cl.html">
        <div style="background-image: url('../../cdn.spesati.com/images/products/000205324/zedda-piras-limoncello-ramo-doro-70-cl-01.png')">
            <div class="hover"></div>
            
            <div class="stickers"><img class="left" src="../../cdn.spesati.com/images/layout/sardinian.png" /></div>
        </div>
    </a>
    <div>
        <h4><a href="../limone-ramo-doro-zedda-piras-70cl.html"><b>Limone Ramo D'Oro Zedda Piras 70Cl</b></a></h4>
        <p class="description">Zedda Piras Limoncello Ramo d'Oro 70 cl</p>
        <p class="right price"><b>12.90 €</b></p>
        <p class="right unitPrice">18.43 € per litre</p>
    </div>
    <div class="contButton">
    <a class="button bgRed white addToCart" href="#">Add</a>
</div>
</div><div class="left product prod34"
        data-name="Liq. Malibu' 70cl"
        data-price="12.90"
        data-id="28309"
        data-available="yes"
        data-category="2933"
        data-bestselling="">
    <a href="../liq-malibu-70cl.html">
        <div style="background-image: url('../../cdn.spesati.com/images/products/000205319/malibu-700-ml-01.png')">
            <div class="hover"></div>
            
            <div class="stickers"></div>
        </div>
    </a>
    <div>
        <h4><a href="../liq-malibu-70cl.html"><b>Liq. Malibu' 70cl</b></a></h4>
        <p class="description">Malibu 700 ml</p>
        <p class="right price"><b>12.90 €</b></p>
        <p class="right unitPrice">18.43 € per litre</p>
    </div>
    <div class="contButton">
    <a class="button bgRed white addToCart" href="#">Add</a>
</div>
</div><div class="left product prod35"
        data-name="Liq. Kahlua Heering 70cl"
        data-price="17.27"
        data-id="28308"
        data-available="yes"
        data-category="2933"
        data-bestselling="">
    <a href="../liq-kahlua-heering-70cl.html">
        <div style="background-image: url('../../cdn.spesati.com/images/products/000205318/kahlua-coffee-liqueur-70-cl-01.png')">
            <div class="hover"></div>
            
            <div class="stickers"></div>
        </div>
    </a>
    <div>
        <h4><a href="../liq-kahlua-heering-70cl.html"><b>Liq. Kahlua Heering 70cl</b></a></h4>
        <p class="description">Kahlúa Coffee Liqueur 70 cl</p>
        <p class="right price"><b>17.27 €</b></p>
        <p class="right unitPrice">24.67 € per litre</p>
    </div>
    <div class="contButton">
    <a class="button bgRed white addToCart" href="#">Add</a>
</div>
</div><div class="left product prod36"
        data-name="Liq. Malibu' 1lt"
        data-price="23.20"
        data-id="28306"
        data-available="yes"
        data-category="2933"
        data-bestselling="">
    <a href="../liq-malibu-1lt.html">
        <div style="background-image: url('../../cdn.spesati.com/images/products/000205316/malibu-caribbean-rum-with-coconut-flavour-1-l-01.png')">
            <div class="hover"></div>
            
            <div class="stickers"></div>
        </div>
    </a>
    <div>
        <h4><a href="../liq-malibu-1lt.html"><b>Liq. Malibu' 1lt</b></a></h4>
        <p class="description">Malibu Caribbean rum with coconut flavour 1 L</p>
        <p class="right price"><b>23.20 €</b></p>
        <p class="right unitPrice">23.19 € per litre</p>
    </div>
    <div class="contButton">
    <a class="button bgRed white addToCart" href="#">Add</a>
</div>
</div><div class="left product prod37"
        data-name="Liq.grand Marnier 70cl"
        data-price="25.90"
        data-id="28305"
        data-available="yes"
        data-category="2933"
        data-bestselling="">
    <a href="../liqgrand-marnier-70cl.html">
        <div style="background-image: url('../../cdn.spesati.com/images/products/000205315/grand-marnier-cordon-rouge-70-cl-01.png')">
            <div class="hover"></div>
            
            <div class="stickers"></div>
        </div>
    </a>
    <div>
        <h4><a href="../liqgrand-marnier-70cl.html"><b>Liq.grand Marnier 70cl</b></a></h4>
        <p class="description">Grand Marnier Cordon Rouge 70 cl</p>
        <p class="right price"><b>25.90 €</b></p>
        <p class="right unitPrice">37.00 € per litre</p>
    </div>
    <div class="contButton">
    <a class="button bgRed white addToCart" href="#">Add</a>
</div>
</div><div class="left product prod38"
        data-name="Liquore Limoncino Bresca Dorada 70Cl"
        data-price="16.90"
        data-id="5480"
        data-available="yes"
        data-category="2933"
        data-bestselling="">
    <a href="../liquore-limoncino-bresca-dorada-70cl.html">
        <div style="background-image: url('../../cdn.spesati.com/images/products/000205312/bresca-dorada-limoncino-di-muravera-70-cl-01.png')">
            <div class="hover"></div>
            
            <div class="stickers"><img class="left" src="../../cdn.spesati.com/images/layout/sardinian.png" /></div>
        </div>
    </a>
    <div>
        <h4><a href="../liquore-limoncino-bresca-dorada-70cl.html"><b>Liquore Limoncino Bresca Dorada 70Cl</b></a></h4>
        <p class="description">Bresca Dorada Limoncino di Muravera 70 cl</p>
        <p class="right price"><b>16.90 €</b></p>
        <p class="right unitPrice">24.14 € per litre</p>
    </div>
    <div class="contButton">
    <a class="button bgRed white addToCart" href="#">Add</a>
</div>
</div><div class="left product prod39"
        data-name="Liquore Arangiu Bresca Dorada 70Cl"
        data-price="14.96"
        data-id="5625"
        data-available="yes"
        data-category="2933"
        data-bestselling="">
    <a href="../liquore-arangiu-bresca-dorada-70cl.html">
        <div style="background-image: url('../../cdn.spesati.com/images/products/000205160/bresca-dorada-arangiu-70-cl-01.png')">
            <div class="hover"></div>
            
            <div class="stickers"><img class="left" src="../../cdn.spesati.com/images/layout/sardinian.png" /></div>
        </div>
    </a>
    <div>
        <h4><a href="../liquore-arangiu-bresca-dorada-70cl.html"><b>Liquore Arangiu Bresca Dorada 70Cl</b></a></h4>
        <p class="description">Bresca Dorada Aràngiu 70 cl</p>
        <p class="right price"><b>14.96 €</b></p>
        <p class="right unitPrice">21.37 € per litre</p>
    </div>
    <div class="contButton">
    <a class="button bgRed white addToCart" href="#">Add</a>
</div>
</div><div class="left product prod40"
        data-name="Liq Cointreau 1lt"
        data-price="34.77"
        data-id="28290"
        data-available="yes"
        data-category="2933"
        data-bestselling="">
    <a href="../liq-cointreau-1lt.html">
        <div style="background-image: url('../../cdn.spesati.com/images/products/000205110/cointreau-1-l-01.png')">
            <div class="hover"></div>
            
            <div class="stickers"></div>
        </div>
    </a>
    <div>
        <h4><a href="../liq-cointreau-1lt.html"><b>Liq Cointreau 1lt</b></a></h4>
        <p class="description">Cointreau 1 L</p>
        <p class="right price"><b>34.77 €</b></p>
        <p class="right unitPrice">34.77 € per litre</p>
    </div>
    <div class="contButton">
    <a class="button bgRed white addToCart" href="#">Add</a>
</div>
</div><div class="left product prod41"
        data-name="Liq Cointreau 70cl"
        data-price="19.50"
        data-id="28289"
        data-available="yes"
        data-category="2933"
        data-bestselling="">
    <a href="../liq-cointreau-70cl.html">
        <div style="background-image: url('../../cdn.spesati.com/images/products/000205105/cointreau-070-l-01.png')">
            <div class="hover"></div>
            
            <div class="stickers"></div>
        </div>
    </a>
    <div>
        <h4><a href="../liq-cointreau-70cl.html"><b>Liq Cointreau 70cl</b></a></h4>
        <p class="description">Cointreau 0,70 L</p>
        <p class="right price"><b>19.50 €</b></p>
        <p class="right unitPrice">27.85 € per litre</p>
    </div>
    <div class="contButton">
    <a class="button bgRed white addToCart" href="#">Add</a>
</div>
</div><div class="left product prod42"
        data-name="Liq Stock Cherry 70cl"
        data-price="14.11"
        data-id="28285"
        data-available="yes"
        data-category="2933"
        data-bestselling="">
    <a href="../liq-stock-cherry-70cl.html">
        <div style="background-image: url('../../cdn.spesati.com/images/products/000205095/stock-cherry-0-7l-01.png')">
            <div class="hover"></div>
            
            <div class="stickers"></div>
        </div>
    </a>
    <div>
        <h4><a href="../liq-stock-cherry-70cl.html"><b>Liq Stock Cherry 70cl</b></a></h4>
        <p class="description">Stock Cherry 0,7l</p>
        <p class="right price"><b>14.11 €</b></p>
        <p class="right unitPrice">20.17 € per litre</p>
    </div>
    <div class="contButton">
    <a class="button bgRed white addToCart" href="#">Add</a>
</div>
</div><div class="left product prod43"
        data-name="Liq.caffe' Borghetti 70cl"
        data-price="13.90"
        data-id="28284"
        data-available="yes"
        data-category="2933"
        data-bestselling="">
    <a href="../liqcaffe-borghetti-70cl.html">
        <div style="background-image: url('../../cdn.spesati.com/images/products/000205085/borghetti-liquore-di-vero-caffe-espresso-70-cl-01.png')">
            <div class="hover"></div>
            
            <div class="stickers"></div>
        </div>
    </a>
    <div>
        <h4><a href="../liqcaffe-borghetti-70cl.html"><b>Liq.caffe' Borghetti 70cl</b></a></h4>
        <p class="description">Borghetti Liquore di Vero Caffè Espresso 70 cl</p>
        <p class="right price"><b>13.90 €</b></p>
        <p class="right unitPrice">19.86 € per litre</p>
    </div>
    <div class="contButton">
    <a class="button bgRed white addToCart" href="#">Add</a>
</div>
</div><div class="left product prod44"
        data-name="Liq. De Kuyper Apricot 70cl"
        data-price="16.12"
        data-id="28279"
        data-available="yes"
        data-category="2933"
        data-bestselling="">
    <a href="../liq-de-kuyper-apricot-70cl.html">
        <div style="background-image: url('../../cdn.spesati.com/images/products/000205056/de-kuyper-apricot-brandy-70-cl-01.png')">
            <div class="hover"></div>
            
            <div class="stickers"></div>
        </div>
    </a>
    <div>
        <h4><a href="../liq-de-kuyper-apricot-70cl.html"><b>Liq. De Kuyper Apricot 70cl</b></a></h4>
        <p class="description">De Kuyper Apricot brandy 70 cl</p>
        <p class="right price"><b>16.12 €</b></p>
        <p class="right unitPrice">23.02 € per litre</p>
    </div>
    <div class="contButton">
    <a class="button bgRed white addToCart" href="#">Add</a>
</div>
</div><div class="left product prod45"
        data-name="Liq. De Kuyper Creme Banan 70c"
        data-price="16.12"
        data-id="28278"
        data-available="yes"
        data-category="2933"
        data-bestselling="">
    <a href="../liq-de-kuyper-creme-banan-70c.html">
        <div style="background-image: url('../../cdn.spesati.com/images/products/000205054/de-kuyper-creme-de-bananes-70-cl-01.png')">
            <div class="hover"></div>
            
            <div class="stickers"></div>
        </div>
    </a>
    <div>
        <h4><a href="../liq-de-kuyper-creme-banan-70c.html"><b>Liq. De Kuyper Creme Banan 70c</b></a></h4>
        <p class="description">De Kuyper Crème de bananes 70 cl</p>
        <p class="right price"><b>16.12 €</b></p>
        <p class="right unitPrice">23.02 € per litre</p>
    </div>
    <div class="contButton">
    <a class="button bgRed white addToCart" href="#">Add</a>
</div>
</div><div class="left product prod46"
        data-name="Liq. De Kuyper Menta B. 70cl"
        data-price="16.12"
        data-id="28276"
        data-available="yes"
        data-category="2933"
        data-bestselling="">
    <a href="../liq-de-kuyper-menta-b-70cl.html">
        <div style="background-image: url('../../cdn.spesati.com/images/products/000205052/de-kuyper-creme-de-menthe-white-70-cl-01.png')">
            <div class="hover"></div>
            
            <div class="stickers"></div>
        </div>
    </a>
    <div>
        <h4><a href="../liq-de-kuyper-menta-b-70cl.html"><b>Liq. De Kuyper Menta B. 70cl</b></a></h4>
        <p class="description">De Kuyper Crème de Menthe White 70 cl</p>
        <p class="right price"><b>16.12 €</b></p>
        <p class="right unitPrice">23.02 € per litre</p>
    </div>
    <div class="contButton">
    <a class="button bgRed white addToCart" href="#">Add</a>
</div>
</div><div class="left product prod47"
        data-name="Liq. De Kuyper Triple Sec 70cl"
        data-price="18.32"
        data-id="28275"
        data-available="yes"
        data-category="2933"
        data-bestselling="">
    <a href="../liq-de-kuyper-triple-sec-70cl.html">
        <div style="background-image: url('../../cdn.spesati.com/images/products/000205051/de-kuyper-triple-sec-liqueur-70-cl-01.png')">
            <div class="hover"></div>
            
            <div class="stickers"></div>
        </div>
    </a>
    <div>
        <h4><a href="../liq-de-kuyper-triple-sec-70cl.html"><b>Liq. De Kuyper Triple Sec 70cl</b></a></h4>
        <p class="description">De Kuyper Triple Sec Liqueur 70 cl</p>
        <p class="right price"><b>18.32 €</b></p>
        <p class="right unitPrice">26.17 € per litre</p>
    </div>
    <div class="contButton">
    <a class="button bgRed white addToCart" href="#">Add</a>
</div>
</div><div class="left product prod48"
        data-name="Liq. De Kuyper Curacao Blu 70c"
        data-price="16.12"
        data-id="28274"
        data-available="yes"
        data-category="2933"
        data-bestselling="">
    <a href="../liq-de-kuyper-curacao-blu-70c.html">
        <div style="background-image: url('../../cdn.spesati.com/images/products/000205050/de-kuyper-blue-curacao-70-cl-01.png')">
            <div class="hover"></div>
            
            <div class="stickers"></div>
        </div>
    </a>
    <div>
        <h4><a href="../liq-de-kuyper-curacao-blu-70c.html"><b>Liq. De Kuyper Curacao Blu 70c</b></a></h4>
        <p class="description">De Kuyper Blue curaçao 70 cl</p>
        <p class="right price"><b>16.12 €</b></p>
        <p class="right unitPrice">23.02 € per litre</p>
    </div>
    <div class="contButton">
    <a class="button bgRed white addToCart" href="#">Add</a>
</div>
</div><div class="left product prod49"
        data-name="Liq Bols Melon 70 Cl"
        data-price="15.72"
        data-id="28272"
        data-available="yes"
        data-category="2933"
        data-bestselling="">
    <a href="../liq-bols-melon-70-cl.html">
        <div style="background-image: url('../../cdn.spesati.com/images/products/000205042/bols-melon-liqueur-700-ml-01.png')">
            <div class="hover"></div>
            
            <div class="stickers"></div>
        </div>
    </a>
    <div>
        <h4><a href="../liq-bols-melon-70-cl.html"><b>Liq Bols Melon 70 Cl</b></a></h4>
        <p class="description">Bols Melon Liqueur 700 ml</p>
        <p class="right price"><b>15.72 €</b></p>
        <p class="right unitPrice">22.46 € per litre</p>
    </div>
    <div class="contButton">
    <a class="button bgRed white addToCart" href="#">Add</a>
</div>
</div><div class="left product prod50"
        data-name="Liquore Passoa"
        data-price="20.47"
        data-id="30"
        data-available="yes"
        data-category="2933"
        data-bestselling="">
    <a href="../liquore-passoa.html">
        <div style="background-image: url('../../cdn.spesati.com/images/products/000205005/passoa-1-l-01.png')">
            <div class="hover"></div>
            
            <div class="stickers"></div>
        </div>
    </a>
    <div>
        <h4><a href="../liquore-passoa.html"><b>Liquore Passoa</b></a></h4>
        <p class="description">Passoã 1 L</p>
        <p class="right price"><b>20.47 €</b></p>
        <p class="right unitPrice">20.47 € per litre</p>
    </div>
    <div class="contButton">
    <a class="button bgRed white addToCart" href="#">Add</a>
</div>
</div><div class="left product prod51"
        data-name="Liquore Vanil Isolabella 1 Lt"
        data-price="15.64"
        data-id="28253"
        data-available="yes"
        data-category="2933"
        data-bestselling="">
    <a href="../liquore-vanil-isolabella-1-lt.html">
        <div style="background-image: url('../../cdn.spesati.com/images/products/000204159/isolabella-vanil-1-l-01.png')">
            <div class="hover"></div>
            
            <div class="stickers"></div>
        </div>
    </a>
    <div>
        <h4><a href="../liquore-vanil-isolabella-1-lt.html"><b>Liquore Vanil Isolabella 1 Lt</b></a></h4>
        <p class="description">Isolabella Vanil 1 L</p>
        <p class="right price"><b>15.64 €</b></p>
        <p class="right unitPrice">15.64 € per litre</p>
    </div>
    <div class="contButton">
    <a class="button bgRed white addToCart" href="#">Add</a>
</div>
</div><div class="left product prod52"
        data-name="Liquirizia Caffo 50 Cl"
        data-price="20.40"
        data-id="61497"
        data-available="yes"
        data-category="2933"
        data-bestselling="">
    <a href="../liquirizia-caffo-50-cl.html">
        <div style="background-image: url('../../cdn.spesati.com/images/products/000204100/caffo-liquorice-500-ml-01.png')">
            <div class="hover"></div>
            
            <div class="stickers"></div>
        </div>
    </a>
    <div>
        <h4><a href="../liquirizia-caffo-50-cl.html"><b>Liquirizia Caffo 50 Cl</b></a></h4>
        <p class="description">Caffo Liquorice 500 ml</p>
        <p class="right price"><b>20.40 €</b></p>
        <p class="right unitPrice">40.80 € per litre</p>
    </div>
    <div class="contButton">
    <a class="button bgRed white addToCart" href="#">Add</a>
</div>
</div><div class="left product prod53"
        data-name="Liq. De Kuyper Peach Tree 70cl"
        data-price="16.50"
        data-id="28215"
        data-available="yes"
        data-category="2933"
        data-bestselling="">
    <a href="../liq-de-kuyper-peach-tree-70cl.html">
        <div style="background-image: url('../../cdn.spesati.com/images/products/000204025/peachtree-70-cl-01.png')">
            <div class="hover"></div>
            
            <div class="stickers"></div>
        </div>
    </a>
    <div>
        <h4><a href="../liq-de-kuyper-peach-tree-70cl.html"><b>Liq. De Kuyper Peach Tree 70cl</b></a></h4>
        <p class="description">Peachtree 70 cl</p>
        <p class="right price"><b>16.50 €</b></p>
        <p class="right unitPrice">23.57 € per litre</p>
    </div>
    <div class="contButton">
    <a class="button bgRed white addToCart" href="#">Add</a>
</div>
</div><div class="left product prod54"
        data-name="Liq. St.germain Elderflower 70"
        data-price="39.50"
        data-id="28036"
        data-available="yes"
        data-category="2933"
        data-bestselling="">
    <a href="../liq-stgermain-elderflower-70.html">
        <div style="background-image: url('../../cdn.spesati.com/images/products/000202862/st-germain-liqueur-artisanale-70-cl-01.png')">
            <div class="hover"></div>
            
            <div class="stickers"></div>
        </div>
    </a>
    <div>
        <h4><a href="../liq-stgermain-elderflower-70.html"><b>Liq. St.germain Elderflower 70</b></a></h4>
        <p class="description">St-Germain Liqueur artisanale 70 cl</p>
        <p class="right price"><b>39.50 €</b></p>
        <p class="right unitPrice">56.43 € per litre</p>
    </div>
    <div class="contButton">
    <a class="button bgRed white addToCart" href="#">Add</a>
</div>
</div><div class="left product prod55"
        data-name="Liq.pimms Cl 70"
        data-price="23.47"
        data-id="28027"
        data-available="yes"
        data-category="2933"
        data-bestselling="">
    <a href="../liqpimms-cl-70.html">
        <div style="background-image: url('../../cdn.spesati.com/images/products/000202852/pimms-spirit-drink-700-ml-01.png')">
            <div class="hover"></div>
            
            <div class="stickers"></div>
        </div>
    </a>
    <div>
        <h4><a href="../liqpimms-cl-70.html"><b>Liq.pimms Cl 70</b></a></h4>
        <p class="description">Pimm's Spirit Drink 700 ml</p>
        <p class="right price"><b>23.47 €</b></p>
        <p class="right unitPrice">33.53 € per litre</p>
    </div>
    <div class="contButton">
    <a class="button bgRed white addToCart" href="#">Add</a>
</div>
</div><div class="left product prod56"
        data-name="Liq.anice Marie Brizard 70 Cl"
        data-price="16.51"
        data-id="28218"
        data-available="yes"
        data-category="2933"
        data-bestselling="">
    <a href="../liqanice-marie-brizard-70-cl.html">
        <div style="background-image: url('../../cdn.spesati.com/images/products/missing-image/missing-image.jpg')">
            <div class="hover"></div>
            
            <div class="stickers"></div>
        </div>
    </a>
    <div>
        <h4><a href="../liqanice-marie-brizard-70-cl.html"><b>Liq.anice Marie Brizard 70 Cl</b></a></h4>
        <p class="description">0.7 Lt</p>
        <p class="right price"><b>16.51 €</b></p>
        <p class="right unitPrice">23.59 € per litre</p>
    </div>
    <div class="contButton">
    <a class="button bgRed white addToCart" href="#">Add</a>
</div>
</div><div class="left product prod57"
        data-name="Fior D'uovo Sperone Lt.2"
        data-price="11.85"
        data-id="29147"
        data-available="yes"
        data-category="2933"
        data-bestselling="">
    <a href="../fior-duovo-sperone-lt2.html">
        <div style="background-image: url('../../cdn.spesati.com/images/products/missing-image/missing-image.jpg')">
            <div class="hover"></div>
            
            <div class="stickers"></div>
        </div>
    </a>
    <div>
        <h4><a href="../fior-duovo-sperone-lt2.html"><b>Fior D'uovo Sperone Lt.2</b></a></h4>
        <p class="description">2 Lt</p>
        <p class="right price"><b>11.85 €</b></p>
        <p class="right unitPrice">5.93 € per litre</p>
    </div>
    <div class="contButton">
    <a class="button bgRed white addToCart" href="#">Add</a>
</div>
</div><div class="left product prod58"
        data-name="Liq.finocchietto Sardo 50cl"
        data-price="9.95"
        data-id="28268"
        data-available="yes"
        data-category="2933"
        data-bestselling="">
    <a href="../liqfinocchietto-sardo-50cl.html">
        <div style="background-image: url('../../cdn.spesati.com/images/products/missing-image/missing-image.jpg')">
            <div class="hover"></div>
            
            <div class="stickers"></div>
        </div>
    </a>
    <div>
        <h4><a href="../liqfinocchietto-sardo-50cl.html"><b>Liq.finocchietto Sardo 50cl</b></a></h4>
        <p class="description">0.5 Lt</p>
        <p class="right price"><b>9.95 €</b></p>
        <p class="right unitPrice">19.90 € per litre</p>
    </div>
    <div class="contButton">
    <a class="button bgRed white addToCart" href="#">Add</a>
</div>
</div><div class="left product prod59"
        data-name="Marsala I.p. Sperone Lt 1"
        data-price="8.27"
        data-id="29160"
        data-available="yes"
        data-category="2933"
        data-bestselling="">
    <a href="../marsala-ip-sperone-lt-1.html">
        <div style="background-image: url('../../cdn.spesati.com/images/products/missing-image/missing-image.jpg')">
            <div class="hover"></div>
            
            <div class="stickers"></div>
        </div>
    </a>
    <div>
        <h4><a href="../marsala-ip-sperone-lt-1.html"><b>Marsala I.p. Sperone Lt 1</b></a></h4>
        <p class="description">1 Lt</p>
        <p class="right price"><b>8.27 €</b></p>
        <p class="right unitPrice">8.27 € per litre</p>
    </div>
    <div class="contButton">
    <a class="button bgRed white addToCart" href="#">Add</a>
</div>
</div><div class="left product prod60"
        data-name="Liq.anice Lt 2 40 Pacini"
        data-price="36.19"
        data-id="28269"
        data-available="yes"
        data-category="2933"
        data-bestselling="">
    <a href="../liqanice-lt-2-40-pacini.html">
        <div style="background-image: url('../../cdn.spesati.com/images/products/missing-image/missing-image.jpg')">
            <div class="hover"></div>
            
            <div class="stickers"></div>
        </div>
    </a>
    <div>
        <h4><a href="../liqanice-lt-2-40-pacini.html"><b>Liq.anice Lt 2 40 Pacini</b></a></h4>
        <p class="description">2 Lt</p>
        <p class="right price"><b>36.19 €</b></p>
        <p class="right unitPrice">18.09 € per litre</p>
    </div>
    <div class="contButton">
    <a class="button bgRed white addToCart" href="#">Add</a>
</div>
</div><div class="left product prod61"
        data-name="Estr.liq.alkermes"
        data-price="5.23"
        data-id="29216"
        data-available="yes"
        data-category="2933"
        data-bestselling="">
    <a href="../estrliqalkermes.html">
        <div style="background-image: url('../../cdn.spesati.com/images/products/missing-image/missing-image.jpg')">
            <div class="hover"></div>
            
            <div class="stickers"></div>
        </div>
    </a>
    <div>
        <h4><a href="../estrliqalkermes.html"><b>Estr.liq.alkermes</b></a></h4>
        <p class="description">0.02 Lt</p>
        <p class="right price"><b>5.23 €</b></p>
        <p class="right unitPrice">261.32 € per litre</p>
    </div>
    <div class="contButton">
    <a class="button bgRed white addToCart" href="#">Add</a>
</div>
</div><div class="left product prod62"
        data-name="Mirto Rosso Chervu 50 Cl"
        data-price="78.23"
        data-id="63429"
        data-available="yes"
        data-category="2933"
        data-bestselling="">
    <a href="../mirto-rosso-chervu-50-cl.html">
        <div style="background-image: url('../../cdn.spesati.com/images/products/missing-image/missing-image.jpg')">
            <div class="hover"></div>
            
            <div class="stickers"></div>
        </div>
    </a>
    <div>
        <h4><a href="../mirto-rosso-chervu-50-cl.html"><b>Mirto Rosso Chervu 50 Cl</b></a></h4>
        <p class="description">0.5 Lt</p>
        <p class="right price"><b>78.23 €</b></p>
        <p class="right unitPrice">156.47 € per litre</p>
    </div>
    <div class="contButton">
    <a class="button bgRed white addToCart" href="#">Add</a>
</div>
</div><div class="left product prod63"
        data-name="Mirto Bianco Chervu 50 Cl"
        data-price="78.23"
        data-id="63432"
        data-available="yes"
        data-category="2933"
        data-bestselling="">
    <a href="../mirto-bianco-chervu-50-cl.html">
        <div style="background-image: url('../../cdn.spesati.com/images/products/missing-image/missing-image.jpg')">
            <div class="hover"></div>
            
            <div class="stickers"></div>
        </div>
    </a>
    <div>
        <h4><a href="../mirto-bianco-chervu-50-cl.html"><b>Mirto Bianco Chervu 50 Cl</b></a></h4>
        <p class="description">0.5 Lt</p>
        <p class="right price"><b>78.23 €</b></p>
        <p class="right unitPrice">156.47 € per litre</p>
    </div>
    <div class="contButton">
    <a class="button bgRed white addToCart" href="#">Add</a>
</div>
</div><div class="left product prod64"
        data-name="Liq Mirto Rosso C Isola 50cl"
        data-price="9.90"
        data-id="63870"
        data-available="yes"
        data-category="2933"
        data-bestselling="">
    <a href="../liq-mirto-rosso-c-isola-50cl.html">
        <div style="background-image: url('../../cdn.spesati.com/images/products/missing-image/missing-image.jpg')">
            <div class="hover"></div>
            
            <div class="stickers"></div>
        </div>
    </a>
    <div>
        <h4><a href="../liq-mirto-rosso-c-isola-50cl.html"><b>Liq Mirto Rosso C Isola 50cl</b></a></h4>
        <p class="description">0.5 Lt</p>
        <p class="right price"><b>9.90 €</b></p>
        <p class="right unitPrice">19.80 € per litre</p>
    </div>
    <div class="contButton">
    <a class="button bgRed white addToCart" href="#">Add</a>
</div>
</div><div class="left product prod65"
        data-name="Liq.punch Arancio 1lt Barbieri"
        data-price="17.96"
        data-id="28281"
        data-available="yes"
        data-category="2933"
        data-bestselling="">
    <a href="../liqpunch-arancio-1lt-barbieri.html">
        <div style="background-image: url('../../cdn.spesati.com/images/products/missing-image/missing-image.jpg')">
            <div class="hover"></div>
            
            <div class="stickers"></div>
        </div>
    </a>
    <div>
        <h4><a href="../liqpunch-arancio-1lt-barbieri.html"><b>Liq.punch Arancio 1lt Barbieri</b></a></h4>
        <p class="description">1 Lt</p>
        <p class="right price"><b>17.96 €</b></p>
        <p class="right unitPrice">17.96 € per litre</p>
    </div>
    <div class="contButton">
    <a class="button bgRed white addToCart" href="#">Add</a>
</div>
</div><div class="left product prod66"
        data-name="Liq.punch Mandar. 1lt Barbieri"
        data-price="17.96"
        data-id="28282"
        data-available="yes"
        data-category="2933"
        data-bestselling="">
    <a href="../liqpunch-mandar-1lt-barbieri.html">
        <div style="background-image: url('../../cdn.spesati.com/images/products/missing-image/missing-image.jpg')">
            <div class="hover"></div>
            
            <div class="stickers"></div>
        </div>
    </a>
    <div>
        <h4><a href="../liqpunch-mandar-1lt-barbieri.html"><b>Liq.punch Mandar. 1lt Barbieri</b></a></h4>
        <p class="description">1 Lt</p>
        <p class="right price"><b>17.96 €</b></p>
        <p class="right unitPrice">17.96 € per litre</p>
    </div>
    <div class="contButton">
    <a class="button bgRed white addToCart" href="#">Add</a>
</div>
</div><div class="left product prod67"
        data-name="Limoncino C Isola 50cl"
        data-price="9.90"
        data-id="69654"
        data-available="yes"
        data-category="2933"
        data-bestselling="">
    <a href="../limoncino-c-isola-50cl.html">
        <div style="background-image: url('../../cdn.spesati.com/images/products/missing-image/missing-image.jpg')">
            <div class="hover"></div>
            
            <div class="stickers"></div>
        </div>
    </a>
    <div>
        <h4><a href="../limoncino-c-isola-50cl.html"><b>Limoncino C Isola 50cl</b></a></h4>
        <p class="description">0.5 Lt</p>
        <p class="right price"><b>9.90 €</b></p>
        <p class="right unitPrice">19.80 € per litre</p>
    </div>
    <div class="contButton">
    <a class="button bgRed white addToCart" href="#">Add</a>
</div>
</div><div class="left product prod68"
        data-name="Liq.punch Rum 1lt Barbieri"
        data-price="17.96"
        data-id="28283"
        data-available="yes"
        data-category="2933"
        data-bestselling="">
    <a href="../liqpunch-rum-1lt-barbieri.html">
        <div style="background-image: url('../../cdn.spesati.com/images/products/missing-image/missing-image.jpg')">
            <div class="hover"></div>
            
            <div class="stickers"></div>
        </div>
    </a>
    <div>
        <h4><a href="../liqpunch-rum-1lt-barbieri.html"><b>Liq.punch Rum 1lt Barbieri</b></a></h4>
        <p class="description">1 Lt</p>
        <p class="right price"><b>17.96 €</b></p>
        <p class="right unitPrice">17.96 € per litre</p>
    </div>
    <div class="contButton">
    <a class="button bgRed white addToCart" href="#">Add</a>
</div>
</div><div class="left product prod69"
        data-name="Liq Mirto Bresca Dor Satin 50c"
        data-price="22.50"
        data-id="71575"
        data-available="yes"
        data-category="2933"
        data-bestselling="">
    <a href="../liq-mirto-bresca-dor-satin-50c.html">
        <div style="background-image: url('../../cdn.spesati.com/images/products/missing-image/missing-image.jpg')">
            <div class="hover"></div>
            
            <div class="stickers"></div>
        </div>
    </a>
    <div>
        <h4><a href="../liq-mirto-bresca-dor-satin-50c.html"><b>Liq Mirto Bresca Dor Satin 50c</b></a></h4>
        <p class="description">0.5 Lt</p>
        <p class="right price"><b>22.50 €</b></p>
        <p class="right unitPrice">45.01 € per litre</p>
    </div>
    <div class="contButton">
    <a class="button bgRed white addToCart" href="#">Add</a>
</div>
</div><div class="left product prod70"
        data-name="Liq Sherry Tio Pepe 75cl"
        data-price="15.64"
        data-id="28286"
        data-available="yes"
        data-category="2933"
        data-bestselling="">
    <a href="../liq-sherry-tio-pepe-75cl.html">
        <div style="background-image: url('../../cdn.spesati.com/images/products/missing-image/missing-image.jpg')">
            <div class="hover"></div>
            
            <div class="stickers"></div>
        </div>
    </a>
    <div>
        <h4><a href="../liq-sherry-tio-pepe-75cl.html"><b>Liq Sherry Tio Pepe 75cl</b></a></h4>
        <p class="description">0.75 Lt</p>
        <p class="right price"><b>15.64 €</b></p>
        <p class="right unitPrice">20.86 € per litre</p>
    </div>
    <div class="contButton">
    <a class="button bgRed white addToCart" href="#">Add</a>
</div>
</div><div class="left product prod71"
        data-name="Liq.pacini Alchermes Lt 1"
        data-price="11.90"
        data-id="28293"
        data-available="yes"
        data-category="2933"
        data-bestselling="">
    <a href="../liqpacini-alchermes-lt-1.html">
        <div style="background-image: url('../../cdn.spesati.com/images/products/missing-image/missing-image.jpg')">
            <div class="hover"></div>
            
            <div class="stickers"></div>
        </div>
    </a>
    <div>
        <h4><a href="../liqpacini-alchermes-lt-1.html"><b>Liq.pacini Alchermes Lt 1</b></a></h4>
        <p class="description">1 Lt</p>
        <p class="right price"><b>11.90 €</b></p>
        <p class="right unitPrice">11.90 € per litre</p>
    </div>
    <div class="contButton">
    <a class="button bgRed white addToCart" href="#">Add</a>
</div>
</div><div class="left product prod72"
        data-name="Liq.figu Morisca Cl 50 Bresca"
        data-price="10.90"
        data-id="28297"
        data-available="yes"
        data-category="2933"
        data-bestselling="">
    <a href="../liqfigu-morisca-cl-50-bresca.html">
        <div style="background-image: url('../../cdn.spesati.com/images/products/missing-image/missing-image.jpg')">
            <div class="hover"></div>
            
            <div class="stickers"></div>
        </div>
    </a>
    <div>
        <h4><a href="../liqfigu-morisca-cl-50-bresca.html"><b>Liq.figu Morisca Cl 50 Bresca</b></a></h4>
        <p class="description">0.5 Lt</p>
        <p class="right price"><b>10.90 €</b></p>
        <p class="right unitPrice">21.80 € per litre</p>
    </div>
    <div class="contButton">
    <a class="button bgRed white addToCart" href="#">Add</a>
</div>
</div><div class="left product prod73"
        data-name="Liq.maraschino 24 Pacini 70cl"
        data-price="8.05"
        data-id="28299"
        data-available="yes"
        data-category="2933"
        data-bestselling="">
    <a href="../liqmaraschino-24-pacini-70cl.html">
        <div style="background-image: url('../../cdn.spesati.com/images/products/missing-image/missing-image.jpg')">
            <div class="hover"></div>
            
            <div class="stickers"></div>
        </div>
    </a>
    <div>
        <h4><a href="../liqmaraschino-24-pacini-70cl.html"><b>Liq.maraschino 24 Pacini 70cl</b></a></h4>
        <p class="description">0.7 Lt</p>
        <p class="right price"><b>8.05 €</b></p>
        <p class="right unitPrice">11.50 € per litre</p>
    </div>
    <div class="contButton">
    <a class="button bgRed white addToCart" href="#">Add</a>
</div>
</div><div class="left product prod74"
        data-name="Liq Limoncello Lucrezio R 50cl"
        data-price="9.64"
        data-id="28300"
        data-available="yes"
        data-category="2933"
        data-bestselling="">
    <a href="../liq-limoncello-lucrezio-r-50cl.html">
        <div style="background-image: url('../../cdn.spesati.com/images/products/missing-image/missing-image.jpg')">
            <div class="hover"></div>
            
            <div class="stickers"></div>
        </div>
    </a>
    <div>
        <h4><a href="../liq-limoncello-lucrezio-r-50cl.html"><b>Liq Limoncello Lucrezio R 50cl</b></a></h4>
        <p class="description">0.5 Lt</p>
        <p class="right price"><b>9.64 €</b></p>
        <p class="right unitPrice">19.28 € per litre</p>
    </div>
    <div class="contButton">
    <a class="button bgRed white addToCart" href="#">Add</a>
</div>
</div><div class="left product prod75"
        data-name="Liq Drambuie 70cl"
        data-price="32.16"
        data-id="28301"
        data-available="yes"
        data-category="2933"
        data-bestselling="">
    <a href="../liq-drambuie-70cl.html">
        <div style="background-image: url('../../cdn.spesati.com/images/products/missing-image/missing-image.jpg')">
            <div class="hover"></div>
            
            <div class="stickers"></div>
        </div>
    </a>
    <div>
        <h4><a href="../liq-drambuie-70cl.html"><b>Liq Drambuie 70cl</b></a></h4>
        <p class="description">0.7 Lt</p>
        <p class="right price"><b>32.16 €</b></p>
        <p class="right unitPrice">45.95 € per litre</p>
    </div>
    <div class="contButton">
    <a class="button bgRed white addToCart" href="#">Add</a>
</div>
</div><div class="left product prod76"
        data-name="Liq.midori 70cl"
        data-price="28.55"
        data-id="28307"
        data-available="yes"
        data-category="2933"
        data-bestselling="">
    <a href="../liqmidori-70cl.html">
        <div style="background-image: url('../../cdn.spesati.com/images/products/missing-image/missing-image.jpg')">
            <div class="hover"></div>
            
            <div class="stickers"></div>
        </div>
    </a>
    <div>
        <h4><a href="../liqmidori-70cl.html"><b>Liq.midori 70cl</b></a></h4>
        <p class="description">0.7 Lt</p>
        <p class="right price"><b>28.55 €</b></p>
        <p class="right unitPrice">40.78 € per litre</p>
    </div>
    <div class="contButton">
    <a class="button bgRed white addToCart" href="#">Add</a>
</div>
</div><div class="left product prod77"
        data-name="Liq.mirto R.giovane 70cl S.car"
        data-price="14.53"
        data-id="28311"
        data-available="yes"
        data-category="2933"
        data-bestselling="">
    <a href="../liqmirto-rgiovane-70cl-scar.html">
        <div style="background-image: url('../../cdn.spesati.com/images/products/missing-image/missing-image.jpg')">
            <div class="hover"></div>
            
            <div class="stickers"></div>
        </div>
    </a>
    <div>
        <h4><a href="../liqmirto-rgiovane-70cl-scar.html"><b>Liq.mirto R.giovane 70cl S.car</b></a></h4>
        <p class="description">0.7 Lt</p>
        <p class="right price"><b>14.53 €</b></p>
        <p class="right unitPrice">20.76 € per litre</p>
    </div>
    <div class="contButton">
    <a class="button bgRed white addToCart" href="#">Add</a>
</div>
</div><div class="left product prod78"
        data-name="Liq.mirto Biol.ros.70cl.'carta"
        data-price="15.91"
        data-id="28312"
        data-available="yes"
        data-category="2933"
        data-bestselling="">
    <a href="../liqmirto-biolros70clcarta.html">
        <div style="background-image: url('../../cdn.spesati.com/images/products/missing-image/missing-image.jpg')">
            <div class="hover"></div>
            
            <div class="stickers"></div>
        </div>
    </a>
    <div>
        <h4><a href="../liqmirto-biolros70clcarta.html"><b>Liq.mirto Biol.ros.70cl.'carta</b></a></h4>
        <p class="description">0.7 Lt</p>
        <p class="right price"><b>15.91 €</b></p>
        <p class="right unitPrice">22.73 € per litre</p>
    </div>
    <div class="contButton">
    <a class="button bgRed white addToCart" href="#">Add</a>
</div>
</div><div class="left product prod79"
        data-name="Liq.mirto Benalonga 70cl"
        data-price="13.21"
        data-id="28315"
        data-available="yes"
        data-category="2933"
        data-bestselling="">
    <a href="../liqmirto-benalonga-70cl.html">
        <div style="background-image: url('../../cdn.spesati.com/images/products/missing-image/missing-image.jpg')">
            <div class="hover"></div>
            
            <div class="stickers"></div>
        </div>
    </a>
    <div>
        <h4><a href="../liqmirto-benalonga-70cl.html"><b>Liq.mirto Benalonga 70cl</b></a></h4>
        <p class="description">0.7 Lt</p>
        <p class="right price"><b>13.21 €</b></p>
        <p class="right unitPrice">18.87 € per litre</p>
    </div>
    <div class="contButton">
    <a class="button bgRed white addToCart" href="#">Add</a>
</div>
</div><div class="left product prod80"
        data-name="Liq.limonello Benalonga 70cl"
        data-price="13.21"
        data-id="28316"
        data-available="yes"
        data-category="2933"
        data-bestselling="">
    <a href="../liqlimonello-benalonga-70cl.html">
        <div style="background-image: url('../../cdn.spesati.com/images/products/missing-image/missing-image.jpg')">
            <div class="hover"></div>
            
            <div class="stickers"></div>
        </div>
    </a>
    <div>
        <h4><a href="../liqlimonello-benalonga-70cl.html"><b>Liq.limonello Benalonga 70cl</b></a></h4>
        <p class="description">0.7 Lt</p>
        <p class="right price"><b>13.21 €</b></p>
        <p class="right unitPrice">18.87 € per litre</p>
    </div>
    <div class="contButton">
    <a class="button bgRed white addToCart" href="#">Add</a>
</div>
</div><div class="left product prod81"
        data-name="Liq.limone Lt.2 'carta'"
        data-price="27.81"
        data-id="28318"
        data-available="yes"
        data-category="2933"
        data-bestselling="">
    <a href="../liqlimone-lt2-carta.html">
        <div style="background-image: url('../../cdn.spesati.com/images/products/missing-image/missing-image.jpg')">
            <div class="hover"></div>
            
            <div class="stickers"></div>
        </div>
    </a>
    <div>
        <h4><a href="../liqlimone-lt2-carta.html"><b>Liq.limone Lt.2 'carta'</b></a></h4>
        <p class="description">2 Lt</p>
        <p class="right price"><b>27.81 €</b></p>
        <p class="right unitPrice">13.91 € per litre</p>
    </div>
    <div class="contButton">
    <a class="button bgRed white addToCart" href="#">Add</a>
</div>
</div><div class="left product prod82"
        data-name="Liq.mirto Lt.2 'carta'"
        data-price="27.81"
        data-id="28319"
        data-available="yes"
        data-category="2933"
        data-bestselling="">
    <a href="../liqmirto-lt2-carta.html">
        <div style="background-image: url('../../cdn.spesati.com/images/products/missing-image/missing-image.jpg')">
            <div class="hover"></div>
            
            <div class="stickers"></div>
        </div>
    </a>
    <div>
        <h4><a href="../liqmirto-lt2-carta.html"><b>Liq.mirto Lt.2 'carta'</b></a></h4>
        <p class="description">2 Lt</p>
        <p class="right price"><b>27.81 €</b></p>
        <p class="right unitPrice">13.91 € per litre</p>
    </div>
    <div class="contButton">
    <a class="button bgRed white addToCart" href="#">Add</a>
</div>
</div><div class="left product prod83"
        data-name="Liq. Di Liquirizia 50cl Carta"
        data-price="13.38"
        data-id="28321"
        data-available="yes"
        data-category="2933"
        data-bestselling="">
    <a href="../liq-di-liquirizia-50cl-carta.html">
        <div style="background-image: url('../../cdn.spesati.com/images/products/missing-image/missing-image.jpg')">
            <div class="hover"></div>
            
            <div class="stickers"></div>
        </div>
    </a>
    <div>
        <h4><a href="../liq-di-liquirizia-50cl-carta.html"><b>Liq. Di Liquirizia 50cl Carta</b></a></h4>
        <p class="description">0.5 Lt</p>
        <p class="right price"><b>13.38 €</b></p>
        <p class="right unitPrice">26.77 € per litre</p>
    </div>
    <div class="contButton">
    <a class="button bgRed white addToCart" href="#">Add</a>
</div>
</div><div class="left product prod84"
        data-name="Liq.mirto Rosso S.carta 10cl"
        data-price="4.19"
        data-id="28322"
        data-available="yes"
        data-category="2933"
        data-bestselling="">
    <a href="../liqmirto-rosso-scarta-10cl.html">
        <div style="background-image: url('../../cdn.spesati.com/images/products/missing-image/missing-image.jpg')">
            <div class="hover"></div>
            
            <div class="stickers"></div>
        </div>
    </a>
    <div>
        <h4><a href="../liqmirto-rosso-scarta-10cl.html"><b>Liq.mirto Rosso S.carta 10cl</b></a></h4>
        <p class="description">0.1 Lt</p>
        <p class="right price"><b>4.19 €</b></p>
        <p class="right unitPrice">41.89 € per litre</p>
    </div>
    <div class="contButton">
    <a class="button bgRed white addToCart" href="#">Add</a>
</div>
</div><div class="left product prod85"
        data-name="Liq.mirto Pilloni S Carta 70cl"
        data-price="28.58"
        data-id="28327"
        data-available="yes"
        data-category="2933"
        data-bestselling="">
    <a href="../liqmirto-pilloni-s-carta-70cl.html">
        <div style="background-image: url('../../cdn.spesati.com/images/products/missing-image/missing-image.jpg')">
            <div class="hover"></div>
            
            <div class="stickers"></div>
        </div>
    </a>
    <div>
        <h4><a href="../liqmirto-pilloni-s-carta-70cl.html"><b>Liq.mirto Pilloni S Carta 70cl</b></a></h4>
        <p class="description">0.7 Lt</p>
        <p class="right price"><b>28.58 €</b></p>
        <p class="right unitPrice">40.83 € per litre</p>
    </div>
    <div class="contButton">
    <a class="button bgRed white addToCart" href="#">Add</a>
</div>
</div><div class="left product prod86"
        data-name="Liq.mirto Fondat S.carta 70 Cl"
        data-price="17.90"
        data-id="28337"
        data-available="yes"
        data-category="2933"
        data-bestselling="">
    <a href="../liqmirto-fondat-scarta-70-cl.html">
        <div style="background-image: url('../../cdn.spesati.com/images/products/missing-image/missing-image.jpg')">
            <div class="hover"></div>
            
            <div class="stickers"></div>
        </div>
    </a>
    <div>
        <h4><a href="../liqmirto-fondat-scarta-70-cl.html"><b>Liq.mirto Fondat S.carta 70 Cl</b></a></h4>
        <p class="description">0.7 Lt</p>
        <p class="right price"><b>17.90 €</b></p>
        <p class="right unitPrice">25.57 € per litre</p>
    </div>
    <div class="contButton">
    <a class="button bgRed white addToCart" href="#">Add</a>
</div>
</div><div class="left product prod87"
        data-name="Liq.villacidro Rau Giallo 70cl"
        data-price="11.50"
        data-id="28345"
        data-available="yes"
        data-category="2933"
        data-bestselling="">
    <a href="../liqvillacidro-rau-giallo-70cl.html">
        <div style="background-image: url('../../cdn.spesati.com/images/products/missing-image/missing-image.jpg')">
            <div class="hover"></div>
            
            <div class="stickers"></div>
        </div>
    </a>
    <div>
        <h4><a href="../liqvillacidro-rau-giallo-70cl.html"><b>Liq.villacidro Rau Giallo 70cl</b></a></h4>
        <p class="description">0.7 Lt</p>
        <p class="right price"><b>11.50 €</b></p>
        <p class="right unitPrice">16.43 € per litre</p>
    </div>
    <div class="contButton">
    <a class="button bgRed white addToCart" href="#">Add</a>
</div>
</div><div class="left product prod88"
        data-name="Liquore Moccia Zabov 1 Lt"
        data-price="16.51"
        data-id="28347"
        data-available="yes"
        data-category="2933"
        data-bestselling="">
    <a href="../liquore-moccia-zabov-1-lt.html">
        <div style="background-image: url('../../cdn.spesati.com/images/products/missing-image/missing-image.jpg')">
            <div class="hover"></div>
            
            <div class="stickers"></div>
        </div>
    </a>
    <div>
        <h4><a href="../liquore-moccia-zabov-1-lt.html"><b>Liquore Moccia Zabov 1 Lt</b></a></h4>
        <p class="description">1 piece</p>
        <p class="right price"><b>16.51 €</b></p>
        <p class="right unitPrice">16.52 € per piece</p>
    </div>
    <div class="contButton">
    <a class="button bgRed white addToCart" href="#">Add</a>
</div>
</div><div class="left product prod89"
        data-name="Liquirizia Myrsine 70 Cl"
        data-price="14.90"
        data-id="28352"
        data-available="yes"
        data-category="2933"
        data-bestselling="">
    <a href="../liquirizia-myrsine-70-cl.html">
        <div style="background-image: url('../../cdn.spesati.com/images/products/missing-image/missing-image.jpg')">
            <div class="hover"></div>
            
            <div class="stickers"></div>
        </div>
    </a>
    <div>
        <h4><a href="../liquirizia-myrsine-70-cl.html"><b>Liquirizia Myrsine 70 Cl</b></a></h4>
        <p class="description">0.7 Lt</p>
        <p class="right price"><b>14.90 €</b></p>
        <p class="right unitPrice">21.29 € per litre</p>
    </div>
    <div class="contButton">
    <a class="button bgRed white addToCart" href="#">Add</a>
</div>
</div><div class="left product prod90"
        data-name="Limoncino Myrsine 70 Cl"
        data-price="15.77"
        data-id="28353"
        data-available="yes"
        data-category="2933"
        data-bestselling="">
    <a href="../limoncino-myrsine-70-cl.html">
        <div style="background-image: url('../../cdn.spesati.com/images/products/missing-image/missing-image.jpg')">
            <div class="hover"></div>
            
            <div class="stickers"></div>
        </div>
    </a>
    <div>
        <h4><a href="../limoncino-myrsine-70-cl.html"><b>Limoncino Myrsine 70 Cl</b></a></h4>
        <p class="description">0.7 Lt</p>
        <p class="right price"><b>15.77 €</b></p>
        <p class="right unitPrice">22.53 € per litre</p>
    </div>
    <div class="contButton">
    <a class="button bgRed white addToCart" href="#">Add</a>
</div>
</div><div class="left product prod91"
        data-name="Mirto Myrsine 70 Cl"
        data-price="16.19"
        data-id="28354"
        data-available="yes"
        data-category="2933"
        data-bestselling="">
    <a href="../mirto-myrsine-70-cl.html">
        <div style="background-image: url('../../cdn.spesati.com/images/products/missing-image/missing-image.jpg')">
            <div class="hover"></div>
            
            <div class="stickers"></div>
        </div>
    </a>
    <div>
        <h4><a href="../mirto-myrsine-70-cl.html"><b>Mirto Myrsine 70 Cl</b></a></h4>
        <p class="description">0.7 Lt</p>
        <p class="right price"><b>16.19 €</b></p>
        <p class="right unitPrice">23.12 € per litre</p>
    </div>
    <div class="contButton">
    <a class="button bgRed white addToCart" href="#">Add</a>
</div>
</div><div class="left product prod92"
        data-name="Limoncello Polini 4,5 Lt 28"
        data-price="42.52"
        data-id="28368"
        data-available="yes"
        data-category="2933"
        data-bestselling="">
    <a href="../limoncello-polini-45-lt-28.html">
        <div style="background-image: url('../../cdn.spesati.com/images/products/missing-image/missing-image.jpg')">
            <div class="hover"></div>
            
            <div class="stickers"></div>
        </div>
    </a>
    <div>
        <h4><a href="../limoncello-polini-45-lt-28.html"><b>Limoncello Polini 4,5 Lt 28</b></a></h4>
        <p class="description">4.5 Lt</p>
        <p class="right price"><b>42.52 €</b></p>
        <p class="right unitPrice">9.44 € per litre</p>
    </div>
    <div class="contButton">
    <a class="button bgRed white addToCart" href="#">Add</a>
</div>
</div><div class="left product prod93"
        data-name="Mirto Di Sard Polini 4,5 L 30"
        data-price="57.18"
        data-id="28370"
        data-available="yes"
        data-category="2933"
        data-bestselling="">
    <a href="../mirto-di-sard-polini-45-l-30.html">
        <div style="background-image: url('../../cdn.spesati.com/images/products/missing-image/missing-image.jpg')">
            <div class="hover"></div>
            
            <div class="stickers"></div>
        </div>
    </a>
    <div>
        <h4><a href="../mirto-di-sard-polini-45-l-30.html"><b>Mirto Di Sard Polini 4,5 L 30</b></a></h4>
        <p class="description">4.5 Lt</p>
        <p class="right price"><b>57.18 €</b></p>
        <p class="right unitPrice">12.71 € per litre</p>
    </div>
    <div class="contButton">
    <a class="button bgRed white addToCart" href="#">Add</a>
</div>
</div><div class="left product prod94"
        data-name="Triple Sec Superm Polin 2l 38"
        data-price="24.37"
        data-id="28375"
        data-available="yes"
        data-category="2933"
        data-bestselling="">
    <a href="../triple-sec-superm-polin-2l-38.html">
        <div style="background-image: url('../../cdn.spesati.com/images/products/missing-image/missing-image.jpg')">
            <div class="hover"></div>
            
            <div class="stickers"></div>
        </div>
    </a>
    <div>
        <h4><a href="../triple-sec-superm-polin-2l-38.html"><b>Triple Sec Superm Polin 2l 38</b></a></h4>
        <p class="description">2.6 Kg</p>
        <p class="right price"><b>24.37 €</b></p>
        <p class="right unitPrice">9.37 € per kg</p>
    </div>
    <div class="contButton">
    <a class="button bgRed white addToCart" href="#">Add</a>
</div>
</div><div class="left product prod95"
        data-name="Liq Punch Arancio 1lt 30"
        data-price="11.96"
        data-id="28378"
        data-available="yes"
        data-category="2933"
        data-bestselling="">
    <a href="../liq-punch-arancio-1lt-30.html">
        <div style="background-image: url('../../cdn.spesati.com/images/products/missing-image/missing-image.jpg')">
            <div class="hover"></div>
            
            <div class="stickers"></div>
        </div>
    </a>
    <div>
        <h4><a href="../liq-punch-arancio-1lt-30.html"><b>Liq Punch Arancio 1lt 30</b></a></h4>
        <p class="description">1 Lt</p>
        <p class="right price"><b>11.96 €</b></p>
        <p class="right unitPrice">11.96 € per litre</p>
    </div>
    <div class="contButton">
    <a class="button bgRed white addToCart" href="#">Add</a>
</div>
</div><div class="left product prod96"
        data-name="Liq Punch Mandarino 1lt 30"
        data-price="11.96"
        data-id="28379"
        data-available="yes"
        data-category="2933"
        data-bestselling="">
    <a href="../liq-punch-mandarino-1lt-30.html">
        <div style="background-image: url('../../cdn.spesati.com/images/products/missing-image/missing-image.jpg')">
            <div class="hover"></div>
            
            <div class="stickers"></div>
        </div>
    </a>
    <div>
        <h4><a href="../liq-punch-mandarino-1lt-30.html"><b>Liq Punch Mandarino 1lt 30</b></a></h4>
        <p class="description">1 Lt</p>
        <p class="right price"><b>11.96 €</b></p>
        <p class="right unitPrice">11.96 € per litre</p>
    </div>
    <div class="contButton">
    <a class="button bgRed white addToCart" href="#">Add</a>
</div>
</div><div class="left product prod97"
        data-name="Cognac Hennessy 70cl Vs"
        data-price="38.50"
        data-id="28412"
        data-available="yes"
        data-category="2933"
        data-bestselling="">
    <a href="../cognac-hennessy-70cl-vs.html">
        <div style="background-image: url('../../cdn.spesati.com/images/products/missing-image/missing-image.jpg')">
            <div class="hover"></div>
            
            <div class="stickers"></div>
        </div>
    </a>
    <div>
        <h4><a href="../cognac-hennessy-70cl-vs.html"><b>Cognac Hennessy 70cl Vs</b></a></h4>
        <p class="description">0.7 Lt</p>
        <p class="right price"><b>38.50 €</b></p>
        <p class="right unitPrice">55.00 € per litre</p>
    </div>
    <div class="contButton">
    <a class="button bgRed white addToCart" href="#">Add</a>
</div>
</div><div class="left product prod98"
        data-name="Cognac Courvoisier Xo Imp.70cl"
        data-price="175.54"
        data-id="28413"
        data-available="yes"
        data-category="2933"
        data-bestselling="">
    <a href="../cognac-courvoisier-xo-imp70cl.html">
        <div style="background-image: url('../../cdn.spesati.com/images/products/missing-image/missing-image.jpg')">
            <div class="hover"></div>
            
            <div class="stickers"></div>
        </div>
    </a>
    <div>
        <h4><a href="../cognac-courvoisier-xo-imp70cl.html"><b>Cognac Courvoisier Xo Imp.70cl</b></a></h4>
        <p class="description">0.7 Lt</p>
        <p class="right price"><b>175.54 €</b></p>
        <p class="right unitPrice">250.77 € per litre</p>
    </div>
    <div class="contButton">
    <a class="button bgRed white addToCart" href="#">Add</a>
</div>
</div><div class="left product prod99"
        data-name="Liq Liquirizia Dolce Nera 70cl"
        data-price="13.75"
        data-id="28421"
        data-available="yes"
        data-category="2933"
        data-bestselling="">
    <a href="../liq-liquirizia-dolce-nera-70cl.html">
        <div style="background-image: url('../../cdn.spesati.com/images/products/missing-image/missing-image.jpg')">
            <div class="hover"></div>
            
            <div class="stickers"></div>
        </div>
    </a>
    <div>
        <h4><a href="../liq-liquirizia-dolce-nera-70cl.html"><b>Liq Liquirizia Dolce Nera 70cl</b></a></h4>
        <p class="description">0.7 Lt</p>
        <p class="right price"><b>13.75 €</b></p>
        <p class="right unitPrice">19.64 € per litre</p>
    </div>
    <div class="contButton">
    <a class="button bgRed white addToCart" href="#">Add</a>
</div>
</div><div class="left product prod100"
        data-name="Liq. Alle Erbe Alpestre 70cl"
        data-price="26.08"
        data-id="28427"
        data-available="yes"
        data-category="2933"
        data-bestselling="">
    <a href="../liq-alle-erbe-alpestre-70cl.html">
        <div style="background-image: url('../../cdn.spesati.com/images/products/missing-image/missing-image.jpg')">
            <div class="hover"></div>
            
            <div class="stickers"></div>
        </div>
    </a>
    <div>
        <h4><a href="../liq-alle-erbe-alpestre-70cl.html"><b>Liq. Alle Erbe Alpestre 70cl</b></a></h4>
        <p class="description">0.7 Lt</p>
        <p class="right price"><b>26.08 €</b></p>
        <p class="right unitPrice">37.25 € per litre</p>
    </div>
    <div class="contButton">
    <a class="button bgRed white addToCart" href="#">Add</a>
</div>
</div><div class="left product prod101"
        data-name="Liq.il Miele 70cl Marzadro"
        data-price="21.89"
        data-id="28457"
        data-available="yes"
        data-category="2933"
        data-bestselling="">
    <a href="../liqil-miele-70cl-marzadro.html">
        <div style="background-image: url('../../cdn.spesati.com/images/products/missing-image/missing-image.jpg')">
            <div class="hover"></div>
            
            <div class="stickers"></div>
        </div>
    </a>
    <div>
        <h4><a href="../liqil-miele-70cl-marzadro.html"><b>Liq.il Miele 70cl Marzadro</b></a></h4>
        <p class="description">0.7 Lt</p>
        <p class="right price"><b>21.89 €</b></p>
        <p class="right unitPrice">31.28 € per litre</p>
    </div>
    <div class="contButton">
    <a class="button bgRed white addToCart" href="#">Add</a>
</div>
</div><div class="left product prod102"
        data-name="Liquore Mirto Tremontis 70Cl"
        data-price="13.90"
        data-id="6152"
        data-available="yes"
        data-category="2933"
        data-bestselling="">
    <a href="../liquore-mirto-tremontis-70cl.html">
        <div style="background-image: url('../../cdn.spesati.com/images/products/missing-image/missing-image.jpg')">
            <div class="hover"></div>
            
            <div class="stickers"><img class="left" src="../../cdn.spesati.com/images/layout/sardinian.png" /></div>
        </div>
    </a>
    <div>
        <h4><a href="../liquore-mirto-tremontis-70cl.html"><b>Liquore Mirto Tremontis 70Cl</b></a></h4>
        <p class="description">0.7 Lt</p>
        <p class="right price"><b>13.90 €</b></p>
        <p class="right unitPrice">19.86 € per litre</p>
    </div>
    <div class="contButton">
    <a class="button bgRed white addToCart" href="#">Add</a>
</div>
</div><div class="left product prod103"
        data-name="La Fee Bohemian 70cl"
        data-price="58.41"
        data-id="28473"
        data-available="yes"
        data-category="2933"
        data-bestselling="">
    <a href="../la-fee-bohemian-70cl.html">
        <div style="background-image: url('../../cdn.spesati.com/images/products/missing-image/missing-image.jpg')">
            <div class="hover"></div>
            
            <div class="stickers"></div>
        </div>
    </a>
    <div>
        <h4><a href="../la-fee-bohemian-70cl.html"><b>La Fee Bohemian 70cl</b></a></h4>
        <p class="description">0.7 Lt</p>
        <p class="right price"><b>58.41 €</b></p>
        <p class="right unitPrice">83.45 € per litre</p>
    </div>
    <div class="contButton">
    <a class="button bgRed white addToCart" href="#">Add</a>
</div>
</div><div class="left product prod104"
        data-name="Liquore Mirto Monte Arcosu 70Cl"
        data-price="21.38"
        data-id="6153"
        data-available="yes"
        data-category="2933"
        data-bestselling="">
    <a href="../liquore-mirto-monte-arcosu-70cl.html">
        <div style="background-image: url('../../cdn.spesati.com/images/products/missing-image/missing-image.jpg')">
            <div class="hover"></div>
            
            <div class="stickers"><img class="left" src="../../cdn.spesati.com/images/layout/sardinian.png" /></div>
        </div>
    </a>
    <div>
        <h4><a href="../liquore-mirto-monte-arcosu-70cl.html"><b>Liquore Mirto Monte Arcosu 70Cl</b></a></h4>
        <p class="description">0.7 Lt</p>
        <p class="right price"><b>21.38 €</b></p>
        <p class="right unitPrice">30.54 € per litre</p>
    </div>
    <div class="contButton">
    <a class="button bgRed white addToCart" href="#">Add</a>
</div>
</div><div class="left product prod105"
        data-name="Liq Limoncel Capo Vat 25 2 Lt"
        data-price="19.35"
        data-id="28515"
        data-available="yes"
        data-category="2933"
        data-bestselling="">
    <a href="../liq-limoncel-capo-vat-25-2-lt.html">
        <div style="background-image: url('../../cdn.spesati.com/images/products/missing-image/missing-image.jpg')">
            <div class="hover"></div>
            
            <div class="stickers"></div>
        </div>
    </a>
    <div>
        <h4><a href="../liq-limoncel-capo-vat-25-2-lt.html"><b>Liq Limoncel Capo Vat 25 2 Lt</b></a></h4>
        <p class="description">2 Lt</p>
        <p class="right price"><b>19.35 €</b></p>
        <p class="right unitPrice">9.67 € per litre</p>
    </div>
    <div class="contButton">
    <a class="button bgRed white addToCart" href="#">Add</a>
</div>
</div><div class="left product prod106"
        data-name="Liq. Green Melon 70 Cl"
        data-price="8.41"
        data-id="28520"
        data-available="yes"
        data-category="2933"
        data-bestselling="">
    <a href="../liq-green-melon-70-cl.html">
        <div style="background-image: url('../../cdn.spesati.com/images/products/missing-image/missing-image.jpg')">
            <div class="hover"></div>
            
            <div class="stickers"></div>
        </div>
    </a>
    <div>
        <h4><a href="../liq-green-melon-70-cl.html"><b>Liq. Green Melon 70 Cl</b></a></h4>
        <p class="description">0.7 Lt</p>
        <p class="right price"><b>8.41 €</b></p>
        <p class="right unitPrice">12.02 € per litre</p>
    </div>
    <div class="contButton">
    <a class="button bgRed white addToCart" href="#">Add</a>
</div>
</div><div class="left product prod107"
        data-name="Liq Misaki Exotic Melone 1lt"
        data-price="18.19"
        data-id="27917"
        data-available="yes"
        data-category="2933"
        data-bestselling="">
    <a href="../liq-misaki-exotic-melone-1lt.html">
        <div style="background-image: url('../../cdn.spesati.com/images/products/missing-image/missing-image.jpg')">
            <div class="hover"></div>
            
            <div class="stickers"></div>
        </div>
    </a>
    <div>
        <h4><a href="../liq-misaki-exotic-melone-1lt.html"><b>Liq Misaki Exotic Melone 1lt</b></a></h4>
        <p class="description">1 Lt</p>
        <p class="right price"><b>18.19 €</b></p>
        <p class="right unitPrice">18.19 € per litre</p>
    </div>
    <div class="contButton">
    <a class="button bgRed white addToCart" href="#">Add</a>
</div>
</div><div class="left product prod108"
        data-name="Limoncello Riflessi 1lt 28v"
        data-price="10.89"
        data-id="28522"
        data-available="yes"
        data-category="2933"
        data-bestselling="">
    <a href="../limoncello-riflessi-1lt-28v.html">
        <div style="background-image: url('../../cdn.spesati.com/images/products/missing-image/missing-image.jpg')">
            <div class="hover"></div>
            
            <div class="stickers"></div>
        </div>
    </a>
    <div>
        <h4><a href="../limoncello-riflessi-1lt-28v.html"><b>Limoncello Riflessi 1lt 28v</b></a></h4>
        <p class="description">1 Lt</p>
        <p class="right price"><b>10.89 €</b></p>
        <p class="right unitPrice">10.88 € per litre</p>
    </div>
    <div class="contButton">
    <a class="button bgRed white addToCart" href="#">Add</a>
</div>
</div><div class="left product prod109"
        data-name="Liq Triple Sec 70cl"
        data-price="16.35"
        data-id="27925"
        data-available="yes"
        data-category="2933"
        data-bestselling="">
    <a href="../liq-triple-sec-70cl.html">
        <div style="background-image: url('../../cdn.spesati.com/images/products/missing-image/missing-image.jpg')">
            <div class="hover"></div>
            
            <div class="stickers"></div>
        </div>
    </a>
    <div>
        <h4><a href="../liq-triple-sec-70cl.html"><b>Liq Triple Sec 70cl</b></a></h4>
        <p class="description">0.7 Lt</p>
        <p class="right price"><b>16.35 €</b></p>
        <p class="right unitPrice">23.36 € per litre</p>
    </div>
    <div class="contButton">
    <a class="button bgRed white addToCart" href="#">Add</a>
</div>
</div><div class="left product prod110"
        data-name="Liq Peach Original 70cl"
        data-price="11.82"
        data-id="27928"
        data-available="yes"
        data-category="2933"
        data-bestselling="">
    <a href="../liq-peach-original-70cl.html">
        <div style="background-image: url('../../cdn.spesati.com/images/products/missing-image/missing-image.jpg')">
            <div class="hover"></div>
            
            <div class="stickers"></div>
        </div>
    </a>
    <div>
        <h4><a href="../liq-peach-original-70cl.html"><b>Liq Peach Original 70cl</b></a></h4>
        <p class="description">0.7 Lt</p>
        <p class="right price"><b>11.82 €</b></p>
        <p class="right unitPrice">16.88 € per litre</p>
    </div>
    <div class="contButton">
    <a class="button bgRed white addToCart" href="#">Add</a>
</div>
</div><div class="left product prod111"
        data-name="Calvados Morin Selection 70 Cl"
        data-price="23.47"
        data-id="28538"
        data-available="yes"
        data-category="2933"
        data-bestselling="">
    <a href="../calvados-morin-selection-70-cl.html">
        <div style="background-image: url('../../cdn.spesati.com/images/products/missing-image/missing-image.jpg')">
            <div class="hover"></div>
            
            <div class="stickers"></div>
        </div>
    </a>
    <div>
        <h4><a href="../calvados-morin-selection-70-cl.html"><b>Calvados Morin Selection 70 Cl</b></a></h4>
        <p class="description">0.7 Lt</p>
        <p class="right price"><b>23.47 €</b></p>
        <p class="right unitPrice">33.53 € per litre</p>
    </div>
    <div class="contButton">
    <a class="button bgRed white addToCart" href="#">Add</a>
</div>
</div><div class="left product prod112"
        data-name="Liq Curacao Blue 70cl"
        data-price="12.31"
        data-id="27932"
        data-available="yes"
        data-category="2933"
        data-bestselling="">
    <a href="../liq-curacao-blue-70cl.html">
        <div style="background-image: url('../../cdn.spesati.com/images/products/missing-image/missing-image.jpg')">
            <div class="hover"></div>
            
            <div class="stickers"></div>
        </div>
    </a>
    <div>
        <h4><a href="../liq-curacao-blue-70cl.html"><b>Liq Curacao Blue 70cl</b></a></h4>
        <p class="description">0.7 Lt</p>
        <p class="right price"><b>12.31 €</b></p>
        <p class="right unitPrice">17.58 € per litre</p>
    </div>
    <div class="contButton">
    <a class="button bgRed white addToCart" href="#">Add</a>
</div>
</div><div class="left product prod113"
        data-name="Mirto Raro Pure Sardinia 70 Cl"
        data-price="34.07"
        data-id="28541"
        data-available="yes"
        data-category="2933"
        data-bestselling="">
    <a href="../mirto-raro-pure-sardinia-70-cl.html">
        <div style="background-image: url('../../cdn.spesati.com/images/products/missing-image/missing-image.jpg')">
            <div class="hover"></div>
            
            <div class="stickers"></div>
        </div>
    </a>
    <div>
        <h4><a href="../mirto-raro-pure-sardinia-70-cl.html"><b>Mirto Raro Pure Sardinia 70 Cl</b></a></h4>
        <p class="description">0.7 Lt</p>
        <p class="right price"><b>34.07 €</b></p>
        <p class="right unitPrice">48.68 € per litre</p>
    </div>
    <div class="contButton">
    <a class="button bgRed white addToCart" href="#">Add</a>
</div>
</div><div class="left product prod114"
        data-name="Liq Panama Club Rhum-cocco 1lt"
        data-price="16.48"
        data-id="27933"
        data-available="yes"
        data-category="2933"
        data-bestselling="">
    <a href="../liq-panama-club-rhum-cocco-1lt.html">
        <div style="background-image: url('../../cdn.spesati.com/images/products/missing-image/missing-image.jpg')">
            <div class="hover"></div>
            
            <div class="stickers"></div>
        </div>
    </a>
    <div>
        <h4><a href="../liq-panama-club-rhum-cocco-1lt.html"><b>Liq Panama Club Rhum-cocco 1lt</b></a></h4>
        <p class="description">1 Lt</p>
        <p class="right price"><b>16.48 €</b></p>
        <p class="right unitPrice">16.48 € per litre</p>
    </div>
    <div class="contButton">
    <a class="button bgRed white addToCart" href="#">Add</a>
</div>
</div><div class="left product prod115"
        data-name="Amaro Suze 100 Cl"
        data-price="8.62"
        data-id="28549"
        data-available="yes"
        data-category="2933"
        data-bestselling="">
    <a href="../amaro-suze-100-cl.html">
        <div style="background-image: url('../../cdn.spesati.com/images/products/missing-image/missing-image.jpg')">
            <div class="hover"></div>
            
            <div class="stickers"></div>
        </div>
    </a>
    <div>
        <h4><a href="../amaro-suze-100-cl.html"><b>Amaro Suze 100 Cl</b></a></h4>
        <p class="description">1 Lt</p>
        <p class="right price"><b>8.62 €</b></p>
        <p class="right unitPrice">8.61 € per litre</p>
    </div>
    <div class="contButton">
    <a class="button bgRed white addToCart" href="#">Add</a>
</div>
</div><div class="left product prod116"
        data-name="Cognac Camus Vs Elegance 70cl"
        data-price="38.24"
        data-id="28024"
        data-available="yes"
        data-category="2933"
        data-bestselling="">
    <a href="../cognac-camus-vs-elegance-70cl.html">
        <div style="background-image: url('../../cdn.spesati.com/images/products/missing-image/missing-image.jpg')">
            <div class="hover"></div>
            
            <div class="stickers"></div>
        </div>
    </a>
    <div>
        <h4><a href="../cognac-camus-vs-elegance-70cl.html"><b>Cognac Camus Vs Elegance 70cl</b></a></h4>
        <p class="description">0.7 Lt</p>
        <p class="right price"><b>38.24 €</b></p>
        <p class="right unitPrice">54.63 € per litre</p>
    </div>
    <div class="contButton">
    <a class="button bgRed white addToCart" href="#">Add</a>
</div>
</div><div class="left product prod117"
        data-name="Liquore Chartreuse Verde 70 Cl"
        data-price="51.56"
        data-id="28571"
        data-available="yes"
        data-category="2933"
        data-bestselling="">
    <a href="../liquore-chartreuse-verde-70-cl.html">
        <div style="background-image: url('../../cdn.spesati.com/images/products/missing-image/missing-image.jpg')">
            <div class="hover"></div>
            
            <div class="stickers"></div>
        </div>
    </a>
    <div>
        <h4><a href="../liquore-chartreuse-verde-70-cl.html"><b>Liquore Chartreuse Verde 70 Cl</b></a></h4>
        <p class="description">0.7 Lt</p>
        <p class="right price"><b>51.56 €</b></p>
        <p class="right unitPrice">73.66 € per litre</p>
    </div>
    <div class="contButton">
    <a class="button bgRed white addToCart" href="#">Add</a>
</div>
</div><div class="left product prod118"
        data-name="Liquore Chartreuse Giall 70 Cl"
        data-price="48.15"
        data-id="28572"
        data-available="yes"
        data-category="2933"
        data-bestselling="">
    <a href="../liquore-chartreuse-giall-70-cl.html">
        <div style="background-image: url('../../cdn.spesati.com/images/products/missing-image/missing-image.jpg')">
            <div class="hover"></div>
            
            <div class="stickers"></div>
        </div>
    </a>
    <div>
        <h4><a href="../liquore-chartreuse-giall-70-cl.html"><b>Liquore Chartreuse Giall 70 Cl</b></a></h4>
        <p class="description">0.7 Lt</p>
        <p class="right price"><b>48.15 €</b></p>
        <p class="right unitPrice">68.80 € per litre</p>
    </div>
    <div class="contButton">
    <a class="button bgRed white addToCart" href="#">Add</a>
</div>
</div><div class="left product prod119"
        data-name="Italicus Rosolio 70 Cl"
        data-price="49.66"
        data-id="28573"
        data-available="yes"
        data-category="2933"
        data-bestselling="">
    <a href="../italicus-rosolio-70-cl.html">
        <div style="background-image: url('../../cdn.spesati.com/images/products/missing-image/missing-image.jpg')">
            <div class="hover"></div>
            
            <div class="stickers"></div>
        </div>
    </a>
    <div>
        <h4><a href="../italicus-rosolio-70-cl.html"><b>Italicus Rosolio 70 Cl</b></a></h4>
        <p class="description">0.7 Lt</p>
        <p class="right price"><b>49.66 €</b></p>
        <p class="right unitPrice">70.94 € per litre</p>
    </div>
    <div class="contButton">
    <a class="button bgRed white addToCart" href="#">Add</a>
</div>
</div><div class="left product prod120"
        data-name="Liquore You-go Flower 70cl 17v"
        data-price="11.20"
        data-id="28045"
        data-available="yes"
        data-category="2933"
        data-bestselling="">
    <a href="../liquore-you-go-flower-70cl-17v.html">
        <div style="background-image: url('../../cdn.spesati.com/images/products/missing-image/missing-image.jpg')">
            <div class="hover"></div>
            
            <div class="stickers"></div>
        </div>
    </a>
    <div>
        <h4><a href="../liquore-you-go-flower-70cl-17v.html"><b>Liquore You-go Flower 70cl 17v</b></a></h4>
        <p class="description">0.7 Lt</p>
        <p class="right price"><b>11.20 €</b></p>
        <p class="right unitPrice">16.01 € per litre</p>
    </div>
    <div class="contButton">
    <a class="button bgRed white addToCart" href="#">Add</a>
</div>
</div><div class="left product prod121"
        data-name="Liquore Monin Violetta 70 Cl"
        data-price="19.77"
        data-id="28586"
        data-available="yes"
        data-category="2933"
        data-bestselling="">
    <a href="../liquore-monin-violetta-70-cl.html">
        <div style="background-image: url('../../cdn.spesati.com/images/products/missing-image/missing-image.jpg')">
            <div class="hover"></div>
            
            <div class="stickers"></div>
        </div>
    </a>
    <div>
        <h4><a href="../liquore-monin-violetta-70-cl.html"><b>Liquore Monin Violetta 70 Cl</b></a></h4>
        <p class="description">0.7 Lt</p>
        <p class="right price"><b>19.77 €</b></p>
        <p class="right unitPrice">28.24 € per litre</p>
    </div>
    <div class="contButton">
    <a class="button bgRed white addToCart" href="#">Add</a>
</div>
</div><div class="left product prod122"
        data-name="Liq Rau Mirto Terra Del Sol 70"
        data-price="9.99"
        data-id="28198"
        data-available="yes"
        data-category="2933"
        data-bestselling="">
    <a href="../liq-rau-mirto-terra-del-sol-70.html">
        <div style="background-image: url('../../cdn.spesati.com/images/products/missing-image/missing-image.jpg')">
            <div class="hover"></div>
            
            <div class="stickers"></div>
        </div>
    </a>
    <div>
        <h4><a href="../liq-rau-mirto-terra-del-sol-70.html"><b>Liq Rau Mirto Terra Del Sol 70</b></a></h4>
        <p class="description">0.7 Lt</p>
        <p class="right price"><b>9.99 €</b></p>
        <p class="right unitPrice">14.27 € per litre</p>
    </div>
    <div class="contButton">
    <a class="button bgRed white addToCart" href="#">Add</a>
</div>
</div><div class="left product prod123"
        data-name="Liquore Monin Lichi 70 Cl"
        data-price="19.85"
        data-id="28593"
        data-available="yes"
        data-category="2933"
        data-bestselling="">
    <a href="../liquore-monin-lichi-70-cl.html">
        <div style="background-image: url('../../cdn.spesati.com/images/products/missing-image/missing-image.jpg')">
            <div class="hover"></div>
            
            <div class="stickers"></div>
        </div>
    </a>
    <div>
        <h4><a href="../liquore-monin-lichi-70-cl.html"><b>Liquore Monin Lichi 70 Cl</b></a></h4>
        <p class="description">0.7 Lt</p>
        <p class="right price"><b>19.85 €</b></p>
        <p class="right unitPrice">28.37 € per litre</p>
    </div>
    <div class="contButton">
    <a class="button bgRed white addToCart" href="#">Add</a>
</div>
</div><div class="left product prod124"
        data-name="Liq Maraschino Luxardo 70 Cl"
        data-price="24.34"
        data-id="28216"
        data-available="yes"
        data-category="2933"
        data-bestselling="">
    <a href="../liq-maraschino-luxardo-70-cl.html">
        <div style="background-image: url('../../cdn.spesati.com/images/products/missing-image/missing-image.jpg')">
            <div class="hover"></div>
            
            <div class="stickers"></div>
        </div>
    </a>
    <div>
        <h4><a href="../liq-maraschino-luxardo-70-cl.html"><b>Liq Maraschino Luxardo 70 Cl</b></a></h4>
        <p class="description">0.7 Lt</p>
        <p class="right price"><b>24.34 €</b></p>
        <p class="right unitPrice">34.77 € per litre</p>
    </div>
    <div class="contButton">
    <a class="button bgRed white addToCart" href="#">Add</a>
</div>
</div><div class="left product prod125"
        data-name="Liquore Dom Benedictine 70 Cl"
        data-price="32.37"
        data-id="28217"
        data-available="yes"
        data-category="2933"
        data-bestselling="">
    <a href="../liquore-dom-benedictine-70-cl.html">
        <div style="background-image: url('../../cdn.spesati.com/images/products/missing-image/missing-image.jpg')">
            <div class="hover"></div>
            
            <div class="stickers"></div>
        </div>
    </a>
    <div>
        <h4><a href="../liquore-dom-benedictine-70-cl.html"><b>Liquore Dom Benedictine 70 Cl</b></a></h4>
        <p class="description">0.7 Lt</p>
        <p class="right price"><b>32.37 €</b></p>
        <p class="right unitPrice">46.24 € per litre</p>
    </div>
    <div class="contButton">
    <a class="button bgRed white addToCart" href="#">Add</a>
</div>
</div><div class="left product prod126"
        data-name="Liq Z-piras Mirto Ros C-bic 50"
        data-price="9.59"
        data-id="32769"
        data-available="no"
        data-category="2933"
        data-bestselling="">
    <a href="../liq-z-piras-mirto-ros-c-bic-50.html">
        <div style="background-image: url('../../cdn.spesati.com/images/products/000431606/zedda-piras-mirto-rosso-sardegna-50-cl-2-bicchieri-degustazione-01.png')">
            <div class="hover"></div>
            
            <div class="stickers"></div>
        </div>
    </a>
    <div>
        <h4><a href="../liq-z-piras-mirto-ros-c-bic-50.html"><b>Liq Z-piras Mirto Ros C-bic 50</b></a></h4>
        <p class="description">Zedda Piras Mirto Rosso Sardegna 50 cl + 2 bicchieri degustazione</p>
        <p class="right price"><b>9.59 €</b></p>
        <p class="right unitPrice">19.18 € per litre</p>
    </div>
    <div class="notAvailable">
    <a class="button bgDarkGrey white" href="../liq-z-piras-mirto-ros-c-bic-50.html">Not available</a>
</div>
</div><div class="left product prod127"
        data-name="Liq.strega Alberti 70cl"
        data-price="20.70"
        data-id="28334"
        data-available="no"
        data-category="2933"
        data-bestselling="">
    <a href="../liqstrega-alberti-70cl.html">
        <div style="background-image: url('../../cdn.spesati.com/images/products/000205425/liquore-strega-700-ml-01.png')">
            <div class="hover"></div>
            
            <div class="stickers"></div>
        </div>
    </a>
    <div>
        <h4><a href="../liqstrega-alberti-70cl.html"><b>Liq.strega Alberti 70cl</b></a></h4>
        <p class="description">Liquore Strega 700 ml</p>
        <p class="right price"><b>20.70 €</b></p>
        <p class="right unitPrice">29.57 € per litre</p>
    </div>
    <div class="notAvailable">
    <a class="button bgDarkGrey white" href="../liqstrega-alberti-70cl.html">Not available</a>
</div>
</div><div class="left product prod128"
        data-name="Liq. Tia Maria Al Caffe' 70cl"
        data-price="26.60"
        data-id="28336"
        data-available="no"
        data-category="2933"
        data-bestselling="">
    <a href="../liq-tia-maria-al-caffe-70cl.html">
        <div style="background-image: url('../../cdn.spesati.com/images/products/missing-image/missing-image.jpg')">
            <div class="hover"></div>
            
            <div class="stickers"></div>
        </div>
    </a>
    <div>
        <h4><a href="../liq-tia-maria-al-caffe-70cl.html"><b>Liq. Tia Maria Al Caffe' 70cl</b></a></h4>
        <p class="description">0.7 Lt</p>
        <p class="right price"><b>26.60 €</b></p>
        <p class="right unitPrice">37.99 € per litre</p>
    </div>
    <div class="notAvailable">
    <a class="button bgDarkGrey white" href="../liq-tia-maria-al-caffe-70cl.html">Not available</a>
</div>
</div><div class="left product prod129"
        data-name="Liq Punch Rum 1lt 30"
        data-price="11.96"
        data-id="28380"
        data-available="no"
        data-category="2933"
        data-bestselling="">
    <a href="../liq-punch-rum-1lt-30.html">
        <div style="background-image: url('../../cdn.spesati.com/images/products/missing-image/missing-image.jpg')">
            <div class="hover"></div>
            
            <div class="stickers"></div>
        </div>
    </a>
    <div>
        <h4><a href="../liq-punch-rum-1lt-30.html"><b>Liq Punch Rum 1lt 30</b></a></h4>
        <p class="description">1 Lt</p>
        <p class="right price"><b>11.96 €</b></p>
        <p class="right unitPrice">11.96 € per litre</p>
    </div>
    <div class="notAvailable">
    <a class="button bgDarkGrey white" href="../liq-punch-rum-1lt-30.html">Not available</a>
</div>
</div><div class="left product prod130"
        data-name="Cognac Remy Ma Louis Xiii 5 Cl"
        data-price="723.20"
        data-id="28613"
        data-available="no"
        data-category="2933"
        data-bestselling="">
    <a href="../cognac-remy-ma-louis-xiii-5-cl.html">
        <div style="background-image: url('../../cdn.spesati.com/images/products/missing-image/missing-image.jpg')">
            <div class="hover"></div>
            
            <div class="stickers"></div>
        </div>
    </a>
    <div>
        <h4><a href="../cognac-remy-ma-louis-xiii-5-cl.html"><b>Cognac Remy Ma Louis Xiii 5 Cl</b></a></h4>
        <p class="description">0.05 Lt</p>
        <p class="right price"><b>723.20 €</b></p>
        <p class="right unitPrice">13.42 € per litre</p>
    </div>
    <div class="notAvailable">
    <a class="button bgDarkGrey white" href="../cognac-remy-ma-louis-xiii-5-cl.html">Not available</a>
</div>
</div>        </div>
    </div>
</section>
<div class="footer">
    <div class="bgDarkGrey"></div>
    <footer>
        <div class="left bgDarkGrey">
            <a id="logoFooter" href="../index.html" class="estDynamic">
                <img src="../../cdn.spesati.com/images/layout/logo-eng.png" alt="Spesati.com" />
                <h2 class="red">Grocery Delivery</h2>
            </a>
            <a class="button bgRed white mobile" href="tel:390707968318">Phone order</a>
            <a class="button bgRed white desktop" href="../news/2020-04-07/news-on-spesati-the-telephone-order-service-is-active.html">Phone order</a>
            <a class="button bgRed white" href="../cdn-cgi/l/email-protection.html#70191e161f30030015031104195e131f1d">Send mail</a>
            <div id="social">
                <a class="left" href="https://www.facebook.com/spesati/" rel="external" target="_blank">
                    <span class="facebook bgRed fa-stack fa-lg">
                        <i class="fa fa-facebook fa-stack-1x "></i>
                    </span>
                </a>
                <a class="right" href="https://twitter.com/spesati" rel="external" target="_blank">
                    <span class="twitter bgRed fa-stack fa-lg">
                        <i class="fa fa-twitter fa-stack-1x "></i>
                    </span>
                </a>
            </div>
            <p>Copyright 2024 Spesati.com </p>
            
                    <p>All rights reserved</p>
                    <p>SPESATI SRL</p>
                    <p>Corso Vittorio Veneto 15/I, 07026, Olbia</p>
                    <p>CF e P.Iva: 02772380909</p>
                        </div>
        <div class="center bgRed">
            <div class="top">
                <h3>Categories</h3>
                <div class="col">
                    <ul>
                        <li>
                            <a href="#" class="estDynamic">On sale</a>
                        </li>
                        <li>
                            <a href="../fruit-and-vegetables.html" class="estDynamic">Fruit and vegetables</a>
                        </li>
                        <li>
                            <a href="../fresh-products.html" class="estDynamic">Fresh products</a>
                        </li>
                        <li>
                            <a href="../frozen-foods.html" class="estDynamic">Frozen foods</a>
                        </li>
                        <li>
                            <a href="../bread-and-pasta.html" class="estDynamic">Bread and pasta</a>
                        </li>
                        <li>
                            <a href="../meat.html" class="estDynamic">Meat</a>
                        </li>
                        <li>
                            <a href="../fish.html" class="estDynamic">Fish</a>
                        </li>
                    </ul>
                </div>
                <div class="col">
                    <ul>
                        <li>
                            <a href="../wine-beer-and-spirits.html" class="estDynamic">Wine beer and spirits</a>
                        </li>
                        <li>
                            <a href="../water-and-drinks.html" class="estDynamic">Water and drinks</a>
                        </li>
                        <li>
                            <a href="../sweets.html" class="estDynamic">Sweets</a>
                        </li>
                        <li>
                            <a href="../shelf.html" class="estDynamic">Cupboard</a>
                        </li>
                        <li>
                            <a href="../personal-care.html" class="estDynamic">Personal care</a>
                        </li>
                        <li>
                            <a href="../household-and-outdoors.html" class="estDynamic">Home and outdoors</a>
                        </li>
                        <li>
                            <a href="../pet.html" class="estDynamic">Pets</a>
                        </li>
                    </ul>
                </div>
                <div class="col">
                    <ul>
                        <li>
                            <a href="../technology.html" class="estDynamic">Technology</a>
                        </li>
                        <li>
                            <a href="../gluten-free.html" class="estDynamic">Gluten free</a>
                        </li>
                        <li>
                            <a href="../lactose-free.html" class="estDynamic">Lactose free</a>
                        </li>
                        <li>
                            <a href="../special.html" class="estDynamic">Special</a>
                        </li>
                        <li>
                            <a href="../sardinian-products.html" class="estDynamic">Sardinian products</a>
                        </li>
                    </ul>
                </div>
            </div>
            <div class="bottom bgRed">
                <div class="left">
                    <h3>Delivery payment</h3>
                    <div>
                        <i class="fa fa-money fa-3x" aria-hidden="true"></i>
                        <p>Cash</p>
                    </div>
                    <div>
                        <i class="fa fa-credit-card fa-3x" aria-hidden="true"></i>
                        <p>Bancomat or card</p>
                    </div>
                </div>
                <div class="right">
                    <h3>Online payment</h3>
                    <div>
                        <i class="fa fa-credit-card fa-3x" aria-hidden="true"></i>
                        <p>Credit or debit card <span class="red">online</span></p>
                    </div>
                    <div>
                        <i class="fa fa-paypal fa-3x" aria-hidden="true"></i>
                        <p>PayPal</p>
                    </div>
                    <div>
                        <i class="fa fa-university fa-3x" aria-hidden="true"></i>
                        <p>Bank transfer</p>
                    </div>
                </div>
            </div>
        </div>
        <div class="right bgRed">
            <div>
                <i class="fa fa-truck fa-flip-horizontal"></i>
                <a class="button bgYellow white" href="../delivery-prices.html">Delivery prices</a>
                
                    <h3>Home delivery:</h3>
                    <p><b>Monday to Saturday</b></p>
                    <p><b>9:00 to 20:00</b></p>
                    <p><b>Minimum order:</b> 29€</p>
                    <p><b>Delivery starting from:</b> 3,50€</p>
                            </div>
            <ul>
                <li>
                    <a href="../delivery-prices.html">Delivery prices</a>
                </li>
                <li>
                    <a href="../about.html">About</a>
                </li>
                <li>
                    <a href="../faq.html">Faq</a>
                </li>
                <li>
                    <a href="../customer-care.html">Support</a>
                </li>
                <li>
                    <a href="../news.html">Blog</a>
                </li>
                <li>
                    <a href="../terms-and-conditions.html">Conditions</a>
                </li>
                <li>
                    <a href="../privacy-policy.html">Privacy policy</a>
                </li>
                <li>
                    <a href="../legal-warranty.html">Legal guarantee</a>
                </li>
            </ul>
        </div>
    </footer>
    <div class="bgRed"></div>
</div>
<!--Start of Tawk.to Script-->
<script data-cfasync="false" src="../cdn-cgi/scripts/5c5dd728/cloudflare-static/email-decode.min.js"></script><script type="text/javascript">
var Tawk_API=Tawk_API||{}, Tawk_LoadStart=new Date();
(function(){
var s1=document.createElement("script"),s0=document.getElementsByTagName("script")[0];
s1.async=true;
s1.src='https://embed.tawk.to/59e86945c28eca75e4626ed9/default';
s1.charset='UTF-8';
s1.setAttribute('crossorigin','*');
s0.parentNode.insertBefore(s1,s0);
})();
</script>
<!--End of Tawk.to Script-->

<!-- Here are parked a few translatable strings, useful for Javascript rendering -->
<div id="js-texts" hidden>
    <input type="hidden" name="save_cart_notice" value="Saving your cart it will be possible to reload it next time you come for shopping">
    <input type="hidden" name="save_cart_notice_title" value="Want to save your cart?">
    <input type="hidden" name="save_cart_ok" value="Save">
    <input type="hidden" name="save_cart_ko" value="Don't Save">
    <input type="hidden" name="reload_cart" value="The Reload Order function allows you to top up your last cart to make a New Order. Warning: do not use this function to add products to the last order. At this time it is not possible to modify an order placed previously.">
</div>

<!-- new site and login popup -->
</body>
<!-- Mirrored from www.spesati.com/wine-beer-and-spirits/liquors by HTTrack Website Copier/3.x [XR&CO'2014], Fri, 23 Feb 2024 18:10:56 GMT -->
</html>