<!DOCTYPE html><html lang="en">
<!-- Mirrored from www.spesati.com/wine-beer-and-spirits/red-wine by HTTrack Website Copier/3.x [XR&CO'2014], Fri, 23 Feb 2024 18:12:33 GMT -->
<!-- Added by HTTrack --><meta http-equiv="content-type" content="text/html;charset=utf-8" /><!-- /Added by HTTrack -->
<head>
    <title>Red wine - Wine beer and spirits - Spesati.com</title>
    <meta http-equiv="Content-Type" content="text/html; charset=UTF-8" />
    <meta name="description" content="" />
    <meta name="keywords" content="" />
    <link href="../images/favicon.ico" rel="shortcut icon" type="image/x-icon" />
    <meta name="author" content="www.dodify.com" /><link rel="canonical" href="red-wine.html" /><link rel="alternate" hreflang="en" href="red-wine.html" /><link rel="alternate" hreflang="it" href="https://www.spesati.it/vino-birra-e-alcolici/vino-rosso" /><link href="../../cdnjs.cloudflare.com/ajax/libs/meyer-reset/2.0/reset.min.css" rel="stylesheet" type="text/css" /><link href="../../cdnjs.cloudflare.com/ajax/libs/font-awesome/6.5.1/css/all.min.css" rel="stylesheet" type="text/css" /><link href="https://fonts.googleapis.com/css?family=Montserrat:400,700" rel="stylesheet" type="text/css" /><link href="../../cdnjs.cloudflare.com/ajax/libs/fancybox/2.1.5/jquery.fancybox.min.css" rel="stylesheet" type="text/css" /><link href="../style/mainbea6.css?v=7" rel="stylesheet" type="text/css" /><link href="../style/lightslider.css" rel="stylesheet" type="text/css" /><link href="../style/categories.css" rel="stylesheet" type="text/css" /><script src="../../cdnjs.cloudflare.com/ajax/libs/jquery/3.6.1/jquery.min.js" type="text/javascript"></script><script src="../../ajax.googleapis.com/ajax/libs/jquery/1.11.0/jquery.min.js" type="text/javascript"></script><script src="http://unpkg.com/@floating-ui/core@0.4.0" type="text/javascript"></script><script src="http://unpkg.com/@floating-ui/dom@0.2.0" type="text/javascript"></script><script src="../../cdnjs.cloudflare.com/ajax/libs/fancybox/2.1.5/jquery.fancybox.min.js" type="text/javascript"></script><script src="../js/menu.js" type="text/javascript"></script><script src="../js/interfaceb6f5.js?v=10" type="text/javascript"></script><script src="../js/spesati.lightslider.min.js" type="text/javascript"></script><meta name="viewport" content="width=device-width, initial-scale=1, maximum-scale=1" /><meta name = "format-detection" content = "telephone=no">
<!-- Facebook Pixel Code -->
<script>
  !function(f,b,e,v,n,t,s)
  {if(f.fbq)return;n=f.fbq=function(){n.callMethod?
  n.callMethod.apply(n,arguments):n.queue.push(arguments)};
  if(!f._fbq)f._fbq=n;n.push=n;n.loaded=!0;n.version='2.0';
  n.queue=[];t=b.createElement(e);t.async=!0;
  t.src=v;s=b.getElementsByTagName(e)[0];
  s.parentNode.insertBefore(t,s)}(window, document,'script',
  '../../connect.facebook.net/en_US/fbevents.js');
  fbq('init', '792335014180667');
  fbq('track', 'PageView');
</script>
<noscript>
    <img height="1" width="1" style="display:none" src="https://www.facebook.com/tr?id=792335014180667&amp;ev=PageView&amp;noscript=1" />
</noscript>
<!-- End Facebook Pixel Code -->

<!-- GA4 -->
<script async src="https://www.googletagmanager.com/gtag/js?id=G-SSS6NRNXL0"></script>
<script>
  window.dataLayer = window.dataLayer || [];
  function gtag(){dataLayer.push(arguments);}
  gtag('js', new Date());
  gtag('config', 'AW-976671669');
  gtag('config', 'G-SSS6NRNXL0');
</script>
<!-- Elements for PWA deploy -->
<link rel="manifest" href="../manifest.json">
<meta name="theme-color" media="(prefers-color-scheme: light)" content="white">
<meta name="theme-color" media="(prefers-color-scheme: dark)"  content="black">
<link href=../images/icon-192.png rel=apple-touch-icon sizes="192x192">
<!-- Establishment logic -->
<script>var pageEstablishment = "Olbia"; var estDefaultPages = true</script>
    <!--[if lt IE 9]>
        <script src="https://cdnjs.cloudflare.com/ajax/libs/html5shiv/3.7.3/html5shiv.min.js" type="text/javascript"></script>
    <![endif]--><script type="text/javascript">
$(document).ready(function() {
    // Check if exists cookie
    if(document.cookie.indexOf("cookieAccepted") < 0) {
        var cookieText = '<div id=\"cookie\"><p>This site uses cookies. Cookies are used for ads personalisation. <a href=\"/privacy-policy\">More info</a></p><button id=\"cookieConsent\" type=\"button\">Accept</button></div>';
        $("body").append($(
            cookieText
        ));
        $('#cookie').css({
            'width'           : '100%',
            'text-align'      : 'center',
            'color'           : '#FFFFFF',
            'background-color': '#000000', 
            'opacity'         : '.8', 
            'position'        : 'fixed', 
            'bottom'          : '0',
            'padding'         : '.5em 0',
            'z-index'         : '999'
        });
        $('#cookie > *').css({
            'display': 'inline'
        });
        $('#cookie a').css({
            'color'          : '#FFFFFF',
            'text-decoration': 'underline',
            'margin-right'   : '2%'
        });
        $('#cookieConsent').click(function() {
            // Set cookie
            var expiry = new Date();
            expiry.setTime(expiry.getTime() + (365 * 24 * 60 * 60 * 1000));
            document.cookie = "cookieAccepted=yes; expires=" + expiry.toGMTString() + "; path=/; domain=.spesati.com";
            $('#cookie').css({'display': 'none'});
        });
    }
});
</script></head><body><script type="text/javascript">
    var addText = "Add";
    var slider  = null;
    $(document).ready(function() {
        slider = $('#cartSlider').lightSlider({
            controls: false,
            item:13,
            loop:false,
            slideMove:1,
            easing: 'cubic-bezier(0.25, 0, 0.25, 1)',
            speed:600,
            responsive : [
                {
                    breakpoint:1400,
                    settings: {
                        item:12,
                        slideMove:1,
                    }
                },
                {
                    breakpoint:1200,
                    settings: {
                        item:11,
                        slideMove:1,
                    }
                },
                {
                    breakpoint:1080,
                    settings: {
                        item:14,
                        slideMove:1,
                    }
                },
                {
                    breakpoint:800,
                    settings: {
                        item:12,
                        slideMove:1,
                    }
                }
            ]
        });
        $('.lSPager').css("display","none");
        $('.lSAction').css("display","block");
        $('#goToPrevSlide').on('click', function () {
            slider.goToPrevSlide();
        });
        $('#goToNextSlide').on('click', function () {
            slider.goToNextSlide();
        });
    });

</script>
<div id="header" class="bgYellow">
    <header>
        <a class="menu" href="#"><i class="fa red fa-bars fa-2x"></i></a>
        <a id="logo" class="colLeft estDynamic" href="../index.html">
            <img src="../../cdn.spesati.com/images/layout/logo-eng.png" alt="Spesati.com" />
            <h2 class="red">Grocery Delivery</h2>
        </a>
        <div class="colRight">
            <div id="controls" class="right">
                <p id="establishmentControls">
                    <span class="establishmentWarning"><i class="fa-solid fa-triangle-exclamation red" title="Stai visualizzando i prodotti disponibili in una zona diversa. Se vuoi cambiare zona, cliccan qui"></i>&nbsp;&nbsp;</span>
                    Shopping from <b><a id="establishment" href="#"></a></b> <span id="estAddress">for </span> <a href="../change-establishment.html">(<i class="fa-solid fa-pencil"></i> Change)</a> <span class="establishmentWarning">but viewing <b>Olbia</b></span>
                </p>
                <p><a href="https://www.spesati.it/vino-birra-e-alcolici/vino-rosso" class="black switch-site">Versione italiana</a></p>                
            </div>
            <div>
                <form id="search" action="https://www.spesati.com/search" method="post" class="left">
                    <fieldset>
                        <div>
                            <input type="text" name="searchBox" id="searchBox" placeholder="Search for a product"></input>
                            <input id="searchButton" type="submit" name="searchButton" class="button bgRed white left" value="Find" />
                        </div>
                    </fieldset>
                </form>
                <div class="center left">
                    <a class="button bgRed white log-in" href="../login.html">Login</a>
                    <a class="button bgRed white sign-up" href="../sign-up.html">Sign up</a>
                    <a class="button bgRed white profile" href="../profile.html">Profile</a>
                    <a class="button bgRed white log-out" href="../index.html" data-endpoint-check-cart="https://api.spesati.com/cart/check">Logout</a>
                </div>
                <div class="right user-function-icons">
                    <a class="red left account"><i class="fa fa-user fa-3x"></i></a>
                    <div id="dropdown">
                        <a class="log-in button bgRed white" href="../login.html">Login</a>
                        <a class="sign-up button bgRed white" href="../sign-up.html">Sign up</a>
                        <a class="profile button bgRed white" href="../profile.html">Profile</a>
                        <a class="log-out button bgRed white" href="../index.html">Logout</a>
                    </div>

                    <div class="cart left">
                        <i class="fa fa-sm fa-shopping-cart red" aria-hidden="true" id="shipping-cart-button"></i>
                        <p id="cartQuantity"></p>
                    </div>

                    <a class="right" href="../cart.html"><p class="black" id="cartTotal"></p></a>
                </div>
            </div>
                            <div id="previewCart">
                    <i id="goToPrevSlide" class="yellow fa fa-angle-left fa-2x" aria-hidden="true"></i>
                    <div><ul id="cartSlider"></ul></div>
                    <i id="goToNextSlide" class="yellow fa fa-angle-right fa-2x" aria-hidden="true"></i>
                </div>
                    </div>
    </header>

    <div id="shipping-cart-options" data-inited="false">
        <a href="../cart.html" class="goto-cart">checkout</a>
        <a href="#" data-endpoint-auth="https://api.spesati.com/cart/save" data-endpoint-noauth="/login" class="save-cart">save</a>
        <a href="#" data-endpoint-auth="https://api.spesati.com/cart/load" class="load-cart">load</a>
    </div>
</div>
<div id="menuCategoriesMobile" class="mobile bgRed">
    <div class="closeMenu">
        <i class="fa fa-times fa-2x white"></i>
        Close
    </div>
    <ul class="bgRed white">
        <div id="langMobile" class="right">
        <a href="https://www.spesati.it/vino-birra-e-alcolici/vino-rosso" class="white switch-site"><p>Versione italiana</p></a>    </div>
        <li><a>Categories</a>
            <ul class="bgWhite">
                <li>
                    <img src="../../cdn.spesati.com/images/menu/on-sale.png"/>
                    On sale                    <i class="fa fa-angle-down" aria-hidden="true"></i>
                    <ul class="sub-menu">
                    <li>
    <a href="../tacchino-fesa-a-fette.html">Tacchino Fesa A Fette</a>
</li><li>
    <a href="../amaro-montenegro-15lt.html">Amaro Montenegro 1,5lt</a>
</li><li>
    <a href="../carbone-di-legna-sacco-10kg.html">Carbone Di Legna Sacco 10Kg</a>
</li><li>
    <a href="../filu-e-ferru-silvio-carta-70cl.html">Filu E Ferru Silvio Carta 70Cl</a>
</li><li>
    <a href="../braciole-suino-con-cotenna.html">Braciole Suino Con Cotenna</a>
</li><li>
    <a href="../bovino-adulto-polpa.html">Bovino Adulto Polpa</a>
</li><li>
    <a href="../vino-la-palma-cannonau-le-bombarde.html">Vino La Palma Cannonau Le Bombarde</a>
</li><li>
    <a href="../fettine-sceltissime-bovino-adulto.html">Fettine Sceltissime Bovino Adulto</a>
</li><li>
    <a href="../suino-fettine-scelte.html">Suino Fettine Scelte</a>
</li><li>
    <a href="../lavazza-caffe-qualita-rossa-2x250gr.html">Lavazza Caffé Qualità Rossa 2x250gr</a>
</li>                        <li>
                            <a class="estDynamic" href="../on-offer.html">All products on sale</a>
                        </li>
                    </ul>
                </li>
                <li>
                    <img src="../../cdn.spesati.com/images/menu/gift.png"/>
                    Gifts                    <i class="fa fa-angle-down" aria-hidden="true"></i>
                    <ul class="sub-menu">
                        <li>
    <a href="../gift-card-da-150.html">Gift Card Da 150</a>
</li><li>
    <a href="../gift-card-da-100.html">Gift Card Da 100</a>
</li><li>
    <a href="../gift-card-da-50.html">Gift Card Da 50</a>
</li><li>
    <a href="../gift-card-da-25.html">Gift Card Da 25</a>
</li>                        <li>
                            <a class="estDynamic" href="../gift.html">All products in the gifts category</a>
                        </li>
                    </ul>
                </li>
                <li>
                    <img src="../../cdn.spesati.com/images/menu/gift-card.png"/>
                    Gift card and discounts                    <i class="fa fa-angle-down" aria-hidden="true"></i>
                    <ul class="sub-menu">
                        <li>
    <a href="../gift-card-da-150.html">Gift Card Da 150</a>
</li><li>
    <a href="../gift-card-da-100.html">Gift Card Da 100</a>
</li><li>
    <a href="../gift-card-da-50.html">Gift Card Da 50</a>
</li><li>
    <a href="../gift-card-da-25.html">Gift Card Da 25</a>
</li>                    </ul>
                </li>
                <li>
                    <img src="../../cdn.spesati.com/images/menu/fuit-and-vegetables.png"/>
                    Fruit and vegetables                    <i class="fa fa-angle-down" aria-hidden="true"></i>
                    <ul class="sub-menu">
                        <li>
                            <a class="estDynamic" href="../fruit-and-vegetables/pulses-and-beans.html">Cereals and pulses and beans</a>
                        </li>
                        <li>
                            <a class="estDynamic" href="../fruit-and-vegetables/fruit.html">Fruit</a>
                        </li>
                        <li>
                            <a class="estDynamic" href="../fruit-and-vegetables/canned-fruit.html">Canned fruit</a>
                        </li>
                        <li>
                            <a class="estDynamic" href="../fruit-and-vegetables/dried-fruit.html">Dried fruit</a>
                        </li>
                        <li>
                            <a class="estDynamic" href="../fruit-and-vegetables/ready-salads.html">Ready salads</a>
                        </li>
                        <li>
                            <a class="estDynamic" href="../fruit-and-vegetables/fresh-spices.html">Fresh spices</a>
                        </li>
                        <li>
                            <a class="estDynamic" href="../fruit-and-vegetables/vegetables.html">Vegetables and soy</a>
                        </li>
                    </ul>
                </li>
                <li>
                    <img src="../../cdn.spesati.com/images/menu/fresh-products.png"/>
                    Fresh products                    <i class="fa fa-angle-down" aria-hidden="true"></i>
                    <ul class="sub-menu">
                        <li>
                            <a class="estDynamic" href="../fresh-products/margarine-and-butter.html">Butter and margarine</a>
                        </li>
                        <li>
                            <a class="estDynamic" href="../fresh-products/danone.html">Danone</a>
                        </li>
                        <li>
                            <a class="estDynamic" href="../fresh-products/dessert.html">Dessert</a>
                        </li>
                        <li>
                            <a class="estDynamic" href="../fresh-products/sweets.html">Sweets</a>
                        </li>
                        <li>
                            <a class="estDynamic" href="../fresh-products/dairy-products.html">Dairy product</a>
                        </li>
                        <li>
                            <a class="estDynamic" href="../fresh-products/bakery.html">Yeast</a>
                        </li>
                        <li>
                            <a class="estDynamic" href="../fresh-products/mascarpone.html">Mascarpone</a>
                        </li>
                        <li>
                            <a class="estDynamic" href="../fresh-products/snacks.html">Snacks</a>
                        </li>
                        <li>
                            <a class="estDynamic" href="../fresh-products/mozzarella.html">Mozzarella</a>
                        </li>
                        <li>
                            <a class="estDynamic" href="../fresh-products/pasta.html">Pasta</a>
                        </li>
                        <li>
                            <a class="estDynamic" href="../fresh-products/pesto-and-sauces.html">Pesto and sauces</a>
                        </li>
                        <li>
                            <a class="estDynamic" href="../fresh-products/ricotta-and-cheese.html">Ricotta and cheese</a>
                        </li>
                        <li>
                            <a class="estDynamic" href="../fresh-products/cured-meat.html">Cured meat</a>
                        </li>
                        <li>
                            <a class="estDynamic" href="../fresh-products/wurstel.html">Würstel</a>
                        </li>
                        <li>
                            <a class="estDynamic" href="../fresh-products/yogurt.html">Yogurt</a>
                        </li>
                    </ul>
                </li>
                <li>
                    <img src="../../cdn.spesati.com/images/menu/frozen-foods.png"/>
                    Frozen foods                    <i class="fa fa-angle-down" aria-hidden="true"></i>
                    <ul class="sub-menu">
                        <li>
                            <a class="estDynamic" href="../frozen-foods/meat.html">Meat</a>
                        </li>
                        <li>
                            <a class="estDynamic" href="../frozen-foods/ice-creams.html">Ice cream and sweet</a>
                        </li>
                        <li>
                            <a class="estDynamic" href="../frozen-foods/pasta.html">Pasta</a>
                        </li>
                        <li>
                            <a class="estDynamic" href="../frozen-foods/fish.html">Fish</a>
                        </li>
                        <li>
                            <a class="estDynamic" href="../frozen-foods/ready-meals.html">Ready meals</a>
                        </li>
                        <li>
                            <a class="estDynamic" href="../frozen-foods/pizzas.html">Pizzas</a>
                        </li>
                        <li>
                            <a class="estDynamic" href="../frozen-foods/vegetables.html">Vegetables and soy</a>
                        </li>
                    </ul>
                </li>
                <li>
                    <img src="../../cdn.spesati.com/images/menu/bread-and-pasta.png"/>
                    Bread and pasta                    <i class="fa fa-angle-down" aria-hidden="true"></i>
                    <ul class="sub-menu">
                        <li>
                            <a class="estDynamic" href="../bread-and-pasta/crackers.html">Crackers</a>
                        </li>
                        <li>
                            <a class="estDynamic" href="../bread-and-pasta/rusks.html">Rusks</a>
                        </li>
                        <li>
                            <a class="estDynamic" href="../bread-and-pasta/white-bread.html">White bread</a>
                        </li>
                        <li>
                            <a class="estDynamic" href="../bread-and-pasta/local-bread.html">Local bread</a>
                        </li>
                        <li>
                            <a class="estDynamic" href="../bread-and-pasta/soft-bread.html">Soft bread</a>
                        </li>
                        <li>
                            <a class="estDynamic" href="../bread-and-pasta/sardinian-bread.html">Sardinian bread</a>
                        </li>
                        <li>
                            <a class="estDynamic" href="../bread-and-pasta/bakery.html">Bakery</a>
                        </li>
                        <li>
                            <a class="estDynamic" href="../bread-and-pasta/pasta.html">Pasta</a>
                        </li>
                        <li>
                            <a class="estDynamic" href="../bread-and-pasta/fresh-pasta.html">Fresh pasta</a>
                        </li>
                    </ul>
                </li>
                <li>
                    <img src="../../cdn.spesati.com/images/menu/meat.png"/>
                    Meat                    <i class="fa fa-angle-down" aria-hidden="true"></i>
                    <ul class="sub-menu">
                        <li>
                            <a class="estDynamic" href="../meat/beef.html">Beef</a>
                        </li>
                        <li>
                            <a class="estDynamic" href="../meat/goat.html">Goat</a>
                        </li>
                        <li>
                            <a class="estDynamic" href="../meat/packaged-meat.html">Packaged meat</a>
                        </li>
                        <li>
                            <a class="estDynamic" href="../meat/rabbit.html">Rabbit</a>
                        </li>
                        <li>
                            <a class="estDynamic" href="../meat/horse.html">Horse</a>
                        </li>
                        <li>
                            <a class="estDynamic" href="../meat/pork.html">Pork</a>
                        </li>
                        <li>
                            <a class="estDynamic" href="../meat/lamb.html">Lamb</a>
                        </li>
                        <li>
                            <a class="estDynamic" href="../meat/poultry.html">Poultry</a>
                        </li>
                    </ul>
                </li>
                <li>
                    <img src="../../cdn.spesati.com/images/menu/fish.png"/>
                    Fish                    <i class="fa fa-angle-down" aria-hidden="true"></i>
                    <ul class="sub-menu">
                        <li>
                            <a class="estDynamic" href="../fish/fresh-water.html">Fresh water</a>
                        </li>
                        <li>
                            <a class="estDynamic" href="../fish/salt-water.html">Salt water</a>
                        </li>
                        <li>
                            <a class="estDynamic" href="../fish/mussels.html">Mussels</a>
                        </li>
                        <li>
                            <a class="estDynamic" href="../fish/dried-and-salted.html">Dried and salted</a>
                        </li>
                        <li>
                            <a class="estDynamic" href="../fish/seafood-salad.html">Seafood salad</a>
                        </li>
                        <li>
                            <a class="estDynamic" href="../fish/prepared.html">Prepared</a>
                        </li>
                        <li>
                            <a class="estDynamic" href="../fish/specialty.html">Specialty</a>
                        </li>   
                        <li>
                            <a class="estDynamic" href="../fish/tuna-and-salmon.html">Tuna and salmon</a>
                        </li>
                    </ul>
                </li>
                <li>
                    <img src="../../cdn.spesati.com/images/menu/alcohol.png"/>
                    Wine beer and spirits                    <i class="fa fa-angle-down" aria-hidden="true"></i>
                    <ul class="sub-menu">
                        <li>
                            <a class="estDynamic" href="spirits-and-liquors.html">Alcohol</a>
                        </li>
                        <li>
                            <a class="estDynamic" href="bitters.html">Bitters</a>
                        </li>
                        <li>
                            <a class="estDynamic" href="aperatif.html">Aperatifs</a>
                        </li>
                        <li>
                            <a class="estDynamic" href="beer.html">Beer</a>
                        </li>
                        <li>
                            <a class="estDynamic" href="creams.html">Creams</a>
                        </li>
                        <li>
                            <a class="estDynamic" href="spirits.html">Spirits</a>
                        </li>
                        <li>
                            <a class="estDynamic" href="liquors.html">Liquors</a>
                        </li>
                        <li>
                            <a class="estDynamic" href="white-wine.html">White wine</a>
                        </li>
                        <li>
                            <a class="estDynamic" href="prosecco-wine.html">Prosecco wine</a>
                        </li>
                        <li>
                            <a class="estDynamic" href="rose-wine.html">Rose wine</a>
                        </li>
                        <li>
                            <a class="estDynamic" href="red-wine.html">Red wine</a>
                        </li>
                        <li>
                            <a class="estDynamic" href="specialty-wine.html">Special wine</a>
                        </li>
                        <li>
                            <a class="estDynamic" href="sparkling-wine.html">Sparkling wine</a>
                        </li>
                        <li>
                            <a class="estDynamic" href="vermentino-wine.html">Vermentino wine</a>
                        </li>
                    </ul>
                </li>
                <li>
                    <img src="../../cdn.spesati.com/images/menu/water-and-drinks.png"/>
                    Water and drinks                    <i class="fa fa-angle-down" aria-hidden="true"></i>
                    <ul class="sub-menu">
                        <li>
                            <a class="estDynamic" href="../water-and-drinks/san-martino.html">San Martino</a>
                        </li>
                        <li>
                            <a class="estDynamic" href="../water-and-drinks/water.html">Water</a>
                        </li>
                        <li>
                            <a class="estDynamic" href="../water-and-drinks/alpro.html">Alpro</a>
                        </li>
                        <li>
                            <a class="estDynamic" href="../water-and-drinks/fizzy-drinks.html">Fizzy drinks</a>
                        </li>
                        <li>
                            <a class="estDynamic" href="../water-and-drinks/coca-cola.html">Coca-Cola</a>
                        </li>
                        <li>
                            <a class="estDynamic" href="../water-and-drinks/energy-drink.html">Energy drink</a>
                        </li>
                        <li>
                            <a class="estDynamic" href="../water-and-drinks/syrups.html">Syrups</a>
                        </li>
                        <li>
                            <a class="estDynamic" href="../water-and-drinks/supplements.html">Supplements</a>
                        </li>
                        <li>
                            <a class="estDynamic" href="../water-and-drinks/instant-drinks.html">Instant drinks</a>
                        </li>
                        <li>
                            <a class="estDynamic" href="../water-and-drinks/juice.html">Juice</a>
                        </li>
                        <li>
                            <a class="estDynamic" href="../water-and-drinks/tea.html">Tea</a>
                        </li>
                    </ul>
                </li>
                <li>
                    <img src="../../cdn.spesati.com/images/menu/sweets.png"/>
                    Sweets                    <i class="fa fa-angle-down" aria-hidden="true"></i>
                    <ul class="sub-menu">
                        <li>
                            <a class="estDynamic" href="../sweets/bars-and-snacks.html">Bars and snacks</a>
                        </li>
                        <li>
                            <a class="estDynamic" href="../sweets/biscuits.html">Biscuits</a>
                        </li>
                        <li>
                            <a class="estDynamic" href="../sweets/brioches.html">Brioches</a>
                        </li>
                        <li>
                            <a class="estDynamic" href="../sweets/candy-and-chewing-gum.html">Candy and chewing gum</a>
                        </li>
                        <li>
                            <a class="estDynamic" href="../sweets/cereals.html">Cereals</a>
                        </li>
                        <li>
                            <a class="estDynamic" href="../sweets/chocolate.html">Chocolate</a>
                        </li>
                        <li>
                            <a class="estDynamic" href="../sweets/spreadable-creams.html">Spreads</a>
                        </li>
                        <li>
                            <a class="estDynamic" href="../sweets/dessert-toppings.html">Dessert toppings</a>
                        </li>
                        <li>
                            <a class="estDynamic" href="../sweets/jam.html">Jam</a>
                        </li>
                        <li>
                            <a class="estDynamic" href="../sweets/honey.html">Honey</a>
                        </li>
                        <li>
                            <a class="estDynamic" href="../sweets/panettoni-and-pandoro.html">Panettone and pandoro</a>
                        </li>
                        <li>
                            <a class="estDynamic" href="../sweets/pastry.html">Pastry</a>
                        </li>
                        <li>
                            <a class="estDynamic" href="../sweets/instant-dessert.html">Prepared</a>
                        </li>
                        <li>
                            <a class="estDynamic" href="../sweets/cakes-and-pies.html">Cakes and pies</a>
                        </li>
                        <li>
                            <a class="estDynamic" href="../sweets/easter-eggs-and-doves.html">Easter eggs and doves</a>
                        </li>
                    </ul>
                </li>
                <li>
                    <img src="../../cdn.spesati.com/images/menu/shelf.png"/>
                    Cupboard                    <i class="fa fa-angle-down" aria-hidden="true"></i>
                    <ul class="sub-menu">
                        <li>
                            <a class="estDynamic" href="../shelf/coffee.html">Coffee</a>
                        </li>
                        <li>
                            <a class="estDynamic" href="../shelf/gift-baskets.html">Gift baskets</a>
                        </li>
                        <li>
                            <a class="estDynamic" href="../shelf/stock-cubes.html">Nuts and preparations</a>
                        </li>
                        <li>
                            <a class="estDynamic" href="../shelf/flour-and-baking.html">Flour and baking</a>
                        </li>
                        <li>
                            <a class="estDynamic" href="../shelf/milk.html">Milk</a>
                        </li>
                        <li>
                            <a class="estDynamic" href="../shelf/oil-salt-vinegar.html">Oil, vinegar and salt</a>
                        </li>
                        <li>
                            <a class="estDynamic" href="../shelf/cream-and-bechamel.html">Cream and bechamel</a>
                        </li>
                        <li>
                            <a class="estDynamic" href="../shelf/crisps-and-pretzels.html">Crisps and pretzels</a>
                        </li>
                        <li>
                            <a class="estDynamic" href="../shelf/baby-and-infants-products.html">Early childhood products</a>
                        </li>
                        <li>
                            <a class="estDynamic" href="../shelf/rice.html">Rice</a>
                        </li>
                        <li>
                            <a class="estDynamic" href="../shelf/tins-and-preserves.html">Tins and Preserves</a>
                        </li>
                        <li>
                            <a class="estDynamic" href="../shelf/spices.html">Spices</a>
                        </li>
                        <li>
                            <a class="estDynamic" href="../shelf/sauces.html">Sauces</a>
                        </li>
                        <li>
                            <a class="estDynamic" href="../shelf/tea-and-infusions.html">Tea and infusions</a>
                        </li>
                        <li>
                            <a class="estDynamic" href="../shelf/eggs.html">Eggs</a>
                        </li>
                        <li>
                            <a class="estDynamic" href="../shelf/sugar-and-sweeteners.html">Sugar and sweeteners</a>
                        </li>
                    </ul>
                </li>
                <li>
                    <img src="../../cdn.spesati.com/images/menu/personal-care.png"/>
                    Personal care                    <i class="fa fa-angle-down" aria-hidden="true"></i>
                    <ul class="sub-menu">
                        <li>
                            <a class="estDynamic" href="../personal-care/accessories-and-cotton.html">Accessories and cotton</a>
                        </li>
                        <li>
                            <a class="estDynamic" href="../personal-care/feminine-care-incontinence-and-baby-diapers.html">Feminine incontinence and diapers</a>
                        </li>
                        <li>
                            <a class="estDynamic" href="../personal-care/shower-gel.html">Shower gel</a>
                        </li>
                        <li>
                            <a class="estDynamic" href="../personal-care/creams.html">Creams</a>
                        </li>
                        <li>
                            <a class="estDynamic" href="../personal-care/deodorant.html">Deodorant</a>
                        </li>
                        <li>
                            <a class="estDynamic" href="../personal-care/hair-removal.html">Hair removal</a>
                        </li>
                        <li>
                            <a class="estDynamic" href="../personal-care/disinfectants.html">Disinfectants</a>
                        </li>
                        <li>
                            <a class="estDynamic" href="../personal-care/oral-hygiene.html">Oral hygiene</a>
                        </li>
                        <li>
                            <a class="estDynamic" href="../personal-care/supplements-and-multivitamins.html">Supplements and multivitamins</a>
                        </li>
                        <li>
                            <a class="estDynamic" href="../personal-care/first-aid.html">First aid label</a>
                        </li>
                        <li>
                            <a class="estDynamic" href="../personal-care/beard-products.html">Beard products</a>
                        </li>
                        <li>
                            <a class="estDynamic" href="../personal-care/hairs-products.html">Hair products</a>
                        </li>
                        <li>
                            <a class="estDynamic" href="../personal-care/perfume.html">Perfumes</a>
                        </li>
                        <li>
                            <a class="estDynamic" href="../personal-care/wipes.html">Wipes</a>
                        </li>
                        <li>
                            <a class="estDynamic" href="../personal-care/soaps-and-body-wash.html">Soaps and body wash</a>
                        </li>
                        <li>
                            <a class="estDynamic" href="../personal-care/shampoo-and-conditioner.html">Shampoo and conditioner</a>
                        </li>
                    </ul>
                </li>
                <li>
                    <img src="../../cdn.spesati.com/images/menu/pellet-and-home.png"/>
                    Home and outdoors                    <i class="fa fa-angle-down" aria-hidden="true"></i>
                    <ul class="sub-menu">
                        <li>
                            <a class="estDynamic" href="../household-and-outdoors/distilled-water.html">Distilled water</a>
                        </li>
                        <li>
                            <a class="estDynamic" href="../household-and-outdoors/car-products.html">Cars</a>
                        </li>
                        <li>
                            <a class="estDynamic" href="../household-and-outdoors/bin-bags-and-buckets.html">Bin bags and buckets</a>
                        </li>
                        <li>
                            <a class="estDynamic" href="../household-and-outdoors/bleach-and-stain-removers.html">Bleach and stain removers</a>
                        </li>
                        <li>
                            <a class="estDynamic" href="../household-and-outdoors/candles.html">Candles</a>
                        </li>
                        <li>
                            <a class="estDynamic" href="../household-and-outdoors/kitchen-roll.html">Kitchen roll</a>
                        </li>
                        <li>
                            <a class="estDynamic" href="../household-and-outdoors/air-fresheners.html">Air fresheners</a>
                        </li>
                        <li>
                            <a class="estDynamic" href="../household-and-outdoors/laundry-accessories-and-detergent.html">Laundry detergent</a>
                        </li>
                        <li>
                            <a class="estDynamic" href="../household-and-outdoors/dishwasher-and-washing-up.html">Dishwasher and washing up</a>
                        </li>
                        <li>
                            <a class="estDynamic" href="../household-and-outdoors/gardening.html">Gardening</a>
                        </li>
                        <li>
                            <a class="estDynamic" href="../household-and-outdoors/light-bulbs-and-batteries.html">Lightbulbs and batteries</a>
                        </li>
                        <li>
                            <a class="estDynamic" href="../household-and-outdoors/pellet-and-bbq.html">Pellet and BBQ</a>
                        </li>
                        <li>
                            <a class="estDynamic" href="../household-and-outdoors/bathroom-products.html">Bathroom products</a>
                        </li>
                        <li>
                            <a class="estDynamic" href="../household-and-outdoors/home-and-furniture-products.html">Home and furniture products</a>
                        </li>
                        <li>
                            <a class="estDynamic" href="../household-and-outdoors/kitchen-products.html">Kitchen products</a>
                        </li>
                        <li>
                            <a class="estDynamic" href="../household-and-outdoors/window-and-floor-cleaners.html">Window and floor cleaner</a>
                        </li>
                        <li>
                            <a class="estDynamic" href="../household-and-outdoors/repellents.html">Repellents</a>
                        </li>
                        <li>
                            <a class="estDynamic" href="../household-and-outdoors/disposable-tableware.html">Disposable tableware</a>
                        </li>
                    </ul>
                </li>
                <li>
                    <img src="../../cdn.spesati.com/images/menu/animals.png"/>
                    Pets                    <i class="fa fa-angle-down" aria-hidden="true"></i>
                    <ul class="sub-menu">
                        <li>
                            <a class="estDynamic" href="../pets/pet-food-other-animals.html">Other animals pet food</a>
                        </li>
                        <li>
                            <a class="estDynamic" href="../pets/pet-food-dogs.html">Pet food dogs</a>
                        </li>
                        <li>
                            <a class="estDynamic" href="../pets/pet-food-cats.html">Pet food cats</a>
                        </li>
                        <li>
                            <a class="estDynamic" href="../pets/hygiene-and-cleaning.html">Hygiene and cleaning</a>
                        </li>
                    </ul>
                </li>
                <li>
                    <img src="../../cdn.spesati.com/images/menu/technology.png"/>
                    Technology                    <i class="fa fa-angle-down" aria-hidden="true"></i>
                    <ul class="sub-menu">
                        <li>
                            <a class="estDynamic" href="../technology/accessories.html">Accessories</a>
                        </li>
                        <li>
                            <a class="estDynamic" href="../technology/computer.html">Computer</a>
                        </li>
                        <li>
                            <a class="estDynamic" href="../technology/telephones.html">Telephones</a>
                        </li>
                        <li>
                            <a class="estDynamic" href="../technology/tv.html">TV</a>
                        </li>
                    </ul>
                </li>
                <li>
                    <img src="../../cdn.spesati.com/images/menu/gluten-free.png"/>
                    Gluten free                    <i class="fa fa-angle-down" aria-hidden="true"></i>
                    <ul class="sub-menu">
                        <li>
                            <a class="estDynamic" href="../gluten-free/frozen-foods.html">Frozen foods</a>
                        </li>
                        <li>
                            <a class="estDynamic" href="../gluten-free/beer.html">Beer</a>
                        </li>
                        <li>
                            <a class="estDynamic" href="../gluten-free/sweets.html">Sweets</a>
                        </li>
                        <li>
                            <a class="estDynamic" href="../gluten-free/bread-and-pasta.html">Bread and pasta</a>
                        </li>
                        <li>
                            <a class="estDynamic" href="../gluten-free/shelf.html">Cupboard</a>
                        </li>
                    </ul>
                </li>
                <li>
                    <img src="../../cdn.spesati.com/images/menu/lactose-free.png"/>
                    Lactose free                    <i class="fa fa-angle-down" aria-hidden="true"></i>
                    <ul class="sub-menu">
                        <li>
                            <a class="estDynamic" href="../lactose-free/frozen-foods.html">Frozen foods</a>
                        </li>
                        <li>
                            <a class="estDynamic" href="../lactose-free/sweets.html">Sweets</a>
                        </li>
                        <li>
                            <a class="estDynamic" href="../lactose-free/dairy-product.html">Dairy product</a>
                        </li>
                        <li>
                            <a class="estDynamic" href="../lactose-free/shelf.html">Cupboard</a>
                        </li>
                    </ul>
                </li>
                <li>
                    <img src="../../cdn.spesati.com/images/menu/special.png"/>
                    Special                    <i class="fa fa-angle-down" aria-hidden="true"></i>
                    <ul class="sub-menu">
                        <li>
                            <a class="estDynamic" href="../special/alpro.html">Alpro</a>
                        </li>
                        <li>
                            <a class="estDynamic" href="../special/organic.html">Biological</a>
                        </li>
                        <li>
                            <a class="estDynamic" href="../special/meat.html">Meat</a>
                        </li>
                        <li>
                            <a class="estDynamic" href="../special/wholegrain.html">Wholegrain</a>
                        </li>
                        <li>
                            <a class="estDynamic" href="../special/bread-and-pasta.html">Bread and pasta</a>
                        </li>
                        <li>
                            <a class="estDynamic" href="../special/vegan.html">Vegan</a>
                        </li>
                    </ul>
                </li>
                <li>
                    <img src="../../cdn.spesati.com/images/menu/sardinian-products.png"/>
                    Sardinian products                    <i class="fa fa-angle-down" aria-hidden="true"></i>
                    <ul class="sub-menu">
                        <li>
                            <a class="estDynamic" href="../sardinian-products/drinks.html">Drinks</a>
                        </li>
                        <li>
                            <a class="estDynamic" href="../sardinian-products/meat.html">Meat</a>
                        </li>
                        <li>
                            <a class="estDynamic" href="../sardinian-products/sweets.html">Sweets</a>
                        </li>
                        <li>
                            <a class="estDynamic" href="../sardinian-products/fruit-and-vegetables.html">Fruit and vegetables</a>
                        </li>
                        <li>
                            <a class="estDynamic" href="../sardinian-products/ichnusa.html">Ichnusa</a>
                        </li>
                        <li>
                            <a class="estDynamic" href="../sardinian-products/dairy-product.html">Dairy product</a>
                        </li>
                        <li>
                            <a class="estDynamic" href="../sardinian-products/bread-and-pasta.html">Bread and pasta</a>
                        </li>
                        <li>
                            <a class="estDynamic" href="../sardinian-products/fish.html">Fish</a>
                        </li>
                        <li>
                            <a class="estDynamic" href="../sardinian-products/cured-meat.html">Cured meat</a>
                        </li>
                        <li>
                            <a class="estDynamic" href="../sardinian-products/shelf.html">Cupboard</a>
                        </li>
                        <li>
                            <a class="estDynamic" href="../sardinian-products/vermentino-wine.html">Vermentino wine</a>
                        </li>
                        <li>
                            <a class="estDynamic" href="../sardinian-products/wine-beer-and-spirits.html">Wine beer and spirits</a>
                        </li>
                    </ul>
                </li>
            </ul>
        </li>
        <li>
            <a href="../about.html">About</a>
        </li>
        <li>
            <a href="../faq.html">Faq</a>
        </li>
        <li>
            <a href="../customer-care.html">Support</a>
        </li>
        <li>
            <a href="../news.html">Blog</a>
        </li>
        <li>
            <a href="../terms-and-conditions.html">Conditions</a>
        </li>
        <li>
            <a href="../privacy-policy.html">Privacy policy</a>
        </li>
        <li>
            <a href="../login.html">Login</a>
        </li>
        <li>
             <a href="../sign-up.html">Sign up</a>
        </li>
    </ul>
</div><section class="first">
    <div id="menuCategories" class="colLeft">
    <ul id="main_nav" >
        <li>
            <a class="estDynamic" href="../on-offer.html">
               <img src="../../cdn.spesati.com/images/menu/on-sale.png"/>
               On sale            </a>
            <i class="fa fa-angle-right" aria-hidden="true"></i>
            <ul class="sub-menu">
                <li>
    <a href="../tacchino-fesa-a-fette.html" class="estDynamic">Tacchino Fesa A Fette</a>
</li><li>
    <a href="../amaro-montenegro-15lt.html" class="estDynamic">Amaro Montenegro 1,5lt</a>
</li><li>
    <a href="../carbone-di-legna-sacco-10kg.html" class="estDynamic">Carbone Di Legna Sacco 10Kg</a>
</li><li>
    <a href="../filu-e-ferru-silvio-carta-70cl.html" class="estDynamic">Filu E Ferru Silvio Carta 70Cl</a>
</li><li>
    <a href="../braciole-suino-con-cotenna.html" class="estDynamic">Braciole Suino Con Cotenna</a>
</li><li>
    <a href="../bovino-adulto-polpa.html" class="estDynamic">Bovino Adulto Polpa</a>
</li><li>
    <a href="../vino-la-palma-cannonau-le-bombarde.html" class="estDynamic">Vino La Palma Cannonau Le Bombarde</a>
</li><li>
    <a href="../fettine-sceltissime-bovino-adulto.html" class="estDynamic">Fettine Sceltissime Bovino Adulto</a>
</li><li>
    <a href="../suino-fettine-scelte.html" class="estDynamic">Suino Fettine Scelte</a>
</li><li>
    <a href="../lavazza-caffe-qualita-rossa-2x250gr.html" class="estDynamic">Lavazza Caffé Qualità Rossa 2x250gr</a>
</li>                <li>
                    <a class="estDynamic" href="../on-offer.html">All products on sale</a>
                </li>
            </ul>
        </li>
        <li>
            <a class="estDynamic" href="../gift.html">
               <img src="../../cdn.spesati.com/images/menu/gift.png"/>
               Gifts            </a>
            <i class="fa fa-angle-right" aria-hidden="true"></i>
            <ul class="sub-menu">
                <li>
    <a href="../gift-card-da-150.html" class="estDynamic">Gift Card Da 150</a>
</li><li>
    <a href="../gift-card-da-100.html" class="estDynamic">Gift Card Da 100</a>
</li><li>
    <a href="../gift-card-da-50.html" class="estDynamic">Gift Card Da 50</a>
</li><li>
    <a href="../gift-card-da-25.html" class="estDynamic">Gift Card Da 25</a>
</li>                <li>
                    <a class="estDynamic" href="../gift.html">All products in the gifts category</a>
                </li>
            </ul>
        </li>
        <li>
            <a class="estDynamic" href="../gift-card.html">
               <img src="../../cdn.spesati.com/images/menu/gift-card.png"/>
               Gift card and discounts            </a>
            <i class="fa fa-angle-right" aria-hidden="true"></i>
            <ul class="sub-menu">
                <li>
    <a href="../gift-card-da-150.html">Gift Card Da 150</a>
</li><li>
    <a href="../gift-card-da-100.html">Gift Card Da 100</a>
</li><li>
    <a href="../gift-card-da-50.html">Gift Card Da 50</a>
</li><li>
    <a href="../gift-card-da-25.html">Gift Card Da 25</a>
</li>            </ul>
        </li>
        <li>
            <a class="estDynamic" href="../fruit-and-vegetables.html">
               <img src="../../cdn.spesati.com/images/menu/fuit-and-vegetables.png"/>
               Fruit and vegetables           </a>
            <i class="fa fa-angle-right" aria-hidden="true"></i>
            <ul class="sub-menu">
                <li>
                    <a class="estDynamic" href="../fruit-and-vegetables/pulses-and-beans.html">Cereals and pulses and beans</a>
                </li>
                <li>
                    <a class="estDynamic" href="../fruit-and-vegetables/fruit.html">Fruit</a>
                </li>
                <li>
                    <a class="estDynamic" href="../fruit-and-vegetables/canned-fruit.html">Canned fruit</a>
                </li>
                <li>
                    <a class="estDynamic" href="../fruit-and-vegetables/dried-fruit.html">Dried fruit</a>
                </li>
                <li>
                    <a class="estDynamic" href="../fruit-and-vegetables/ready-salads.html">Ready salads</a>
                </li>
                <li>
                    <a class="estDynamic" href="../fruit-and-vegetables/fresh-spices.html">Fresh spices</a>
                </li>
                <li>
                    <a class="estDynamic" href="../fruit-and-vegetables/vegetables.html">Vegetables and soy</a>
                </li>
            </ul>
        </li>
        <li>
            <a class="estDynamic" href="../fresh-products.html">
                <img src="../../cdn.spesati.com/images/menu/fresh-products.png"/>
                Fresh products            </a>
            <i class="fa fa-angle-right" aria-hidden="true"></i>
            <ul class="sub-menu">
                <li>
                    <a class="estDynamic" href="../fresh-products/margarine-and-butter.html">Butter and margarine</a>
                </li>
                <li>
                    <a class="estDynamic" href="../fresh-products/danone.html">Danone</a>
                </li>
                <li>
                    <a class="estDynamic" href="../fresh-products/dessert.html">Dessert</a>
                </li>
                <li>
                    <a class="estDynamic" href="../fresh-products/sweets.html">Sweets</a>
                </li>
                <li>
                    <a class="estDynamic" href="../fresh-products/dairy-products.html">Dairy product</a>
                </li>
                <li>
                    <a class="estDynamic" href="../fresh-products/bakery.html">Yeast</a>
                </li>
                <li>
                    <a class="estDynamic" href="../fresh-products/mascarpone.html">Mascarpone</a>
                </li>
                <li>
                    <a class="estDynamic" href="../fresh-products/snacks.html">Snacks</a>
                </li>
                <li>
                    <a class="estDynamic" href="../fresh-products/mozzarella.html">Mozzarella</a>
                </li>
                <li>
                    <a class="estDynamic" href="../fresh-products/pasta.html">Pasta</a>
                </li>
                <li>
                    <a class="estDynamic" href="../fresh-products/pesto-and-sauces.html">Pesto and sauces</a>
                </li>
                <li>
                    <a class="estDynamic" href="../fresh-products/ricotta-and-cheese.html">Ricotta and cheese</a>
                </li>
                <li>
                    <a class="estDynamic" href="../fresh-products/cured-meat.html">Cured meat</a>
                </li>
                <li>
                    <a class="estDynamic" href="../fresh-products/wurstel.html">Würstel</a>
                </li>
                <li>
                    <a class="estDynamic" href="../fresh-products/yogurt.html">Yogurt</a>
                </li>
            </ul>
        </li>
        <li>
            <a class="estDynamic" href="../frozen-foods.html">
                <img src="../../cdn.spesati.com/images/menu/frozen-foods.png"/>
                Frozen foods            </a>
            <i class="fa fa-angle-right" aria-hidden="true"></i>
            <ul class="sub-menu">
                <li>
                    <a class="estDynamic" href="../frozen-foods/meat.html">Meat</a>
                </li>
                <li>
                    <a class="estDynamic" href="../frozen-foods/ice-creams.html">Ice cream and sweet</a>
                </li>
                <li>
                    <a class="estDynamic" href="../frozen-foods/pasta.html">Pasta</a>
                </li>
                <li>
                    <a class="estDynamic" href="../frozen-foods/fish.html">Fish</a>
                </li>
                <li>
                    <a class="estDynamic" href="../frozen-foods/ready-meals.html">Ready meals</a>
                </li>
                <li>
                    <a class="estDynamic" href="../frozen-foods/pizzas.html">Pizzas</a>
                </li>
                <li>
                    <a class="estDynamic" href="../frozen-foods/vegetables.html">Vegetables and soy</a>
                </li>
            </ul>
        </li>
        <li>
            <a class="estDynamic" href="../bread-and-pasta.html">
                <img src="../../cdn.spesati.com/images/menu/bread-and-pasta.png"/>
                Bread and pasta            </a>
            <i class="fa fa-angle-right" aria-hidden="true"></i>
            <ul class="sub-menu">
                <li>
                    <a class="estDynamic" href="../bread-and-pasta/crackers.html">Crackers</a>
                </li>
                <li>
                    <a class="estDynamic" href="../bread-and-pasta/rusks.html">Rusks</a>
                </li>
                <li>
                    <a class="estDynamic" href="../bread-and-pasta/white-bread.html">White bread</a>
                </li>
                <li>
                    <a class="estDynamic" href="../bread-and-pasta/local-bread.html">Local bread</a>
                </li>
                <li>
                    <a class="estDynamic" href="../bread-and-pasta/soft-bread.html">Soft bread</a>
                </li>
                <li>
                    <a class="estDynamic" href="../bread-and-pasta/sardinian-bread.html">Sardinian bread</a>
                </li>
                <li>
                    <a class="estDynamic" href="../bread-and-pasta/bakery.html">Bakery</a>
                </li>
                <li>
                    <a class="estDynamic" href="../bread-and-pasta/pasta.html">Pasta</a>
                </li>
                <li>
                    <a class="estDynamic" href="../bread-and-pasta/fresh-pasta.html">Fresh pasta</a>
                </li>
            </ul>
        </li>
        <li>
            <a class="estDynamic" href="../meat.html">
                <img src="../../cdn.spesati.com/images/menu/meat.png"/>
                Meat            </a>
            <i class="fa fa-angle-right" aria-hidden="true"></i>
            <ul class="sub-menu">
                <li>
                    <a class="estDynamic" href="../meat/beef.html">Beef</a>
                </li>
                <li>
                    <a class="estDynamic" href="../meat/goat.html">Goat</a>
                </li>
                <li>
                    <a class="estDynamic" href="../meat/packaged-meat.html">Packaged meat</a>
                </li>
                <li>
                    <a class="estDynamic" href="../meat/rabbit.html">Rabbit</a>
                </li>
                <li>
                    <a class="estDynamic" href="../meat/horse.html">Horse</a>
                </li>
                <li>
                    <a class="estDynamic" href="../meat/pork.html">Pork</a>
                </li>
                <li>
                    <a class="estDynamic" href="../meat/lamb.html">Lamb</a>
                </li>
                <li>
                    <a class="estDynamic" href="../meat/poultry.html">Poultry</a>
                </li>
            </ul>
        </li>
        <li>
            <a class="estDynamic" href="../fish.html">
                <img src="../../cdn.spesati.com/images/menu/fish.png"/>
                Fish            </a>
            <i class="fa fa-angle-right" aria-hidden="true"></i>
            <ul class="sub-menu">
                <li>
                    <a class="estDynamic" href="../fish/fresh-water.html">Fresh water</a>
                </li>
                <li>
                    <a class="estDynamic" href="../fish/salt-water.html">Salt water</a>
                </li>
                <li>
                    <a class="estDynamic" href="../fish/mussels.html">Mussels</a>
                </li>
                <li>
                    <a class="estDynamic" href="../fish/dried-and-salted.html">Dried and salted</a>
                </li>
                <li>
                    <a class="estDynamic" href="../fish/seafood-salad.html">Seafood salad</a>
                </li>
                <li>
                    <a class="estDynamic" href="../fish/prepared.html">Prepared</a>
                </li>
                <li>
                    <a class="estDynamic" href="../fish/specialty.html">Specialty</a>
                </li>   
                <li>
                    <a class="estDynamic" href="../fish/tuna-and-salmon.html">Tuna and salmon</a>
                </li>
            </ul>
        </li>
        <li>
            <a class="estDynamic" href="../wine-beer-and-spirits.html">
                <img src="../../cdn.spesati.com/images/menu/alcohol.png"/>
                Wine beer and spirits            </a>
            <i class="fa fa-angle-right" aria-hidden="true"></i>
            <ul class="sub-menu">
                <li>
                    <a class="estDynamic" href="spirits-and-liquors.html">Alcohol</a>
                </li>
                <li>
                    <a class="estDynamic" href="bitters.html">Bitters</a>
                </li>
                <li>
                    <a class="estDynamic" href="aperatif.html">Aperatifs</a>
                </li>
                <li>
                    <a class="estDynamic" href="beer.html">Beer</a>
                </li>
                <li>
                    <a class="estDynamic" href="creams.html">Creams</a>
                </li>
                <li>
                    <a class="estDynamic" href="spirits.html">Spirits</a>
                </li>
                <li>
                    <a class="estDynamic" href="liquors.html">Liquors</a>
                </li>
                <li>
                    <a class="estDynamic" href="white-wine.html">White wine</a>
                </li>
                <li>
                    <a class="estDynamic" href="prosecco-wine.html">Prosecco wine</a>
                </li>
                <li>
                    <a class="estDynamic" href="rose-wine.html">Rose wine</a>
                </li>
                <li>
                    <a class="estDynamic" href="red-wine.html">Red wine</a>
                </li>
                <li>
                    <a class="estDynamic" href="specialty-wine.html">Special wine</a>
                </li>
                <li>
                    <a class="estDynamic" href="sparkling-wine.html">Sparkling wine</a>
                </li>
                <li>
                    <a class="estDynamic" href="vermentino-wine.html">Vermentino wine</a>
                </li>
            </ul>
        </li>
        <li>
            <a class="estDynamic" href="../water-and-drinks.html">
                <img src="../../cdn.spesati.com/images/menu/water-and-drinks.png"/>
                Water and drinks            </a>
            <i class="fa fa-angle-right" aria-hidden="true"></i>
            <ul class="sub-menu">
                <li>
                    <a class="estDynamic" href="../water-and-drinks/san-martino.html">San Martino</a>
                </li>
                <li>
                    <a class="estDynamic" href="../water-and-drinks/water.html">Water</a>
                </li>
                <li>
                    <a class="estDynamic" href="../water-and-drinks/alpro.html">Alpro</a>
                </li>
                <li>
                    <a class="estDynamic" href="../water-and-drinks/fizzy-drinks.html">Fizzy drinks</a>
                </li>
                <li>
                    <a class="estDynamic" href="../water-and-drinks/coca-cola.html">Coca-Cola</a>
                </li>
                <li>
                    <a class="estDynamic" href="../water-and-drinks/energy-drink.html">Energy drink</a>
                </li>
                <li>
                    <a class="estDynamic" href="../water-and-drinks/syrups.html">Syrups</a>
                </li>
                <li>
                    <a class="estDynamic" href="../water-and-drinks/supplements.html">Supplements</a>
                </li>
                <li>
                    <a class="estDynamic" href="../water-and-drinks/instant-drinks.html">Instant drinks</a>
                </li>
                <li>
                    <a class="estDynamic" href="../water-and-drinks/juice.html">Juice</a>
                </li>
                <li>
                    <a class="estDynamic" href="../water-and-drinks/tea.html">Tea</a>
                </li>
            </ul>
        </li>
        <li>
            <a class="estDynamic" href="../sweets.html">
                <img src="../../cdn.spesati.com/images/menu/sweets.png"/>
                Sweets            </a>
            <i class="fa fa-angle-right" aria-hidden="true"></i>
            <ul class="sub-menu">
                <li>
                    <a class="estDynamic" href="../sweets/bars-and-snacks.html">Bars and snacks</a>
                </li>
                <li>
                    <a class="estDynamic" href="../sweets/biscuits.html">Biscuits</a>
                </li>
                <li>
                    <a class="estDynamic" href="../sweets/brioches.html">Brioches</a>
                </li>
                <li>
                    <a class="estDynamic" href="../sweets/candy-and-chewing-gum.html">Candy and chewing gum</a>
                </li>
                <li>
                    <a class="estDynamic" href="../sweets/cereals.html">Cereals</a>
                </li>
                <li>
                    <a class="estDynamic" href="../sweets/chocolate.html">Chocolate</a>
                </li>
                <li>
                    <a class="estDynamic" href="../sweets/spreadable-creams.html">Spreads</a>
                </li>
                <li>
                    <a class="estDynamic" href="../sweets/dessert-toppings.html">Dessert toppings</a>
                </li>
                <li>
                    <a class="estDynamic" href="../sweets/jam.html">Jam</a>
                </li>
                <li>
                    <a class="estDynamic" href="../sweets/honey.html">Honey</a>
                </li>
                <li>
                    <a class="estDynamic" href="../sweets/panettoni-and-pandoro.html">Panettone and pandoro</a>
                </li>
                <li>
                    <a class="estDynamic" href="../sweets/pastry.html">Pastry</a>
                </li>
                <li>
                    <a class="estDynamic" href="../sweets/instant-dessert.html">Prepared</a>
                </li>
                <li>
                    <a class="estDynamic" href="../sweets/cakes-and-pies.html">Cakes and pies</a>
                </li>
                <li>
                    <a class="estDynamic" href="../sweets/easter-eggs-and-doves.html">Easter eggs and doves</a>
                </li>
            </ul>
        </li>
        <li>
            <a class="estDynamic" href="../shelf.html">
                <img src="../../cdn.spesati.com/images/menu/shelf.png"/>
                Cupboard            </a>
            <i class="fa fa-angle-right" aria-hidden="true"></i>
            <ul class="sub-menu">
                <li>
                    <a class="estDynamic" href="../shelf/coffee.html">Coffee</a>
                </li>
                <li>
                    <a class="estDynamic" href="../shelf/gift-baskets.html">Gift baskets</a>
                </li>
                <li>
                    <a class="estDynamic" href="../shelf/stock-cubes.html">Nuts and preparations</a>
                </li>
                <li>
                    <a class="estDynamic" href="../shelf/flour-and-baking.html">Flour and baking</a>
                </li>
                <li>
                    <a class="estDynamic" href="../shelf/milk.html">Milk</a>
                </li>
                <li>
                    <a class="estDynamic" href="../shelf/oil-salt-vinegar.html">Oil, vinegar and salt</a>
                </li>
                <li>
                    <a class="estDynamic" href="../shelf/cream-and-bechamel.html">Cream and bechamel</a>
                </li>
                <li>
                    <a class="estDynamic" href="../shelf/crisps-and-pretzels.html">Crisps and pretzels</a>
                </li>
                <li>
                    <a class="estDynamic" href="../shelf/baby-and-infants-products.html">Early childhood products</a>
                </li>
                <li>
                    <a class="estDynamic" href="../shelf/rice.html">Rice</a>
                </li>
                <li>
                    <a class="estDynamic" href="../shelf/tins-and-preserves.html">Tins and Preserves</a>
                </li>
                <li>
                    <a class="estDynamic" href="../shelf/spices.html">Spices</a>
                </li>
                <li>
                    <a class="estDynamic" href="../shelf/sauces.html">Sauces</a>
                </li>
                <li>
                    <a class="estDynamic" href="../shelf/tea-and-infusions.html">Tea and infusions</a>
                </li>
                <li>
                    <a class="estDynamic" href="../shelf/eggs.html">Eggs</a>
                </li>
                <li>
                    <a class="estDynamic" href="../shelf/sugar-and-sweeteners.html">Sugar and sweeteners</a>
                </li>
            </ul>
        </li>
        <li>
            <a class="estDynamic" href="../personal-care.html">
                <img src="../../cdn.spesati.com/images/menu/personal-care.png"/>
                Personal care            </a>
            <i class="fa fa-angle-right" aria-hidden="true"></i>
            <ul class="sub-menu">
                <li>
                    <a class="estDynamic" href="../personal-care/accessories-and-cotton.html">Accessories and cotton</a>
                </li>
                <li>
                    <a class="estDynamic" href="../personal-care/feminine-care-incontinence-and-baby-diapers.html">Feminine incontinence and diapers</a>
                </li>
                <li>
                    <a class="estDynamic" href="../personal-care/shower-gel.html">Shower gel</a>
                </li>
                <li>
                    <a class="estDynamic" href="../personal-care/creams.html">Creams</a>
                </li>
                <li>
                    <a class="estDynamic" href="../personal-care/deodorant.html">Deodorant</a>
                </li>
                <li>
                    <a class="estDynamic" href="../personal-care/hair-removal.html">Hair removal</a>
                </li>
                <li>
                    <a class="estDynamic" href="../personal-care/disinfectants.html">Disinfectants</a>
                </li>
                <li>
                    <a class="estDynamic" href="../personal-care/oral-hygiene.html">Oral hygiene</a>
                </li>
                <li>
                    <a class="estDynamic" href="../personal-care/supplements-and-multivitamins.html">Supplements and multivitamins</a>
                </li>
                <li>
                    <a class="estDynamic" href="../personal-care/first-aid.html">First aid label</a>
                </li>
                <li>
                    <a class="estDynamic" href="../personal-care/beard-products.html">Beard products</a>
                </li>
                <li>
                    <a class="estDynamic" href="../personal-care/hairs-products.html">Hair products</a>
                </li>
                <li>
                    <a class="estDynamic" href="../personal-care/perfume.html">Perfumes</a>
                </li>
                <li>
                    <a class="estDynamic" href="../personal-care/wipes.html">Wipes</a>
                </li>
                <li>
                    <a class="estDynamic" href="../personal-care/soaps-and-body-wash.html">Soaps and body wash</a>
                </li>
                <li>
                    <a class="estDynamic" href="../personal-care/shampoo-and-conditioner.html">Shampoo and conditioner</a>
                </li>
            </ul>
        </li>
        <li>
            <a class="estDynamic" href="../household-and-outdoors.html">
                <img src="../../cdn.spesati.com/images/menu/pellet-and-home.png"/>
                Home and outdoors 
            </a>
            <i class="fa fa-angle-right" aria-hidden="true"></i>
            <ul class="sub-menu">
                <li>
                    <a class="estDynamic" href="../household-and-outdoors/distilled-water.html">Distilled water</a>
                </li>
                <li>
                    <a class="estDynamic" href="../household-and-outdoors/car-products.html">Cars</a>
                </li>
                <li>
                    <a class="estDynamic" href="../household-and-outdoors/bin-bags-and-buckets.html">Bin bags and buckets</a>
                </li>
                <li>
                    <a class="estDynamic" href="../household-and-outdoors/bleach-and-stain-removers.html">Bleach and stain removers</a>
                </li>
                <li>
                    <a class="estDynamic" href="../household-and-outdoors/candles.html">Candles</a>
                </li>
                <li>
                    <a class="estDynamic" href="../household-and-outdoors/kitchen-roll.html">Kitchen roll</a>
                </li>
                <li>
                    <a class="estDynamic" href="../household-and-outdoors/air-fresheners.html">Air fresheners</a>
                </li>
                <li>
                    <a class="estDynamic" href="../household-and-outdoors/laundry-accessories-and-detergent.html">Laundry detergent</a>
                </li>
                <li>
                    <a class="estDynamic" href="../household-and-outdoors/dishwasher-and-washing-up.html">Dishwasher and washing up</a>
                </li>
                <li>
                    <a class="estDynamic" href="../household-and-outdoors/gardening.html">Gardening</a>
                </li>
                <li>
                    <a class="estDynamic" href="../household-and-outdoors/light-bulbs-and-batteries.html">Lightbulbs and batteries</a>
                </li>
                <li>
                    <a class="estDynamic" href="../household-and-outdoors/pellet-and-bbq.html">Pellet and BBQ</a>
                </li>
                <li>
                    <a class="estDynamic" href="../household-and-outdoors/bathroom-products.html">Bathroom products</a>
                </li>
                <li>
                    <a class="estDynamic" href="../household-and-outdoors/home-and-furniture-products.html">Home and furniture products</a>
                </li>
                <li>
                    <a class="estDynamic" href="../household-and-outdoors/kitchen-products.html">Kitchen products</a>
                </li>
                <li>
                    <a class="estDynamic" href="../household-and-outdoors/window-and-floor-cleaners.html">Window and floor cleaner</a>
                </li>
                <li>
                    <a class="estDynamic" href="../household-and-outdoors/repellents.html">Repellents</a>
                </li>
                <li>
                    <a class="estDynamic" href="../household-and-outdoors/disposable-tableware.html">Disposable tableware</a>
                </li>
            </ul>
        </li>
        <li>
            <a class="estDynamic" href="../pet.html">
                <img src="../../cdn.spesati.com/images/menu/animals.png"/>
                Pets            </a>
            <i class="fa fa-angle-right" aria-hidden="true"></i>
            <ul class="sub-menu">
                <li>
                    <a class="estDynamic" href="../pets/pet-food-other-animals.html">Other animals pet food</a>
                </li>
                <li>
                    <a class="estDynamic" href="../pets/pet-food-dogs.html">Pet food dogs</a>
                </li>
                <li>
                    <a class="estDynamic" href="../pets/pet-food-cats.html">Pet food cats</a>
                </li>
                <li>
                    <a class="estDynamic" href="../pets/hygiene-and-cleaning.html">Hygiene and cleaning</a>
                </li>
            </ul>
        </li>
        <li>
            <a class="estDynamic" href="../technology.html">
                <img src="../../cdn.spesati.com/images/menu/technology.png"/>
                Technology            </a>
            <i class="fa fa-angle-right" aria-hidden="true"></i>
            <ul class="sub-menu">
                <li>
                    <a class="estDynamic" href="../technology/accessories.html">Accessories</a>
                </li>
                <li>
                    <a class="estDynamic" href="../technology/computer.html">Computer</a>
                </li>
                <li>
                    <a class="estDynamic" href="../technology/telephones.html">Telephones</a>
                </li>
                <li>
                    <a class="estDynamic" href="../technology/tv.html">TV</a>
                </li>
            </ul>
        </li>
        <li>
            <a class="estDynamic" href="../gluten-free.html">
                <img src="../../cdn.spesati.com/images/menu/gluten-free.png"/>
                Gluten free            </a>
            <i class="fa fa-angle-right" aria-hidden="true"></i>
            <ul class="sub-menu">
                <li>
                    <a class="estDynamic" href="../gluten-free/frozen-foods.html">Frozen foods</a>
                </li>
                <li>
                    <a class="estDynamic" href="../gluten-free/beer.html">Beer</a>
                </li>
                <li>
                    <a class="estDynamic" href="../gluten-free/sweets.html">Sweets</a>
                </li>
                <li>
                    <a class="estDynamic" href="../gluten-free/bread-and-pasta.html">Bread and pasta</a>
                </li>
                <li>
                    <a class="estDynamic" href="../gluten-free/shelf.html">Cupboard</a>
                </li>
            </ul>
        </li>
        <li>
            <a class="estDynamic" href="../lactose-free.html">
                <img src="../../cdn.spesati.com/images/menu/lactose-free.png"/>
                Lactose free            </a>
            <i class="fa fa-angle-right" aria-hidden="true"></i>
            <ul class="sub-menu">
                <li>
                    <a class="estDynamic" href="../lactose-free/frozen-foods.html">Frozen foods</a>
                </li>
                <li>
                    <a class="estDynamic" href="../lactose-free/sweets.html">Sweets</a>
                </li>
                <li>
                    <a class="estDynamic" href="../lactose-free/dairy-product.html">Dairy product</a>
                </li>
                <li>
                    <a class="estDynamic" href="../lactose-free/shelf.html">Cupboard</a>
                </li>
            </ul>
        </li>
        <li>
            <a class="estDynamic" href="../special.html">
                <img src="../../cdn.spesati.com/images/menu/special.png"/>
                Special            </a>
            <i class="fa fa-angle-right" aria-hidden="true"></i>
            <ul class="sub-menu">
                <li>
                    <a class="estDynamic" href="../special/alpro.html">Alpro</a>
                </li>
                <li>
                    <a class="estDynamic" href="../special/organic.html">Biological</a>
                </li>
                <li>
                    <a class="estDynamic" href="../special/meat.html">Meat</a>
                </li>
                <li>
                    <a class="estDynamic" href="../special/wholegrain.html">Wholegrain</a>
                </li>
                <li>
                    <a class="estDynamic" href="../special/bread-and-pasta.html">Bread and pasta</a>
                </li>
                <li>
                    <a class="estDynamic" href="../special/vegan.html">Vegan</a>
                </li>
            </ul>
        </li>
        <li>
            <a class="estDynamic" href="../sardinian-products.html">
                <img src="../../cdn.spesati.com/images/menu/sardinian-products.png"/>
                Sardinian products            </a>
            <i class="fa fa-angle-right" aria-hidden="true"></i>
            <ul class="sub-menu">
                <li>
                    <a class="estDynamic" href="../sardinian-products/drinks.html">Drinks</a>
                </li>
                <li>
                    <a class="estDynamic" href="../sardinian-products/meat.html">Meat</a>
                </li>
                <li>
                    <a class="estDynamic" href="../sardinian-products/sweets.html">Sweets</a>
                </li>
                <li>
                    <a class="estDynamic" href="../sardinian-products/fruit-and-vegetables.html">Fruit and vegetables</a>
                </li>
                <li>
                    <a class="estDynamic" href="../sardinian-products/ichnusa.html">Ichnusa</a>
                </li>
                <li>
                    <a class="estDynamic" href="../sardinian-products/dairy-product.html">Dairy product</a>
                </li>
                <li>
                    <a class="estDynamic" href="../sardinian-products/bread-and-pasta.html">Bread and pasta</a>
                </li>
                <li>
                    <a class="estDynamic" href="../sardinian-products/fish.html">Fish</a>
                </li>
                <li>
                    <a class="estDynamic" href="../sardinian-products/cured-meat.html">Cured meat</a>
                </li>
                <li>
                    <a class="estDynamic" href="../sardinian-products/shelf.html">Cupboard</a>
                </li>
                <li>
                    <a class="estDynamic" href="../sardinian-products/vermentino-wine.html">Vermentino wine</a>
                </li>
                <li>
                    <a class="estDynamic" href="../sardinian-products/wine-beer-and-spirits.html">Wine beer and spirits</a>
                </li>
            </ul>
        </li>
    </ul>
</div>    <div class="colRight">
        <div class="title mobile">
	<a href="../wine-beer-and-spirits.html"><i class="fa red fa-angle-left fa-3x mobile" aria-hidden="true"></i></a>
	<h2>
		<b>
			red wine		</b>
	</h2>
</div>

<div class="breadcrumb bgGrey internal">
	<p>
		<b>
			<a href="../index.html">Home</a>
												&gt; <a href="../wine-beer-and-spirits.html">Wine beer and spirits</a>
																&gt; Red wine									</b>
	</p>
	<div>
		<p>Order by</p>
		<select name="orderProd" id="orderProd">
			<option disabled="disabled" selected="selected">- Choose -</option>
			<option value="nameAsc">Name (A - Z)</option>
			<option value="nameDes">Name (Z - A)</option>
			<option value="priceHigh">Price - High to low</option>
			<option value="priceLow">Price - Low to high</option>
			<option value="soldAsc">Best Selling</option>
			<option value="available">Availability</option>
		</select>
	</div>
</div>
        <div class="containerProduct">
            <script type='text/javascript'>var track = '{"event":"ViewContent", "type":"category", "id":"Vino", "subids":["Rosso"], "url":"https://www.spesati.com/wine-beer-and-spirits/red-wine"}';</script>
<script>
gtag('event', 'select_content', {content_type: 'category', item_id: 'Vino'});gtag('event', 'select_content', {content_type: 'category', item_id: 'Rosso'});
</script>
<div class="left product prod1"
        data-name="Vino Monica Mogoro Colle Moresco"
        data-price="5.99"
        data-id="3536"
        data-available="yes"
        data-category="421"
        data-bestselling="">
    <a href="../vino-monica-mogoro-colle-moresco.html">
        <div style="background-image: url('../../cdn.spesati.com/images/products/995901/vino-monica-mogoro.jpg')">
            <div class="hover"></div>
            
            <div class="stickers"><img class="left" src="../../cdn.spesati.com/images/layout/sardinian.png" /></div>
        </div>
    </a>
    <div>
        <h4><a href="../vino-monica-mogoro-colle-moresco.html"><b>Vino Monica Mogoro Colle Moresco</b></a></h4>
        <p class="description">0.75 Lt</p>
        <p class="right price"><b>5.99 €</b></p>
        <p class="right unitPrice">7.99 € per litre</p>
    </div>
    <div class="contButton">
    <a class="button bgRed white addToCart" href="#">Add</a>
</div>
</div><div class="left product prod2"
        data-name="Vino Cannonau Puddu Nepente"
        data-price="10.29"
        data-id="3520"
        data-available="yes"
        data-category="421"
        data-bestselling="">
    <a href="../vino-cannonau-puddu-nepente.html">
        <div style="background-image: url('../../cdn.spesati.com/images/products/7896401/vino-cannonau-puddu.jpg')">
            <div class="hover"></div>
            
            <div class="stickers"><img class="left" src="../../cdn.spesati.com/images/layout/sardinian.png" /></div>
        </div>
    </a>
    <div>
        <h4><a href="../vino-cannonau-puddu-nepente.html"><b>Vino Cannonau Puddu Nepente</b></a></h4>
        <p class="description">0.75 Lt</p>
        <p class="right price"><b>10.29 €</b></p>
        <p class="right unitPrice">13.73 € per litre</p>
    </div>
    <div class="contButton">
    <a class="button bgRed white addToCart" href="#">Add</a>
</div>
</div><div class="left product prod3"
        data-name="Vino Mogoro Bovale Rosso"
        data-price="8.49"
        data-id="3534"
        data-available="yes"
        data-category="421"
        data-bestselling="">
    <a href="../vino-mogoro-bovale-rosso.html">
        <div style="background-image: url('../../cdn.spesati.com/images/products/6940301/vino-mogoro-bovale.jpg')">
            <div class="hover"></div>
            
            <div class="stickers"><img class="left" src="../../cdn.spesati.com/images/layout/sardinian.png" /></div>
        </div>
    </a>
    <div>
        <h4><a href="../vino-mogoro-bovale-rosso.html"><b>Vino Mogoro Bovale Rosso</b></a></h4>
        <p class="description">0.75 Lt</p>
        <p class="right price"><b>8.49 €</b></p>
        <p class="right unitPrice">11.32 € per litre</p>
    </div>
    <div class="contButton">
    <a class="button bgRed white addToCart" href="#">Add</a>
</div>
</div><div class="left product prod4"
        data-name="Vino Contini Inu Cannonau Riserva"
        data-price="12.63"
        data-id="4281"
        data-available="yes"
        data-category="421"
        data-bestselling="">
    <a href="../vino-contini-inu-cannonau-riserva.html">
        <div style="background-image: url('../../cdn.spesati.com/images/products/57337101/vino-contini-inu-01.jpg')">
            <div class="hover"></div>
            
            <div class="stickers"><img class="left" src="../../cdn.spesati.com/images/layout/sardinian.png" /></div>
        </div>
    </a>
    <div>
        <h4><a href="../vino-contini-inu-cannonau-riserva.html"><b>Vino Contini Inu Cannonau Riserva</b></a></h4>
        <p class="description">0.75 Lt</p>
        <p class="right price"><b>12.63 €</b></p>
        <p class="right unitPrice">16.84 € per litre</p>
    </div>
    <div class="contButton">
    <a class="button bgRed white addToCart" href="#">Add</a>
</div>
</div><div class="left product prod5"
        data-name="Vino La Palma Monica"
        data-price="6.99"
        data-id="3529"
        data-available="yes"
        data-category="421"
        data-bestselling="1">
    <a href="../vino-la-palma-monica.html">
        <div style="background-image: url('../../cdn.spesati.com/images/products/528701/vino-la-palma.jpg')">
            <div class="hover"></div>
            <p class="arrow bgRed white">Best Seller</p>
            <div class="stickers"><img class="left" src="../../cdn.spesati.com/images/layout/sardinian.png" /></div>
        </div>
    </a>
    <div>
        <h4><a href="../vino-la-palma-monica.html"><b>Vino La Palma Monica</b></a></h4>
        <p class="description">0.75 Lt</p>
        <p class="right price"><b>6.99 €</b></p>
        <p class="right unitPrice">9.32 € per litre</p>
    </div>
    <div class="contButton">
    <a class="button bgRed white addToCart" href="#">Add</a>
</div>
</div><div class="left product prod6"
        data-name="Vino La Palma Cannonau Le Bombarde"
        data-price="4.99"
        data-id="3528"
        data-available="yes"
        data-category="421"
        data-bestselling="8">
    <a href="../vino-la-palma-cannonau-le-bombarde.html">
        <div style="background-image: url('../../cdn.spesati.com/images/products/49381301/vino-la-palma.jpg')">
            <div class="hover"></div>
            <p class="arrow bgRed white">Offer</p>
            <div class="stickers"><img class="left" src="../../cdn.spesati.com/images/layout/sardinian.png" /></div>
        </div>
    </a>
    <div>
        <h4><a href="../vino-la-palma-cannonau-le-bombarde.html"><b>Vino La Palma Cannonau Le Bombarde</b></a></h4>
        <p class="description">0.75 Lt</p>
        <p class="left offer red">7.49 €</p>
<p class="right price"><b>4.99 €</b></p>
        <p class="right unitPrice">6.65 € per litre</p>
    </div>
    <div class="contButton">
    <a class="button bgRed white addToCart" href="#">Add</a>
</div>
</div><div class="left product prod7"
        data-name="Vino Terre Brune Santadi"
        data-price="42.90"
        data-id="3554"
        data-available="yes"
        data-category="421"
        data-bestselling="">
    <a href="../vino-terre-brune-santadi.html">
        <div style="background-image: url('../../cdn.spesati.com/images/products/49281201/terre-brune-santadi-01.jpg')">
            <div class="hover"></div>
            
            <div class="stickers"><img class="left" src="../../cdn.spesati.com/images/layout/sardinian.png" /></div>
        </div>
    </a>
    <div>
        <h4><a href="../vino-terre-brune-santadi.html"><b>Vino Terre Brune Santadi</b></a></h4>
        <p class="description">0.75 Lt</p>
        <p class="right price"><b>42.90 €</b></p>
        <p class="right unitPrice">57.21 € per litre</p>
    </div>
    <div class="contButton">
    <a class="button bgRed white addToCart" href="#">Add</a>
</div>
</div><div class="left product prod8"
        data-name="Vino Rosso Rocca Rubia Santadi"
        data-price="16.99"
        data-id="3545"
        data-available="yes"
        data-category="421"
        data-bestselling="">
    <a href="../vino-rosso-rocca-rubia-santadi.html">
        <div style="background-image: url('../../cdn.spesati.com/images/products/49281001/vino-rosso-rocca.jpg')">
            <div class="hover"></div>
            
            <div class="stickers"><img class="left" src="../../cdn.spesati.com/images/layout/sardinian.png" /></div>
        </div>
    </a>
    <div>
        <h4><a href="../vino-rosso-rocca-rubia-santadi.html"><b>Vino Rosso Rocca Rubia Santadi</b></a></h4>
        <p class="description">0.75 Lt</p>
        <p class="right price"><b>16.99 €</b></p>
        <p class="right unitPrice">22.66 € per litre</p>
    </div>
    <div class="contButton">
    <a class="button bgRed white addToCart" href="#">Add</a>
</div>
</div><div class="left product prod9"
        data-name="Vino Rosso Korem Argiolas"
        data-price="29.90"
        data-id="3543"
        data-available="yes"
        data-category="421"
        data-bestselling="">
    <a href="../vino-rosso-korem-argiolas.html">
        <div style="background-image: url('../../cdn.spesati.com/images/products/48939101/vino-rosso-korem.jpg')">
            <div class="hover"></div>
            
            <div class="stickers"><img class="left" src="../../cdn.spesati.com/images/layout/sardinian.png" /></div>
        </div>
    </a>
    <div>
        <h4><a href="../vino-rosso-korem-argiolas.html"><b>Vino Rosso Korem Argiolas</b></a></h4>
        <p class="description">0.75 Lt</p>
        <p class="right price"><b>29.90 €</b></p>
        <p class="right unitPrice">39.87 € per litre</p>
    </div>
    <div class="contButton">
    <a class="button bgRed white addToCart" href="#">Add</a>
</div>
</div><div class="left product prod10"
        data-name="Vino Turriga Argiolas"
        data-price="89.00"
        data-id="3562"
        data-available="yes"
        data-category="421"
        data-bestselling="">
    <a href="../vino-turriga-argiolas.html">
        <div style="background-image: url('../../cdn.spesati.com/images/products/48939001/vino-turriga-argiolas.jpg')">
            <div class="hover"></div>
            
            <div class="stickers"><img class="left" src="../../cdn.spesati.com/images/layout/sardinian.png" /></div>
        </div>
    </a>
    <div>
        <h4><a href="../vino-turriga-argiolas.html"><b>Vino Turriga Argiolas</b></a></h4>
        <p class="description">0.75 Lt</p>
        <p class="right price"><b>89.00 €</b></p>
        <p class="right unitPrice">118.67 € per litre</p>
    </div>
    <div class="contButton">
    <a class="button bgRed white addToCart" href="#">Add</a>
</div>
</div><div class="left product prod11"
        data-name="Vino Cannonau Nepente di Oliena Doc"
        data-price="9.99"
        data-id="4228"
        data-available="yes"
        data-category="421"
        data-bestselling="">
    <a href="../vino-cannonau-nepente-di-oliena-doc.html">
        <div style="background-image: url('../../cdn.spesati.com/images/products/48938801/vino-cannonau-nepente-01.jpg')">
            <div class="hover"></div>
            
            <div class="stickers"><img class="left" src="../../cdn.spesati.com/images/layout/sardinian.png" /></div>
        </div>
    </a>
    <div>
        <h4><a href="../vino-cannonau-nepente-di-oliena-doc.html"><b>Vino Cannonau Nepente di Oliena Doc</b></a></h4>
        <p class="description">0.75 Lt</p>
        <p class="right price"><b>9.99 €</b></p>
        <p class="right unitPrice">13.32 € per litre</p>
    </div>
    <div class="contButton">
    <a class="button bgRed white addToCart" href="#">Add</a>
</div>
</div><div class="left product prod12"
        data-name="Vino Assajè Capichera"
        data-price="36.90"
        data-id="3511"
        data-available="yes"
        data-category="421"
        data-bestselling="">
    <a href="../vino-assaje-capichera.html">
        <div style="background-image: url('../../cdn.spesati.com/images/products/48938501/vino-assaj-capichera.jpg')">
            <div class="hover"></div>
            
            <div class="stickers"><img class="left" src="../../cdn.spesati.com/images/layout/sardinian.png" /></div>
        </div>
    </a>
    <div>
        <h4><a href="../vino-assaje-capichera.html"><b>Vino Assajè Capichera</b></a></h4>
        <p class="description">0.75 Lt</p>
        <p class="right price"><b>36.90 €</b></p>
        <p class="right unitPrice">49.20 € per litre</p>
    </div>
    <div class="contButton">
    <a class="button bgRed white addToCart" href="#">Add</a>
</div>
</div><div class="left product prod13"
        data-name="Vino Jerzu Rosso Amabile"
        data-price="6.49"
        data-id="3527"
        data-available="yes"
        data-category="421"
        data-bestselling="">
    <a href="../vino-jerzu-rosso-amabile.html">
        <div style="background-image: url('../../cdn.spesati.com/images/products/48793401/vino-jerzu-rosso.jpg')">
            <div class="hover"></div>
            
            <div class="stickers"><img class="left" src="../../cdn.spesati.com/images/layout/sardinian.png" /></div>
        </div>
    </a>
    <div>
        <h4><a href="../vino-jerzu-rosso-amabile.html"><b>Vino Jerzu Rosso Amabile</b></a></h4>
        <p class="description">2 Lt</p>
        <p class="right price"><b>6.49 €</b></p>
        <p class="right unitPrice">3.25 € per litre</p>
    </div>
    <div class="contButton">
    <a class="button bgRed white addToCart" href="#">Add</a>
</div>
</div><div class="left product prod14"
        data-name="Vino Sincaru Surrau"
        data-price="15.99"
        data-id="3550"
        data-available="yes"
        data-category="421"
        data-bestselling="">
    <a href="../vino-sincaru-surrau.html">
        <div style="background-image: url('../../cdn.spesati.com/images/products/3790501/vino-sincaru-surrau.jpg')">
            <div class="hover"></div>
            
            <div class="stickers"><img class="left" src="../../cdn.spesati.com/images/layout/sardinian.png" /></div>
        </div>
    </a>
    <div>
        <h4><a href="../vino-sincaru-surrau.html"><b>Vino Sincaru Surrau</b></a></h4>
        <p class="description">0.75 Lt</p>
        <p class="right price"><b>15.99 €</b></p>
        <p class="right unitPrice">21.33 € per litre</p>
    </div>
    <div class="contButton">
    <a class="button bgRed white addToCart" href="#">Add</a>
</div>
</div><div class="left product prod15"
        data-name="Vino Trexenta Segolaj Rosso Amabile"
        data-price="3.49"
        data-id="3498"
        data-available="yes"
        data-category="421"
        data-bestselling="">
    <a href="../vino-trexenta-segolaj-rosso-amabile.html">
        <div style="background-image: url('../../cdn.spesati.com/images/products/2565804/vino-trexenta-segolaj.jpg')">
            <div class="hover"></div>
            
            <div class="stickers"><img class="left" src="../../cdn.spesati.com/images/layout/sardinian.png" /></div>
        </div>
    </a>
    <div>
        <h4><a href="../vino-trexenta-segolaj-rosso-amabile.html"><b>Vino Trexenta Segolaj Rosso Amabile</b></a></h4>
        <p class="description">0.75 Lt</p>
        <p class="right price"><b>3.49 €</b></p>
        <p class="right unitPrice">4.65 € per litre</p>
    </div>
    <div class="contButton">
    <a class="button bgRed white addToCart" href="#">Add</a>
</div>
</div><div class="left product prod16"
        data-name="Vino Trexenta Segolaj Rosso"
        data-price="3.49"
        data-id="3559"
        data-available="yes"
        data-category="421"
        data-bestselling="1">
    <a href="../vino-trexenta-segolaj-rosso.html">
        <div style="background-image: url('../../cdn.spesati.com/images/products/2565803/vino-trexenta-segolaj.jpg')">
            <div class="hover"></div>
            <p class="arrow bgRed white">Best Seller</p>
            <div class="stickers"><img class="left" src="../../cdn.spesati.com/images/layout/sardinian.png" /></div>
        </div>
    </a>
    <div>
        <h4><a href="../vino-trexenta-segolaj-rosso.html"><b>Vino Trexenta Segolaj Rosso</b></a></h4>
        <p class="description">0.75 Lt</p>
        <p class="right price"><b>3.49 €</b></p>
        <p class="right unitPrice">4.65 € per litre</p>
    </div>
    <div class="contButton">
    <a class="button bgRed white addToCart" href="#">Add</a>
</div>
</div><div class="left product prod17"
        data-name="Vino Argiolas Perdera"
        data-price="8.49"
        data-id="3510"
        data-available="yes"
        data-category="421"
        data-bestselling="3">
    <a href="../vino-argiolas-perdera.html">
        <div style="background-image: url('../../cdn.spesati.com/images/products/2565301/vino-argiolas-perdera.jpg')">
            <div class="hover"></div>
            <p class="arrow bgRed white">Best Seller</p>
            <div class="stickers"><img class="left" src="../../cdn.spesati.com/images/layout/sardinian.png" /></div>
        </div>
    </a>
    <div>
        <h4><a href="../vino-argiolas-perdera.html"><b>Vino Argiolas Perdera</b></a></h4>
        <p class="description">0.75 Lt</p>
        <p class="right price"><b>8.49 €</b></p>
        <p class="right unitPrice">11.32 € per litre</p>
    </div>
    <div class="contButton">
    <a class="button bgRed white addToCart" href="#">Add</a>
</div>
</div><div class="left product prod18"
        data-name="Vino Cannonau Argiolas Costera"
        data-price="9.99"
        data-id="3518"
        data-available="yes"
        data-category="421"
        data-bestselling="">
    <a href="../vino-cannonau-argiolas-costera.html">
        <div style="background-image: url('../../cdn.spesati.com/images/products/2565201/vino-cannonau-argiolas.jpg')">
            <div class="hover"></div>
            
            <div class="stickers"><img class="left" src="../../cdn.spesati.com/images/layout/sardinian.png" /></div>
        </div>
    </a>
    <div>
        <h4><a href="../vino-cannonau-argiolas-costera.html"><b>Vino Cannonau Argiolas Costera</b></a></h4>
        <p class="description">0.75 Lt</p>
        <p class="right price"><b>9.99 €</b></p>
        <p class="right unitPrice">13.32 € per litre</p>
    </div>
    <div class="contButton">
    <a class="button bgRed white addToCart" href="#">Add</a>
</div>
</div><div class="left product prod19"
        data-name="Vino Dorgali Cannonau Sardegna Doc 75Cl"
        data-price="7.49"
        data-id="6157"
        data-available="yes"
        data-category="421"
        data-bestselling="">
    <a href="../vino-dorgali-cannonau-sardegna-doc-75cl.html">
        <div style="background-image: url('../../cdn.spesati.com/images/products/2529201/vino-dorgali-cannonau-01.jpg')">
            <div class="hover"></div>
            
            <div class="stickers"><img class="left" src="../../cdn.spesati.com/images/layout/sardinian.png" /></div>
        </div>
    </a>
    <div>
        <h4><a href="../vino-dorgali-cannonau-sardegna-doc-75cl.html"><b>Vino Dorgali Cannonau Sardegna Doc 75Cl</b></a></h4>
        <p class="description">0.75 Lt</p>
        <p class="right price"><b>7.49 €</b></p>
        <p class="right unitPrice">9.99 € per litre</p>
    </div>
    <div class="contButton">
    <a class="button bgRed white addToCart" href="#">Add</a>
</div>
</div><div class="left product prod20"
        data-name="Vino Dolia Monica"
        data-price="4.99"
        data-id="3523"
        data-available="yes"
        data-category="421"
        data-bestselling="">
    <a href="../vino-dolia-monica.html">
        <div style="background-image: url('../../cdn.spesati.com/images/products/2517201/vino-dolia-monica-01.jpg')">
            <div class="hover"></div>
            
            <div class="stickers"><img class="left" src="../../cdn.spesati.com/images/layout/sardinian.png" /></div>
        </div>
    </a>
    <div>
        <h4><a href="../vino-dolia-monica.html"><b>Vino Dolia Monica</b></a></h4>
        <p class="description">0.75 Lt</p>
        <p class="right price"><b>4.99 €</b></p>
        <p class="right unitPrice">6.65 € per litre</p>
    </div>
    <div class="contButton">
    <a class="button bgRed white addToCart" href="#">Add</a>
</div>
</div><div class="left product prod21"
        data-name="Vino Abbaia Rosso Igt 75Cl"
        data-price="5.79"
        data-id="5702"
        data-available="yes"
        data-category="421"
        data-bestselling="">
    <a href="../vino-abbaia-rosso-igt-75cl.html">
        <div style="background-image: url('../../cdn.spesati.com/images/products/2509301/vino-abbaia-rosso-01.jpg')">
            <div class="hover"></div>
            
            <div class="stickers"><img class="left" src="../../cdn.spesati.com/images/layout/sardinian.png" /></div>
        </div>
    </a>
    <div>
        <h4><a href="../vino-abbaia-rosso-igt-75cl.html"><b>Vino Abbaia Rosso Igt 75Cl</b></a></h4>
        <p class="description">0.75 Lt</p>
        <p class="right price"><b>5.79 €</b></p>
        <p class="right unitPrice">7.72 € per litre</p>
    </div>
    <div class="contButton">
    <a class="button bgRed white addToCart" href="#">Add</a>
</div>
</div><div class="left product prod22"
        data-name="Vino Jerzu Rosso"
        data-price="6.49"
        data-id="3526"
        data-available="yes"
        data-category="421"
        data-bestselling="">
    <a href="../vino-jerzu-rosso.html">
        <div style="background-image: url('../../cdn.spesati.com/images/products/2505001/vino-jerzu-rosso.jpg')">
            <div class="hover"></div>
            
            <div class="stickers"><img class="left" src="../../cdn.spesati.com/images/layout/sardinian.png" /></div>
        </div>
    </a>
    <div>
        <h4><a href="../vino-jerzu-rosso.html"><b>Vino Jerzu Rosso</b></a></h4>
        <p class="description">2 Lt</p>
        <p class="right price"><b>6.49 €</b></p>
        <p class="right unitPrice">3.25 € per litre</p>
    </div>
    <div class="contButton">
    <a class="button bgRed white addToCart" href="#">Add</a>
</div>
</div><div class="left product prod23"
        data-name="Vino Contini Tonaghe Cannonau Doc"
        data-price="6.49"
        data-id="3729"
        data-available="yes"
        data-category="421"
        data-bestselling="">
    <a href="../vino-contini-tonaghe-cannonau-doc.html">
        <div style="background-image: url('../../cdn.spesati.com/images/products/2503501/vino-contini-tonaghe-01.jpg')">
            <div class="hover"></div>
            
            <div class="stickers"><img class="left" src="../../cdn.spesati.com/images/layout/sardinian.png" /></div>
        </div>
    </a>
    <div>
        <h4><a href="../vino-contini-tonaghe-cannonau-doc.html"><b>Vino Contini Tonaghe Cannonau Doc</b></a></h4>
        <p class="description">0.75 Lt</p>
        <p class="right price"><b>6.49 €</b></p>
        <p class="right unitPrice">8.65 € per litre</p>
    </div>
    <div class="contButton">
    <a class="button bgRed white addToCart" href="#">Add</a>
</div>
</div><div class="left product prod24"
        data-name="Vino Contini Maluentu Rosso Igt 75Cl"
        data-price="9.69"
        data-id="6031"
        data-available="yes"
        data-category="421"
        data-bestselling="">
    <a href="../vino-contini-maluentu-rosso-igt-75cl.html">
        <div style="background-image: url('../../cdn.spesati.com/images/products/2503401/vino-contini-maluentu-01.jpg')">
            <div class="hover"></div>
            
            <div class="stickers"><img class="left" src="../../cdn.spesati.com/images/layout/sardinian.png" /></div>
        </div>
    </a>
    <div>
        <h4><a href="../vino-contini-maluentu-rosso-igt-75cl.html"><b>Vino Contini Maluentu Rosso Igt 75Cl</b></a></h4>
        <p class="description">0.75 Lt</p>
        <p class="right price"><b>9.69 €</b></p>
        <p class="right unitPrice">12.92 € per litre</p>
    </div>
    <div class="contButton">
    <a class="button bgRed white addToCart" href="#">Add</a>
</div>
</div><div class="left product prod25"
        data-name="Vino Argiolas Perdera 375Cl"
        data-price="5.49"
        data-id="7095"
        data-available="yes"
        data-category="421"
        data-bestselling="">
    <a href="../vino-argiolas-perdera-375cl.html">
        <div style="background-image: url('../../cdn.spesati.com/images/products/209779/vino-argiolas-perdera-01.jpg')">
            <div class="hover"></div>
            
            <div class="stickers"><img class="left" src="../../cdn.spesati.com/images/layout/sardinian.png" /></div>
        </div>
    </a>
    <div>
        <h4><a href="../vino-argiolas-perdera-375cl.html"><b>Vino Argiolas Perdera 375Cl</b></a></h4>
        <p class="description">0.38 Lt</p>
        <p class="right price"><b>5.49 €</b></p>
        <p class="right unitPrice">14.64 € per litre</p>
    </div>
    <div class="contButton">
    <a class="button bgRed white addToCart" href="#">Add</a>
</div>
</div><div class="left product prod26"
        data-name="Vino Argiolas Costera 375Cl"
        data-price="5.69"
        data-id="7096"
        data-available="yes"
        data-category="421"
        data-bestselling="">
    <a href="../vino-argiolas-costera-375cl.html">
        <div style="background-image: url('../../cdn.spesati.com/images/products/209773/vino-argiolas-costera-01.jpg')">
            <div class="hover"></div>
            
            <div class="stickers"><img class="left" src="../../cdn.spesati.com/images/layout/sardinian.png" /></div>
        </div>
    </a>
    <div>
        <h4><a href="../vino-argiolas-costera-375cl.html"><b>Vino Argiolas Costera 375Cl</b></a></h4>
        <p class="description">0.38 Lt</p>
        <p class="right price"><b>5.69 €</b></p>
        <p class="right unitPrice">15.18 € per litre</p>
    </div>
    <div class="contButton">
    <a class="button bgRed white addToCart" href="#">Add</a>
</div>
</div><div class="left product prod27"
        data-name="Vino Contini Sartiglia 75Cl"
        data-price="10.62"
        data-id="6870"
        data-available="yes"
        data-category="421"
        data-bestselling="">
    <a href="../vino-contini-sartiglia-75cl.html">
        <div style="background-image: url('../../cdn.spesati.com/images/products/209583/vino-contini-sartiglia-01.jpg')">
            <div class="hover"></div>
            
            <div class="stickers"><img class="left" src="../../cdn.spesati.com/images/layout/sardinian.png" /></div>
        </div>
    </a>
    <div>
        <h4><a href="../vino-contini-sartiglia-75cl.html"><b>Vino Contini Sartiglia 75Cl</b></a></h4>
        <p class="description">0.75 Lt</p>
        <p class="right price"><b>10.62 €</b></p>
        <p class="right unitPrice">14.16 € per litre</p>
    </div>
    <div class="contButton">
    <a class="button bgRed white addToCart" href="#">Add</a>
</div>
</div><div class="left product prod28"
        data-name="Vino Cherchi Cagnulari"
        data-price="14.90"
        data-id="3659"
        data-available="yes"
        data-category="421"
        data-bestselling="">
    <a href="../vino-cherchi-cagnulari.html">
        <div style="background-image: url('../../cdn.spesati.com/images/products/209480/vino-cherchi-cagnulari-01.jpg')">
            <div class="hover"></div>
            
            <div class="stickers"><img class="left" src="../../cdn.spesati.com/images/layout/sardinian.png" /></div>
        </div>
    </a>
    <div>
        <h4><a href="../vino-cherchi-cagnulari.html"><b>Vino Cherchi Cagnulari</b></a></h4>
        <p class="description">0.75 Lt</p>
        <p class="right price"><b>14.90 €</b></p>
        <p class="right unitPrice">19.86 € per litre</p>
    </div>
    <div class="contButton">
    <a class="button bgRed white addToCart" href="#">Add</a>
</div>
</div><div class="left product prod29"
        data-name="Vino Santadi Rocca Rubia 375 Ml"
        data-price="8.99"
        data-id="5705"
        data-available="yes"
        data-category="421"
        data-bestselling="">
    <a href="../vino-santadi-rocca-rubia-375-ml.html">
        <div style="background-image: url('../../cdn.spesati.com/images/products/209429/vino-santadi-rocca-01.jpg')">
            <div class="hover"></div>
            
            <div class="stickers"><img class="left" src="../../cdn.spesati.com/images/layout/sardinian.png" /></div>
        </div>
    </a>
    <div>
        <h4><a href="../vino-santadi-rocca-rubia-375-ml.html"><b>Vino Santadi Rocca Rubia 375 Ml</b></a></h4>
        <p class="description">0.38 Lt</p>
        <p class="right price"><b>8.99 €</b></p>
        <p class="right unitPrice">23.97 € per litre</p>
    </div>
    <div class="contButton">
    <a class="button bgRed white addToCart" href="#">Add</a>
</div>
</div><div class="left product prod30"
        data-name="Vino Santadi Grotta Rossa Doc 75Cl"
        data-price="7.99"
        data-id="5704"
        data-available="yes"
        data-category="421"
        data-bestselling="2">
    <a href="../vino-santadi-grotta-rossa-doc-75cl.html">
        <div style="background-image: url('../../cdn.spesati.com/images/products/209410/vino-santadi-grotta-01.jpg')">
            <div class="hover"></div>
            <p class="arrow bgRed white">Best Seller</p>
            <div class="stickers"><img class="left" src="../../cdn.spesati.com/images/layout/sardinian.png" /></div>
        </div>
    </a>
    <div>
        <h4><a href="../vino-santadi-grotta-rossa-doc-75cl.html"><b>Vino Santadi Grotta Rossa Doc 75Cl</b></a></h4>
        <p class="description">0.75 Lt</p>
        <p class="right price"><b>7.99 €</b></p>
        <p class="right unitPrice">10.65 € per litre</p>
    </div>
    <div class="contButton">
    <a class="button bgRed white addToCart" href="#">Add</a>
</div>
</div><div class="left product prod31"
        data-name="Vino oliena lanaitto igt"
        data-price="7.49"
        data-id="5226"
        data-available="yes"
        data-category="421"
        data-bestselling="">
    <a href="../vino-oliena-lanaitto-igt.html">
        <div style="background-image: url('../../cdn.spesati.com/images/products/209365/vino-oliena-lanaitto-01.jpg')">
            <div class="hover"></div>
            
            <div class="stickers"></div>
        </div>
    </a>
    <div>
        <h4><a href="../vino-oliena-lanaitto-igt.html"><b>Vino oliena lanaitto igt</b></a></h4>
        <p class="description">0.75 Lt</p>
        <p class="right price"><b>7.49 €</b></p>
        <p class="right unitPrice">9.99 € per litre</p>
    </div>
    <div class="contButton">
    <a class="button bgRed white addToCart" href="#">Add</a>
</div>
</div><div class="left product prod32"
        data-name="Vino Jerzu Bantu Cannonau Doc 75Cl"
        data-price="7.40"
        data-id="6840"
        data-available="yes"
        data-category="421"
        data-bestselling="2">
    <a href="../vino-jerzu-bantu-cannonau-doc-75cl.html">
        <div style="background-image: url('../../cdn.spesati.com/images/products/209333/vino-jerzu-bantu-01.jpg')">
            <div class="hover"></div>
            <p class="arrow bgRed white">Best Seller</p>
            <div class="stickers"><img class="left" src="../../cdn.spesati.com/images/layout/sardinian.png" /></div>
        </div>
    </a>
    <div>
        <h4><a href="../vino-jerzu-bantu-cannonau-doc-75cl.html"><b>Vino Jerzu Bantu Cannonau Doc 75Cl</b></a></h4>
        <p class="description">0.75 Lt</p>
        <p class="right price"><b>7.40 €</b></p>
        <p class="right unitPrice">9.87 € per litre</p>
    </div>
    <div class="contButton">
    <a class="button bgRed white addToCart" href="#">Add</a>
</div>
</div><div class="left product prod33"
        data-name="Vino Sedilesu Carnevale"
        data-price="26.90"
        data-id="3658"
        data-available="yes"
        data-category="421"
        data-bestselling="">
    <a href="../vino-sedilesu-carnevale.html">
        <div style="background-image: url('../../cdn.spesati.com/images/products/209276/vino-sedilesu-carnevale-01.jpg')">
            <div class="hover"></div>
            
            <div class="stickers"><img class="left" src="../../cdn.spesati.com/images/layout/sardinian.png" /></div>
        </div>
    </a>
    <div>
        <h4><a href="../vino-sedilesu-carnevale.html"><b>Vino Sedilesu Carnevale</b></a></h4>
        <p class="description">0.75 Lt</p>
        <p class="right price"><b>26.90 €</b></p>
        <p class="right unitPrice">35.87 € per litre</p>
    </div>
    <div class="contButton">
    <a class="button bgRed white addToCart" href="#">Add</a>
</div>
</div><div class="left product prod34"
        data-name="Vino Mamuthone Giuseppe Sedilesu Doc 75 Cl"
        data-price="14.99"
        data-id="6286"
        data-available="yes"
        data-category="421"
        data-bestselling="">
    <a href="../vino-mamuthone-giuseppe-sedilesu-doc-75-cl.html">
        <div style="background-image: url('../../cdn.spesati.com/images/products/209273/vino-mamuthone-giuseppe-01.jpg')">
            <div class="hover"></div>
            
            <div class="stickers"><img class="left" src="../../cdn.spesati.com/images/layout/sardinian.png" /></div>
        </div>
    </a>
    <div>
        <h4><a href="../vino-mamuthone-giuseppe-sedilesu-doc-75-cl.html"><b>Vino Mamuthone Giuseppe Sedilesu Doc 75 Cl</b></a></h4>
        <p class="description">0.75 Lt</p>
        <p class="right price"><b>14.99 €</b></p>
        <p class="right unitPrice">19.98 € per litre</p>
    </div>
    <div class="contButton">
    <a class="button bgRed white addToCart" href="#">Add</a>
</div>
</div><div class="left product prod35"
        data-name="Vino Sella&Mosca La Palma Bag Rosso 5lt"
        data-price="15.49"
        data-id="28778"
        data-available="yes"
        data-category="421"
        data-bestselling="2">
    <a href="../vino-sellamosca-la-palma-bag-rosso-5lt.html">
        <div style="background-image: url('../../cdn.spesati.com/images/products/209130/vino-sella%26mosca-la-01.html')">
            <div class="hover"></div>
            <p class="arrow bgRed white">Best Seller</p>
            <div class="stickers"></div>
        </div>
    </a>
    <div>
        <h4><a href="../vino-sellamosca-la-palma-bag-rosso-5lt.html"><b>Vino Sella&Mosca La Palma Bag Rosso 5lt</b></a></h4>
        <p class="description">5 Lt</p>
        <p class="right price"><b>15.49 €</b></p>
        <p class="right unitPrice">3.10 € per litre</p>
    </div>
    <div class="contButton">
    <a class="button bgRed white addToCart" href="#">Add</a>
</div>
</div><div class="left product prod36"
        data-name="Vino Le Bombarde Santa Maria La Palma 375Cl"
        data-price="3.99"
        data-id="7094"
        data-available="yes"
        data-category="421"
        data-bestselling="">
    <a href="../vino-le-bombarde-santa-maria-la-palma-375cl.html">
        <div style="background-image: url('../../cdn.spesati.com/images/products/209089/vino-le-bombarde-01.jpg')">
            <div class="hover"></div>
            
            <div class="stickers"><img class="left" src="../../cdn.spesati.com/images/layout/sardinian.png" /></div>
        </div>
    </a>
    <div>
        <h4><a href="../vino-le-bombarde-santa-maria-la-palma-375cl.html"><b>Vino Le Bombarde Santa Maria La Palma 375Cl</b></a></h4>
        <p class="description">0.38 Lt</p>
        <p class="right price"><b>3.99 €</b></p>
        <p class="right unitPrice">10.64 € per litre</p>
    </div>
    <div class="contButton">
    <a class="button bgRed white addToCart" href="#">Add</a>
</div>
</div><div class="left product prod37"
        data-name="Vino mesa meno buio 50cl"
        data-price="9.99"
        data-id="5254"
        data-available="yes"
        data-category="421"
        data-bestselling="">
    <a href="../vino-mesa-meno-buio-50cl.html">
        <div style="background-image: url('../../cdn.spesati.com/images/products/209033/vino-mesa-meno-01.jpg')">
            <div class="hover"></div>
            
            <div class="stickers"></div>
        </div>
    </a>
    <div>
        <h4><a href="../vino-mesa-meno-buio-50cl.html"><b>Vino mesa meno buio 50cl</b></a></h4>
        <p class="description">0.5 Lt</p>
        <p class="right price"><b>9.99 €</b></p>
        <p class="right unitPrice">19.98 € per litre</p>
    </div>
    <div class="contButton">
    <a class="button bgRed white addToCart" href="#">Add</a>
</div>
</div><div class="left product prod38"
        data-name="Vino Tunila Rosso Isola Nuraghi"
        data-price="5.99"
        data-id="3561"
        data-available="yes"
        data-category="421"
        data-bestselling="">
    <a href="../vino-tunila-rosso-isola-nuraghi.html">
        <div style="background-image: url('../../cdn.spesati.com/images/products/1746701/vino-tunila-rosso.jpg')">
            <div class="hover"></div>
            
            <div class="stickers"><img class="left" src="../../cdn.spesati.com/images/layout/sardinian.png" /></div>
        </div>
    </a>
    <div>
        <h4><a href="../vino-tunila-rosso-isola-nuraghi.html"><b>Vino Tunila Rosso Isola Nuraghi</b></a></h4>
        <p class="description">0.75 Lt</p>
        <p class="right price"><b>5.99 €</b></p>
        <p class="right unitPrice">7.99 € per litre</p>
    </div>
    <div class="contButton">
    <a class="button bgRed white addToCart" href="#">Add</a>
</div>
</div><div class="left product prod39"
        data-name="Vino Mogoro Nero Cannonau"
        data-price="6.99"
        data-id="3535"
        data-available="yes"
        data-category="421"
        data-bestselling="">
    <a href="../vino-mogoro-nero-cannonau.html">
        <div style="background-image: url('../../cdn.spesati.com/images/products/1736101/vino-mogoro-nero.jpg')">
            <div class="hover"></div>
            
            <div class="stickers"><img class="left" src="../../cdn.spesati.com/images/layout/sardinian.png" /></div>
        </div>
    </a>
    <div>
        <h4><a href="../vino-mogoro-nero-cannonau.html"><b>Vino Mogoro Nero Cannonau</b></a></h4>
        <p class="description">0.75 Lt</p>
        <p class="right price"><b>6.99 €</b></p>
        <p class="right unitPrice">9.32 € per litre</p>
    </div>
    <div class="contButton">
    <a class="button bgRed white addToCart" href="#">Add</a>
</div>
</div><div class="left product prod40"
        data-name="Vino Capichera Lianti 75Cl"
        data-price="18.99"
        data-id="4576"
        data-available="yes"
        data-category="421"
        data-bestselling="">
    <a href="../vino-capichera-lianti-75cl.html">
        <div style="background-image: url('../../cdn.spesati.com/images/products/15lia00/vino-capichera-lianti-01.jpg')">
            <div class="hover"></div>
            
            <div class="stickers"><img class="left" src="../../cdn.spesati.com/images/layout/sardinian.png" /></div>
        </div>
    </a>
    <div>
        <h4><a href="../vino-capichera-lianti-75cl.html"><b>Vino Capichera Lianti 75Cl</b></a></h4>
        <p class="description">0.75 Lt</p>
        <p class="right price"><b>18.99 €</b></p>
        <p class="right unitPrice">25.32 € per litre</p>
    </div>
    <div class="contButton">
    <a class="button bgRed white addToCart" href="#">Add</a>
</div>
</div><div class="left product prod41"
        data-name="Vino Dorgali Filieri Rosso Doc 75Cl"
        data-price="6.29"
        data-id="5703"
        data-available="yes"
        data-category="421"
        data-bestselling="">
    <a href="../vino-dorgali-filieri-rosso-doc-75cl.html">
        <div style="background-image: url('../../cdn.spesati.com/images/products/1304501/vino-dorgali-filieri-01.jpg')">
            <div class="hover"></div>
            
            <div class="stickers"><img class="left" src="../../cdn.spesati.com/images/layout/sardinian.png" /></div>
        </div>
    </a>
    <div>
        <h4><a href="../vino-dorgali-filieri-rosso-doc-75cl.html"><b>Vino Dorgali Filieri Rosso Doc 75Cl</b></a></h4>
        <p class="description">0.75 Lt</p>
        <p class="right price"><b>6.29 €</b></p>
        <p class="right unitPrice">8.38 € per litre</p>
    </div>
    <div class="contButton">
    <a class="button bgRed white addToCart" href="#">Add</a>
</div>
</div><div class="left product prod42"
        data-name="Gewuerztraminer Doc S.margheri"
        data-price="9.99"
        data-id="34838"
        data-available="yes"
        data-category="421"
        data-bestselling="">
    <a href="../gewuerztraminer-doc-smargheri.html">
        <div style="background-image: url('../../cdn.spesati.com/images/products/000790155/santa-margherita-gewuerztraminer-trentino-doc-75-cl-01.png')">
            <div class="hover"></div>
            
            <div class="stickers"></div>
        </div>
    </a>
    <div>
        <h4><a href="../gewuerztraminer-doc-smargheri.html"><b>Gewuerztraminer Doc S.margheri</b></a></h4>
        <p class="description">Santa Margherita Gewürztraminer Trentino DOC 75 cl</p>
        <p class="right price"><b>9.99 €</b></p>
        <p class="right unitPrice">14.27 € per litre</p>
    </div>
    <div class="contButton">
    <a class="button bgRed white addToCart" href="#">Add</a>
</div>
</div><div class="left product prod43"
        data-name="Amarone Costasera 75cl"
        data-price="44.90"
        data-id="73642"
        data-available="yes"
        data-category="421"
        data-bestselling="1">
    <a href="../amarone-costasera-75cl.html">
        <div style="background-image: url('../../cdn.spesati.com/images/products/000790053/masi-costasera-amarone-della-valpolicella-docg-classico-750-ml-01.png')">
            <div class="hover"></div>
            <p class="arrow bgRed white">Best Seller</p>
            <div class="stickers"></div>
        </div>
    </a>
    <div>
        <h4><a href="../amarone-costasera-75cl.html"><b>Amarone Costasera 75cl</b></a></h4>
        <p class="description">Masi Costasera Amarone della Valpolicella DOCG Classico 750 ml</p>
        <p class="right price"><b>44.90 €</b></p>
        <p class="right unitPrice">59.87 € per litre</p>
    </div>
    <div class="contButton">
    <a class="button bgRed white addToCart" href="#">Add</a>
</div>
</div><div class="left product prod44"
        data-name="Vino S.m.a. Lagrein S Vale 75c"
        data-price="43.98"
        data-id="68982"
        data-available="yes"
        data-category="421"
        data-bestselling="">
    <a href="../vino-sma-lagrein-s-vale-75c.html">
        <div style="background-image: url('../../cdn.spesati.com/images/products/000210812/st-michael-eppan-sanct-valentin-riserva-lagrein-alto-adige-doc-750-ml-01.png')">
            <div class="hover"></div>
            
            <div class="stickers"></div>
        </div>
    </a>
    <div>
        <h4><a href="../vino-sma-lagrein-s-vale-75c.html"><b>Vino S.m.a. Lagrein S Vale 75c</b></a></h4>
        <p class="description">St Michael Eppan Sanct Valentin Riserva Lagrein Alto Adige DOC 750 ml</p>
        <p class="right price"><b>43.98 €</b></p>
        <p class="right unitPrice">58.65 € per litre</p>
    </div>
    <div class="contButton">
    <a class="button bgRed white addToCart" href="#">Add</a>
</div>
</div><div class="left product prod45"
        data-name="Vino S.m.a. Pin Ner S Vale 75c"
        data-price="44.41"
        data-id="63927"
        data-available="yes"
        data-category="421"
        data-bestselling="">
    <a href="../vino-sma-pin-ner-s-vale-75c.html">
        <div style="background-image: url('../../cdn.spesati.com/images/products/000210478/st-michael-eppan-sanct-valentin-riserva-pinot-noir-alto-adige-doc-750-ml-01.png')">
            <div class="hover"></div>
            
            <div class="stickers"></div>
        </div>
    </a>
    <div>
        <h4><a href="../vino-sma-pin-ner-s-vale-75c.html"><b>Vino S.m.a. Pin Ner S Vale 75c</b></a></h4>
        <p class="description">St Michael Eppan Sanct Valentin Riserva Pinot Noir Alto Adige DOC 750 ml</p>
        <p class="right price"><b>44.41 €</b></p>
        <p class="right unitPrice">59.21 € per litre</p>
    </div>
    <div class="contButton">
    <a class="button bgRed white addToCart" href="#">Add</a>
</div>
</div><div class="left product prod46"
        data-name="Vino Porto Fine Ruby Sandeman"
        data-price="9.99"
        data-id="29113"
        data-available="yes"
        data-category="421"
        data-bestselling="">
    <a href="../vino-porto-fine-ruby-sandeman.html">
        <div style="background-image: url('../../cdn.spesati.com/images/products/000210350/sandeman-fine-ruby-porto-750-ml-01.png')">
            <div class="hover"></div>
            
            <div class="stickers"></div>
        </div>
    </a>
    <div>
        <h4><a href="../vino-porto-fine-ruby-sandeman.html"><b>Vino Porto Fine Ruby Sandeman</b></a></h4>
        <p class="description">Sandeman Fine Ruby Porto 750 ml</p>
        <p class="right price"><b>9.99 €</b></p>
        <p class="right unitPrice">13.32 € per litre</p>
    </div>
    <div class="contButton">
    <a class="button bgRed white addToCart" href="#">Add</a>
</div>
</div><div class="left product prod47"
        data-name="Vin Santo Ant S.cris Doc 50 Cl"
        data-price="19.12"
        data-id="29103"
        data-available="yes"
        data-category="421"
        data-bestselling="">
    <a href="../vin-santo-ant-scris-doc-50-cl.html">
        <div style="background-image: url('../../cdn.spesati.com/images/products/000210339/santa-cristina-vin-santo-valdichiana-toscana-doc-375-ml-01.png')">
            <div class="hover"></div>
            
            <div class="stickers"></div>
        </div>
    </a>
    <div>
        <h4><a href="../vin-santo-ant-scris-doc-50-cl.html"><b>Vin Santo Ant S.cris Doc 50 Cl</b></a></h4>
        <p class="description">Santa Cristina Vin Santo Valdichiana Toscana DOC 375 ml</p>
        <p class="right price"><b>19.12 €</b></p>
        <p class="right unitPrice">38.25 € per litre</p>
    </div>
    <div class="contButton">
    <a class="button bgRed white addToCart" href="#">Add</a>
</div>
</div><div class="left product prod48"
        data-name="Vino Antinori Neprica Igt 75cl"
        data-price="9.91"
        data-id="29087"
        data-available="yes"
        data-category="421"
        data-bestselling="">
    <a href="../vino-antinori-neprica-igt-75cl.html">
        <div style="background-image: url('../../cdn.spesati.com/images/products/000210316/tormaresca-neprica-primitivo-puglia-igt-750-ml-01.png')">
            <div class="hover"></div>
            
            <div class="stickers"></div>
        </div>
    </a>
    <div>
        <h4><a href="../vino-antinori-neprica-igt-75cl.html"><b>Vino Antinori Neprica Igt 75cl</b></a></h4>
        <p class="description">Tormaresca Nèprica Primitivo Puglia IGT 750 ml</p>
        <p class="right price"><b>9.91 €</b></p>
        <p class="right unitPrice">13.21 € per litre</p>
    </div>
    <div class="contButton">
    <a class="button bgRed white addToCart" href="#">Add</a>
</div>
</div><div class="left product prod49"
        data-name="Vino S.m.a. P.grigio A.adige75"
        data-price="14.31"
        data-id="29081"
        data-available="yes"
        data-category="421"
        data-bestselling="">
    <a href="../vino-sma-pgrigio-aadige75.html">
        <div style="background-image: url('../../cdn.spesati.com/images/products/000210309/st-michael-eppan-pinot-grigio-alto-adige-doc-750-ml-01.png')">
            <div class="hover"></div>
            
            <div class="stickers"></div>
        </div>
    </a>
    <div>
        <h4><a href="../vino-sma-pgrigio-aadige75.html"><b>Vino S.m.a. P.grigio A.adige75</b></a></h4>
        <p class="description">St Michael Eppan Pinot Grigio Alto Adige DOC 750 ml</p>
        <p class="right price"><b>14.31 €</b></p>
        <p class="right unitPrice">19.08 € per litre</p>
    </div>
    <div class="contButton">
    <a class="button bgRed white addToCart" href="#">Add</a>
</div>
</div><div class="left product prod50"
        data-name="Vino S.m.a. P.bianco A.adige75"
        data-price="14.31"
        data-id="29080"
        data-available="yes"
        data-category="421"
        data-bestselling="">
    <a href="../vino-sma-pbianco-aadige75.html">
        <div style="background-image: url('../../cdn.spesati.com/images/products/000210308/st-michael-eppan-pinot-bianco-alto-adige-doc-750-ml-01.png')">
            <div class="hover"></div>
            
            <div class="stickers"></div>
        </div>
    </a>
    <div>
        <h4><a href="../vino-sma-pbianco-aadige75.html"><b>Vino S.m.a. P.bianco A.adige75</b></a></h4>
        <p class="description">St Michael Eppan Pinot Bianco Alto Adige DOC 750 ml</p>
        <p class="right price"><b>14.31 €</b></p>
        <p class="right unitPrice">19.08 € per litre</p>
    </div>
    <div class="contButton">
    <a class="button bgRed white addToCart" href="#">Add</a>
</div>
</div><div class="left product prod51"
        data-name="Vino Antinori Docg Riserva 75c"
        data-price="33.74"
        data-id="29079"
        data-available="yes"
        data-category="421"
        data-bestselling="">
    <a href="../vino-antinori-docg-riserva-75c.html">
        <div style="background-image: url('../../cdn.spesati.com/images/products/000210307/marchesi-antinori-villa-antinori-chianti-classico-docg-750-ml-01.png')">
            <div class="hover"></div>
            
            <div class="stickers"></div>
        </div>
    </a>
    <div>
        <h4><a href="../vino-antinori-docg-riserva-75c.html"><b>Vino Antinori Docg Riserva 75c</b></a></h4>
        <p class="description">Marchesi Antinori Villa Antinori Chianti Classico DOCG 750 ml</p>
        <p class="right price"><b>33.74 €</b></p>
        <p class="right unitPrice">44.99 € per litre</p>
    </div>
    <div class="contButton">
    <a class="button bgRed white addToCart" href="#">Add</a>
</div>
</div><div class="left product prod52"
        data-name="Vino Antinori Prunotto Barol75"
        data-price="49.61"
        data-id="29067"
        data-available="yes"
        data-category="421"
        data-bestselling="">
    <a href="../vino-antinori-prunotto-barol75.html">
        <div style="background-image: url('../../cdn.spesati.com/images/products/000210293/prunotto-barolo-750-ml-01.png')">
            <div class="hover"></div>
            
            <div class="stickers"></div>
        </div>
    </a>
    <div>
        <h4><a href="../vino-antinori-prunotto-barol75.html"><b>Vino Antinori Prunotto Barol75</b></a></h4>
        <p class="description">Prunotto Barolo 750 ml</p>
        <p class="right price"><b>49.61 €</b></p>
        <p class="right unitPrice">66.15 € per litre</p>
    </div>
    <div class="contButton">
    <a class="button bgRed white addToCart" href="#">Add</a>
</div>
</div><div class="left product prod53"
        data-name="Vino Antinori Il Bruciato 75cl"
        data-price="38.90"
        data-id="29064"
        data-available="yes"
        data-category="421"
        data-bestselling="">
    <a href="../vino-antinori-il-bruciato-75cl.html">
        <div style="background-image: url('../../cdn.spesati.com/images/products/000210280/tenuta-guado-al-tasso-il-bruciato-bolgheri-doc-750-ml-01.png')">
            <div class="hover"></div>
            
            <div class="stickers"></div>
        </div>
    </a>
    <div>
        <h4><a href="../vino-antinori-il-bruciato-75cl.html"><b>Vino Antinori Il Bruciato 75cl</b></a></h4>
        <p class="description">Tenuta Guado al Tasso Il Bruciato Bolgheri DOC 750 ml</p>
        <p class="right price"><b>38.90 €</b></p>
        <p class="right unitPrice">51.86 € per litre</p>
    </div>
    <div class="contButton">
    <a class="button bgRed white addToCart" href="#">Add</a>
</div>
</div><div class="left product prod54"
        data-name="Vino Antinori Il Bruciato Magn"
        data-price="79.12"
        data-id="35206"
        data-available="yes"
        data-category="421"
        data-bestselling="">
    <a href="../vino-antinori-il-bruciato-magn.html">
        <div style="background-image: url('../../cdn.spesati.com/images/products/000210279/marchesi-antinori-tenuta-guado-al-tasso-il-bruciato-bolgheri-doc-rosso-toscana-15-l-01.png')">
            <div class="hover"></div>
            
            <div class="stickers"></div>
        </div>
    </a>
    <div>
        <h4><a href="../vino-antinori-il-bruciato-magn.html"><b>Vino Antinori Il Bruciato Magn</b></a></h4>
        <p class="description">Marchesi Antinori Tenuta Guado al Tasso il Bruciato Bolgheri DOC Rosso Toscana 1,5 L</p>
        <p class="right price"><b>79.12 €</b></p>
        <p class="right unitPrice">52.75 € per litre</p>
    </div>
    <div class="contButton">
    <a class="button bgRed white addToCart" href="#">Add</a>
</div>
</div><div class="left product prod55"
        data-name="Vino Antinori Guado Al Tasso"
        data-price="149.00"
        data-id="35204"
        data-available="yes"
        data-category="421"
        data-bestselling="">
    <a href="../vino-antinori-guado-al-tasso.html">
        <div style="background-image: url('../../cdn.spesati.com/images/products/000210273/marchesi-antinori-guado-al-tasso-bolgheri-doc-superiore-750-ml-01.png')">
            <div class="hover"></div>
            
            <div class="stickers"></div>
        </div>
    </a>
    <div>
        <h4><a href="../vino-antinori-guado-al-tasso.html"><b>Vino Antinori Guado Al Tasso</b></a></h4>
        <p class="description">Marchesi Antinori Guado al Tasso Bolgheri D.O.C. Superiore 750 ml</p>
        <p class="right price"><b>149.00 €</b></p>
        <p class="right unitPrice">198.66 € per litre</p>
    </div>
    <div class="contButton">
    <a class="button bgRed white addToCart" href="#">Add</a>
</div>
</div><div class="left product prod56"
        data-name="Vino Antinori Tignanello S.tus"
        data-price="169.00"
        data-id="35203"
        data-available="yes"
        data-category="421"
        data-bestselling="">
    <a href="../vino-antinori-tignanello-stus.html">
        <div style="background-image: url('../../cdn.spesati.com/images/products/000210272/marchesi-antinori-tignanello-toscana-750-ml-01.png')">
            <div class="hover"></div>
            
            <div class="stickers"></div>
        </div>
    </a>
    <div>
        <h4><a href="../vino-antinori-tignanello-stus.html"><b>Vino Antinori Tignanello S.tus</b></a></h4>
        <p class="description">Marchesi Antinori Tignanello Toscana 750 ml</p>
        <p class="right price"><b>169.00 €</b></p>
        <p class="right unitPrice">225.33 € per litre</p>
    </div>
    <div class="contButton">
    <a class="button bgRed white addToCart" href="#">Add</a>
</div>
</div><div class="left product prod57"
        data-name="Vino Antinori Santa Cr Ros Igt"
        data-price="8.29"
        data-id="29059"
        data-available="yes"
        data-category="421"
        data-bestselling="">
    <a href="../vino-antinori-santa-cr-ros-igt.html">
        <div style="background-image: url('../../cdn.spesati.com/images/products/000210265/santa-cristina-toscana-igt-750-ml-01.png')">
            <div class="hover"></div>
            
            <div class="stickers"></div>
        </div>
    </a>
    <div>
        <h4><a href="../vino-antinori-santa-cr-ros-igt.html"><b>Vino Antinori Santa Cr Ros Igt</b></a></h4>
        <p class="description">Santa Cristina Toscana IGT 750 ml</p>
        <p class="right price"><b>8.29 €</b></p>
        <p class="right unitPrice">11.05 € per litre</p>
    </div>
    <div class="contButton">
    <a class="button bgRed white addToCart" href="#">Add</a>
</div>
</div><div class="left product prod58"
        data-name="Vino Antinori Peppoli Chianti"
        data-price="21.00"
        data-id="35202"
        data-available="yes"
        data-category="421"
        data-bestselling="">
    <a href="../vino-antinori-peppoli-chianti.html">
        <div style="background-image: url('../../cdn.spesati.com/images/products/000210263/marchesi-antinori-peppoli-chianti-classico-docg-01.png')">
            <div class="hover"></div>
            
            <div class="stickers"></div>
        </div>
    </a>
    <div>
        <h4><a href="../vino-antinori-peppoli-chianti.html"><b>Vino Antinori Peppoli Chianti</b></a></h4>
        <p class="description">Marchesi Antinori Pèppoli Chianti Classico DOCG</p>
        <p class="right price"><b>21.00 €</b></p>
        <p class="right unitPrice">28.00 € per litre</p>
    </div>
    <div class="contButton">
    <a class="button bgRed white addToCart" href="#">Add</a>
</div>
</div><div class="left product prod59"
        data-name="Vino Antinori P.vigne Brunello"
        data-price="69.54"
        data-id="35201"
        data-available="yes"
        data-category="421"
        data-bestselling="">
    <a href="../vino-antinori-pvigne-brunello.html">
        <div style="background-image: url('../../cdn.spesati.com/images/products/000210262/marchesi-antinori-pian-delle-vigne-brunello-di-montalcino-docg-750-ml-01.png')">
            <div class="hover"></div>
            
            <div class="stickers"></div>
        </div>
    </a>
    <div>
        <h4><a href="../vino-antinori-pvigne-brunello.html"><b>Vino Antinori P.vigne Brunello</b></a></h4>
        <p class="description">Marchesi Antinori Pian delle Vigne Brunello di Montalcino D.O.C.G. 750 ml</p>
        <p class="right price"><b>69.54 €</b></p>
        <p class="right unitPrice">92.72 € per litre</p>
    </div>
    <div class="contButton">
    <a class="button bgRed white addToCart" href="#">Add</a>
</div>
</div><div class="left product prod60"
        data-name="Vino Antinori Chianti T.tig 75"
        data-price="46.94"
        data-id="29058"
        data-available="yes"
        data-category="421"
        data-bestselling="">
    <a href="../vino-antinori-chianti-ttig-75.html">
        <div style="background-image: url('../../cdn.spesati.com/images/products/000210260/tenuta-tignanello-marchese-antinori-chianti-classico-docg-riserva-750-ml-01.png')">
            <div class="hover"></div>
            
            <div class="stickers"></div>
        </div>
    </a>
    <div>
        <h4><a href="../vino-antinori-chianti-ttig-75.html"><b>Vino Antinori Chianti T.tig 75</b></a></h4>
        <p class="description">Tenuta Tignanello Marchese Antinori Chianti Classico DOCG Riserva 750 ml</p>
        <p class="right price"><b>46.94 €</b></p>
        <p class="right unitPrice">62.59 € per litre</p>
    </div>
    <div class="contButton">
    <a class="button bgRed white addToCart" href="#">Add</a>
</div>
</div><div class="left product prod61"
        data-name="Vino Lambrusco Tavernello 1,5"
        data-price="4.99"
        data-id="6668"
        data-available="yes"
        data-category="421"
        data-bestselling="">
    <a href="../vino-lambrusco-tavernello-15.html">
        <div style="background-image: url('../../cdn.spesati.com/images/products/000210212/tavernello-lambrusco-emilia-igt-abboccato-vino-frizzante-15-l-01.png')">
            <div class="hover"></div>
            
            <div class="stickers"></div>
        </div>
    </a>
    <div>
        <h4><a href="../vino-lambrusco-tavernello-15.html"><b>Vino Lambrusco Tavernello 1,5</b></a></h4>
        <p class="description">Tavernello Lambrusco Emilia IGT Abboccato Vino Frizzante 1,5 L</p>
        <p class="right price"><b>4.99 €</b></p>
        <p class="right unitPrice">3.33 € per litre</p>
    </div>
    <div class="contButton">
    <a class="button bgRed white addToCart" href="#">Add</a>
</div>
</div><div class="left product prod62"
        data-name="Spum Pros Mionett Vald Docg 75"
        data-price="10.99"
        data-id="29051"
        data-available="yes"
        data-category="421"
        data-bestselling="">
    <a href="../spum-pros-mionett-vald-docg-75.html">
        <div style="background-image: url('../../cdn.spesati.com/images/products/000210172/mionetto-prestige-collection-valdobbiadene-prosecco-superiore-docg-extra-dry-750-ml-01.png')">
            <div class="hover"></div>
            
            <div class="stickers"></div>
        </div>
    </a>
    <div>
        <h4><a href="../spum-pros-mionett-vald-docg-75.html"><b>Spum Pros Mionett Vald Docg 75</b></a></h4>
        <p class="description">Mionetto Prestige Collection Valdobbiadene Prosecco Superiore DOCG Extra Dry 750 ml</p>
        <p class="right price"><b>10.99 €</b></p>
        <p class="right unitPrice">14.65 € per litre</p>
    </div>
    <div class="contButton">
    <a class="button bgRed white addToCart" href="#">Add</a>
</div>
</div><div class="left product prod63"
        data-name="Vino Siddura Spera Verm.docg"
        data-price="13.99"
        data-id="29050"
        data-available="yes"
        data-category="421"
        data-bestselling="">
    <a href="../vino-siddura-spera-vermdocg.html">
        <div style="background-image: url('../../cdn.spesati.com/images/products/000210090/siddura-spera-vermentino-di-gallura-docg-750-ml-01.png')">
            <div class="hover"></div>
            
            <div class="stickers"></div>
        </div>
    </a>
    <div>
        <h4><a href="../vino-siddura-spera-vermdocg.html"><b>Vino Siddura Spera Verm.docg</b></a></h4>
        <p class="description">Siddùra Spèra Vermentino di Gallura DOCG 750 ml</p>
        <p class="right price"><b>13.99 €</b></p>
        <p class="right unitPrice">18.65 € per litre</p>
    </div>
    <div class="contButton">
    <a class="button bgRed white addToCart" href="#">Add</a>
</div>
</div><div class="left product prod64"
        data-name="Vino Siddura Erema Ros Igt 75c"
        data-price="14.29"
        data-id="29047"
        data-available="yes"
        data-category="421"
        data-bestselling="">
    <a href="../vino-siddura-erema-ros-igt-75c.html">
        <div style="background-image: url('../../cdn.spesati.com/images/products/000210087/siddura-erema-cannonau-di-sardegna-doc-750-ml-01.png')">
            <div class="hover"></div>
            
            <div class="stickers"></div>
        </div>
    </a>
    <div>
        <h4><a href="../vino-siddura-erema-ros-igt-75c.html"><b>Vino Siddura Erema Ros Igt 75c</b></a></h4>
        <p class="description">Siddùra Èrema Cannonau di Sardegna DOC 750 ml</p>
        <p class="right price"><b>14.29 €</b></p>
        <p class="right unitPrice">19.06 € per litre</p>
    </div>
    <div class="contButton">
    <a class="button bgRed white addToCart" href="#">Add</a>
</div>
</div><div class="left product prod65"
        data-name="Vino Mandro Kent'ann Doc 75cl"
        data-price="7.99"
        data-id="28965"
        data-available="yes"
        data-category="421"
        data-bestselling="">
    <a href="../vino-mandro-kentann-doc-75cl.html">
        <div style="background-image: url('../../cdn.spesati.com/images/products/000209678/cantina-del-mandrolisai-kentannos-sardegna-mandrolisai-doc-rosso-750-ml-01.png')">
            <div class="hover"></div>
            
            <div class="stickers"></div>
        </div>
    </a>
    <div>
        <h4><a href="../vino-mandro-kentann-doc-75cl.html"><b>Vino Mandro Kent'ann Doc 75cl</b></a></h4>
        <p class="description">Cantina del Mandrolisai Kent'Annos Sardegna Mandrolisai D.O.C. Rosso 750 ml</p>
        <p class="right price"><b>7.99 €</b></p>
        <p class="right unitPrice">10.65 € per litre</p>
    </div>
    <div class="contButton">
    <a class="button bgRed white addToCart" href="#">Add</a>
</div>
</div><div class="left product prod66"
        data-name="Vino Mandro Kent'ann Supe 75cl"
        data-price="13.01"
        data-id="28964"
        data-available="yes"
        data-category="421"
        data-bestselling="">
    <a href="../vino-mandro-kentann-supe-75cl.html">
        <div style="background-image: url('../../cdn.spesati.com/images/products/000209677/cantina-del-mandrolisai-kentannos-sardegna-mandrolisai-doc-rosso-superiore-750-ml-01.png')">
            <div class="hover"></div>
            
            <div class="stickers"></div>
        </div>
    </a>
    <div>
        <h4><a href="../vino-mandro-kentann-supe-75cl.html"><b>Vino Mandro Kent'ann Supe 75cl</b></a></h4>
        <p class="description">Cantina del Mandrolisai Kent'Annos Sardegna Mandrolisai D.O.C. Rosso Superiore 750 ml</p>
        <p class="right price"><b>13.01 €</b></p>
        <p class="right unitPrice">17.35 € per litre</p>
    </div>
    <div class="contButton">
    <a class="button bgRed white addToCart" href="#">Add</a>
</div>
</div><div class="left product prod67"
        data-name="Vino Freschello Rosso"
        data-price="2.89"
        data-id="3525"
        data-available="yes"
        data-category="421"
        data-bestselling="">
    <a href="../vino-freschello-rosso.html">
        <div style="background-image: url('../../cdn.spesati.com/images/products/000209668/freschello-rosso-vivo-075-l-01.png')">
            <div class="hover"></div>
            
            <div class="stickers"></div>
        </div>
    </a>
    <div>
        <h4><a href="../vino-freschello-rosso.html"><b>Vino Freschello Rosso</b></a></h4>
        <p class="description">freschello Rosso Vivo 0,75 l</p>
        <p class="right price"><b>2.89 €</b></p>
        <p class="right unitPrice">3.86 € per litre</p>
    </div>
    <div class="contButton">
    <a class="button bgRed white addToCart" href="#">Add</a>
</div>
</div><div class="left product prod68"
        data-name="Vino tavernello brik rosso lt 1"
        data-price="2.29"
        data-id="5293"
        data-available="yes"
        data-category="421"
        data-bestselling="">
    <a href="../vino-tavernello-brik-rosso-lt-1.html">
        <div style="background-image: url('../../cdn.spesati.com/images/products/000209656/tavernello-rosso-ditalia-1-l-01.png')">
            <div class="hover"></div>
            
            <div class="stickers"></div>
        </div>
    </a>
    <div>
        <h4><a href="../vino-tavernello-brik-rosso-lt-1.html"><b>Vino tavernello brik rosso lt 1</b></a></h4>
        <p class="description">Tavernello Rosso d'Italia 1 l</p>
        <p class="right price"><b>2.29 €</b></p>
        <p class="right unitPrice">2.29 € per kg</p>
    </div>
    <div class="contButton">
    <a class="button bgRed white addToCart" href="#">Add</a>
</div>
</div><div class="left product prod69"
        data-name="Vino Tavernello Brick 250X3 Rosso"
        data-price="2.09"
        data-id="4589"
        data-available="yes"
        data-category="421"
        data-bestselling="">
    <a href="../vino-tavernello-brick-250x3-rosso.html">
        <div style="background-image: url('../../cdn.spesati.com/images/products/000209653/tavernello-rosso-ditalia-3-x-025-l-01.png')">
            <div class="hover"></div>
            
            <div class="stickers"></div>
        </div>
    </a>
    <div>
        <h4><a href="../vino-tavernello-brick-250x3-rosso.html"><b>Vino Tavernello Brick 250X3 Rosso</b></a></h4>
        <p class="description">Tavernello Rosso d'Italia 3 x 0,25 L</p>
        <p class="right price"><b>2.09 €</b></p>
        <p class="right unitPrice">2.78 € per litre</p>
    </div>
    <div class="contButton">
    <a class="button bgRed white addToCart" href="#">Add</a>
</div>
</div><div class="left product prod70"
        data-name="Vernaccia Judi Riser 2003 50cl"
        data-price="51.05"
        data-id="28958"
        data-available="yes"
        data-category="421"
        data-bestselling="">
    <a href="../vernaccia-judi-riser-2003-50cl.html">
        <div style="background-image: url('../../cdn.spesati.com/images/products/000209623/cantina-della-vernaccia-oristano-judikes-riserva-1990-vernaccia-di-oristano-doc-500-ml-01.png')">
            <div class="hover"></div>
            
            <div class="stickers"></div>
        </div>
    </a>
    <div>
        <h4><a href="../vernaccia-judi-riser-2003-50cl.html"><b>Vernaccia Judi Riser 2003 50cl</b></a></h4>
        <p class="description">Cantina della Vernaccia Oristano Judikes Riserva 1990 Vernaccia di Oristano D.O.C. 500 ml</p>
        <p class="right price"><b>51.05 €</b></p>
        <p class="right unitPrice">102.10 € per litre</p>
    </div>
    <div class="contButton">
    <a class="button bgRed white addToCart" href="#">Add</a>
</div>
</div><div class="left product prod71"
        data-name="Vernaccia 'carta' Doc 75cl"
        data-price="13.29"
        data-id="28956"
        data-available="yes"
        data-category="421"
        data-bestselling="">
    <a href="../vernaccia-carta-doc-75cl.html">
        <div style="background-image: url('../../cdn.spesati.com/images/products/000209620/silvio-carta-vernaccia-di-oristano-doc-riserva-750-ml-01.png')">
            <div class="hover"></div>
            
            <div class="stickers"></div>
        </div>
    </a>
    <div>
        <h4><a href="../vernaccia-carta-doc-75cl.html"><b>Vernaccia 'carta' Doc 75cl</b></a></h4>
        <p class="description">Silvio Carta Vernaccia di Oristano DOC Riserva 750 ml</p>
        <p class="right price"><b>13.29 €</b></p>
        <p class="right unitPrice">17.71 € per litre</p>
    </div>
    <div class="contButton">
    <a class="button bgRed white addToCart" href="#">Add</a>
</div>
</div><div class="left product prod72"
        data-name="Vino Villa Antinori Rosso 75cl"
        data-price="19.83"
        data-id="28918"
        data-available="yes"
        data-category="421"
        data-bestselling="">
    <a href="../vino-villa-antinori-rosso-75cl.html">
        <div style="background-image: url('../../cdn.spesati.com/images/products/000209511/marchesi-antinori-villa-antinori-toscana-igt-rosso-750-ml-01.png')">
            <div class="hover"></div>
            
            <div class="stickers"></div>
        </div>
    </a>
    <div>
        <h4><a href="../vino-villa-antinori-rosso-75cl.html"><b>Vino Villa Antinori Rosso 75cl</b></a></h4>
        <p class="description">Marchesi Antinori Villa Antinori Toscana IGT Rosso 750 ml</p>
        <p class="right price"><b>19.83 €</b></p>
        <p class="right unitPrice">26.44 € per litre</p>
    </div>
    <div class="contButton">
    <a class="button bgRed white addToCart" href="#">Add</a>
</div>
</div><div class="left product prod73"
        data-name="Vino Mandro Kent'ann Gold 75cl"
        data-price="26.36"
        data-id="28857"
        data-available="yes"
        data-category="421"
        data-bestselling="">
    <a href="../vino-mandro-kentann-gold-75cl.html">
        <div style="background-image: url('../../cdn.spesati.com/images/products/000209378/cantina-del-mandrolisai-kentannos-gold-sardegna-mandrolisai-doc-rosso-superiore-750-ml-01.png')">
            <div class="hover"></div>
            
            <div class="stickers"></div>
        </div>
    </a>
    <div>
        <h4><a href="../vino-mandro-kentann-gold-75cl.html"><b>Vino Mandro Kent'ann Gold 75cl</b></a></h4>
        <p class="description">Cantina del Mandrolisai Kent'Annos Gold Sardegna Mandrolisai D.O.C. Rosso Superiore 750 ml</p>
        <p class="right price"><b>26.36 €</b></p>
        <p class="right unitPrice">35.15 € per litre</p>
    </div>
    <div class="contButton">
    <a class="button bgRed white addToCart" href="#">Add</a>
</div>
</div><div class="left product prod74"
        data-name="Vino Calasetta Capo Sperone Carignano 75Cl"
        data-price="5.99"
        data-id="7216"
        data-available="yes"
        data-category="421"
        data-bestselling="">
    <a href="../vino-calasetta-capo-sperone-carignano-75cl.html">
        <div style="background-image: url('../../cdn.spesati.com/images/products/000209269/calasetta-capo-sperone-carignano-del-sulcis-doc-sardegna-075-l-01.png')">
            <div class="hover"></div>
            
            <div class="stickers"><img class="left" src="../../cdn.spesati.com/images/layout/sardinian.png" /></div>
        </div>
    </a>
    <div>
        <h4><a href="../vino-calasetta-capo-sperone-carignano-75cl.html"><b>Vino Calasetta Capo Sperone Carignano 75Cl</b></a></h4>
        <p class="description">Calasetta Capo Sperone Carignano del Sulcis DOC Sardegna 0,75 l</p>
        <p class="right price"><b>5.99 €</b></p>
        <p class="right unitPrice">7.99 € per litre</p>
    </div>
    <div class="contButton">
    <a class="button bgRed white addToCart" href="#">Add</a>
</div>
</div><div class="left product prod75"
        data-name="Vino Puggioni Isula Cannonau"
        data-price="8.99"
        data-id="3541"
        data-available="yes"
        data-category="421"
        data-bestselling="">
    <a href="../vino-puggioni-isula-cannonau.html">
        <div style="background-image: url('../../cdn.spesati.com/images/products/000209206/cantina-giampietro-puggioni-isula-cannonau-di-sardegna-doc-750-ml-01.png')">
            <div class="hover"></div>
            
            <div class="stickers"><img class="left" src="../../cdn.spesati.com/images/layout/sardinian.png" /></div>
        </div>
    </a>
    <div>
        <h4><a href="../vino-puggioni-isula-cannonau.html"><b>Vino Puggioni Isula Cannonau</b></a></h4>
        <p class="description">Cantina Giampietro Puggioni Isula Cannonau di Sardegna DOC 750 ml</p>
        <p class="right price"><b>8.99 €</b></p>
        <p class="right unitPrice">11.99 € per litre</p>
    </div>
    <div class="contButton">
    <a class="button bgRed white addToCart" href="#">Add</a>
</div>
</div><div class="left product prod76"
        data-name="Vino S.m.a. Muller Thurgau 75c"
        data-price="13.22"
        data-id="28797"
        data-available="yes"
        data-category="421"
        data-bestselling="">
    <a href="../vino-sma-muller-thurgau-75c.html">
        <div style="background-image: url('../../cdn.spesati.com/images/products/000209180/st-michael-eppan-mueller-thurgau-alto-adige-doc-750-ml-01.png')">
            <div class="hover"></div>
            
            <div class="stickers"></div>
        </div>
    </a>
    <div>
        <h4><a href="../vino-sma-muller-thurgau-75c.html"><b>Vino S.m.a. Muller Thurgau 75c</b></a></h4>
        <p class="description">St Michael Eppan Müller Thurgau Alto Adige DOC 750 ml</p>
        <p class="right price"><b>13.22 €</b></p>
        <p class="right unitPrice">17.63 € per litre</p>
    </div>
    <div class="contButton">
    <a class="button bgRed white addToCart" href="#">Add</a>
</div>
</div><div class="left product prod77"
        data-name="Vino Puggioni Lakana 750 Ml"
        data-price="14.90"
        data-id="35191"
        data-available="yes"
        data-category="421"
        data-bestselling="">
    <a href="../vino-puggioni-lakana-750-ml.html">
        <div style="background-image: url('../../cdn.spesati.com/images/products/000209162/cantina-giampietro-puggioni-lakana-cannonau-di-sardegna-doc-750-ml-01.png')">
            <div class="hover"></div>
            
            <div class="stickers"></div>
        </div>
    </a>
    <div>
        <h4><a href="../vino-puggioni-lakana-750-ml.html"><b>Vino Puggioni Lakana 750 Ml</b></a></h4>
        <p class="description">Cantina Giampietro Puggioni Lakana Cannonau di Sardegna DOC 750 ml</p>
        <p class="right price"><b>14.90 €</b></p>
        <p class="right unitPrice">19.86 € per litre</p>
    </div>
    <div class="contButton">
    <a class="button bgRed white addToCart" href="#">Add</a>
</div>
</div><div class="left product prod78"
        data-name="Vino Puggioni Mamuthone 750 Ml"
        data-price="12.79"
        data-id="35190"
        data-available="yes"
        data-category="421"
        data-bestselling="">
    <a href="../vino-puggioni-mamuthone-750-ml.html">
        <div style="background-image: url('../../cdn.spesati.com/images/products/000209160/cantina-giampietro-puggioni-mamuthone-cannonau-di-sardegna-doc-750-ml-01.png')">
            <div class="hover"></div>
            
            <div class="stickers"></div>
        </div>
    </a>
    <div>
        <h4><a href="../vino-puggioni-mamuthone-750-ml.html"><b>Vino Puggioni Mamuthone 750 Ml</b></a></h4>
        <p class="description">Cantina Giampietro Puggioni Mamuthone Cannonau di Sardegna DOC 750 ml</p>
        <p class="right price"><b>12.79 €</b></p>
        <p class="right unitPrice">17.06 € per litre</p>
    </div>
    <div class="contButton">
    <a class="button bgRed white addToCart" href="#">Add</a>
</div>
</div><div class="left product prod79"
        data-name="Vino Giogantinu Nastarre Rosso"
        data-price="6.49"
        data-id="3733"
        data-available="yes"
        data-category="421"
        data-bestselling="">
    <a href="../vino-giogantinu-nastarre-rosso.html">
        <div style="background-image: url('../../cdn.spesati.com/images/products/000209131/giogantinu-nastarre-isola-dei-nuraghi-igt-rosso-750-ml-01.png')">
            <div class="hover"></div>
            
            <div class="stickers"><img class="left" src="../../cdn.spesati.com/images/layout/sardinian.png" /></div>
        </div>
    </a>
    <div>
        <h4><a href="../vino-giogantinu-nastarre-rosso.html"><b>Vino Giogantinu Nastarre Rosso</b></a></h4>
        <p class="description">Giogantinu Nastarrè Isola dei Nuraghi IGT Rosso 750 ML</p>
        <p class="right price"><b>6.49 €</b></p>
        <p class="right unitPrice">8.65 € per litre</p>
    </div>
    <div class="contButton">
    <a class="button bgRed white addToCart" href="#">Add</a>
</div>
</div><div class="left product prod80"
        data-name="Vino Rosso Sella&Mosca Capocaccia"
        data-price="4.99"
        data-id="3546"
        data-available="yes"
        data-category="421"
        data-bestselling="">
    <a href="../vino-rosso-sellamosca-capocaccia.html">
        <div style="background-image: url('../../cdn.spesati.com/images/products/000209080/sella-mosca-capocaccia-isola-dei-nuraghi-igt-rosso-750-ml-01.png')">
            <div class="hover"></div>
            
            <div class="stickers"><img class="left" src="../../cdn.spesati.com/images/layout/sardinian.png" /></div>
        </div>
    </a>
    <div>
        <h4><a href="../vino-rosso-sellamosca-capocaccia.html"><b>Vino Rosso Sella&Mosca Capocaccia</b></a></h4>
        <p class="description">Sella & Mosca Capocaccia Isola dei Nuraghi IGT Rosso 750 ml</p>
        <p class="right price"><b>4.99 €</b></p>
        <p class="right unitPrice">6.65 € per litre</p>
    </div>
    <div class="contButton">
    <a class="button bgRed white addToCart" href="#">Add</a>
</div>
</div><div class="left product prod81"
        data-name="Vino Sella&Mosca Nuraghe Majore"
        data-price="4.99"
        data-id="3549"
        data-available="yes"
        data-category="421"
        data-bestselling="">
    <a href="../vino-sellamosca-nuraghe-majore.html">
        <div style="background-image: url('../../cdn.spesati.com/images/products/000209079/sella-mosca-i-piani-nuraghe-majore-vino-bianco-750-ml-01.png')">
            <div class="hover"></div>
            
            <div class="stickers"><img class="left" src="../../cdn.spesati.com/images/layout/sardinian.png" /></div>
        </div>
    </a>
    <div>
        <h4><a href="../vino-sellamosca-nuraghe-majore.html"><b>Vino Sella&Mosca Nuraghe Majore</b></a></h4>
        <p class="description">Sella & Mosca i Piani Nuraghe Majore Vino Bianco 750 ml</p>
        <p class="right price"><b>4.99 €</b></p>
        <p class="right unitPrice">6.65 € per litre</p>
    </div>
    <div class="contButton">
    <a class="button bgRed white addToCart" href="#">Add</a>
</div>
</div><div class="left product prod82"
        data-name="Vino S.&m.marchese Villamarina"
        data-price="38.31"
        data-id="35187"
        data-available="yes"
        data-category="421"
        data-bestselling="">
    <a href="../vino-smmarchese-villamarina.html">
        <div style="background-image: url('../../cdn.spesati.com/images/products/000209076/sella-mosca-marchese-di-villamarina-alghero-doc-750-ml-01.png')">
            <div class="hover"></div>
            
            <div class="stickers"></div>
        </div>
    </a>
    <div>
        <h4><a href="../vino-smmarchese-villamarina.html"><b>Vino S.&m.marchese Villamarina</b></a></h4>
        <p class="description">Sella & Mosca Marchese di Villamarina Alghero DOC 750 ml</p>
        <p class="right price"><b>38.31 €</b></p>
        <p class="right unitPrice">51.08 € per litre</p>
    </div>
    <div class="contButton">
    <a class="button bgRed white addToCart" href="#">Add</a>
</div>
</div><div class="left product prod83"
        data-name="Vino Sella & Mosca Cannonau Riserva Doc C75"
        data-price="12.97"
        data-id="5004"
        data-available="yes"
        data-category="421"
        data-bestselling="">
    <a href="../vino-sella-mosca-cannonau-riserva-doc-c75.html">
        <div style="background-image: url('../../cdn.spesati.com/images/products/000209075/sella-mosca-cannounau-di-sardegna-doc-riserva-750-ml-01.png')">
            <div class="hover"></div>
            
            <div class="stickers"><img class="left" src="../../cdn.spesati.com/images/layout/sardinian.png" /></div>
        </div>
    </a>
    <div>
        <h4><a href="../vino-sella-mosca-cannonau-riserva-doc-c75.html"><b>Vino Sella & Mosca Cannonau Riserva Doc C75</b></a></h4>
        <p class="description">Sella & Mosca Cannounau di Sardegna DOC Riserva 750 ml</p>
        <p class="right price"><b>12.97 €</b></p>
        <p class="right unitPrice">17.29 € per litre</p>
    </div>
    <div class="contButton">
    <a class="button bgRed white addToCart" href="#">Add</a>
</div>
</div><div class="left product prod84"
        data-name="Vino S.&m.vermentino 75cl Doc"
        data-price="6.89"
        data-id="28759"
        data-available="yes"
        data-category="421"
        data-bestselling="">
    <a href="../vino-smvermentino-75cl-doc.html">
        <div style="background-image: url('../../cdn.spesati.com/images/products/000209060/sella-mosca-vermentino-di-sardegna-doc-750-ml-01.png')">
            <div class="hover"></div>
            
            <div class="stickers"></div>
        </div>
    </a>
    <div>
        <h4><a href="../vino-smvermentino-75cl-doc.html"><b>Vino S.&m.vermentino 75cl Doc</b></a></h4>
        <p class="description">Sella & Mosca Vermentino di Sardegna DOC 750 ml</p>
        <p class="right price"><b>6.89 €</b></p>
        <p class="right unitPrice">9.19 € per litre</p>
    </div>
    <div class="contButton">
    <a class="button bgRed white addToCart" href="#">Add</a>
</div>
</div><div class="left product prod85"
        data-name="Vino sella & mosca terre rare carignano"
        data-price="8.99"
        data-id="5229"
        data-available="yes"
        data-category="421"
        data-bestselling="">
    <a href="../vino-sella-mosca-terre-rare-carignano.html">
        <div style="background-image: url('../../cdn.spesati.com/images/products/000209054/sella-mosca-terre-rare-carignano-del-sulcis-doc-750-ml-01.png')">
            <div class="hover"></div>
            
            <div class="stickers"></div>
        </div>
    </a>
    <div>
        <h4><a href="../vino-sella-mosca-terre-rare-carignano.html"><b>Vino sella & mosca terre rare carignano</b></a></h4>
        <p class="description">Sella & Mosca Terre Rare Carignano del Sulcis DOC 750 ml</p>
        <p class="right price"><b>8.99 €</b></p>
        <p class="right unitPrice">11.99 € per litre</p>
    </div>
    <div class="contButton">
    <a class="button bgRed white addToCart" href="#">Add</a>
</div>
</div><div class="left product prod86"
        data-name="Vino Sella & Mosca Tanca Farra"
        data-price="14.50"
        data-id="3735"
        data-available="yes"
        data-category="421"
        data-bestselling="">
    <a href="../vino-sella-mosca-tanca-farra.html">
        <div style="background-image: url('../../cdn.spesati.com/images/products/000209052/sella-mosca-tanca-farra-sardegna-alghero-rosso-doc-01.png')">
            <div class="hover"></div>
            
            <div class="stickers"><img class="left" src="../../cdn.spesati.com/images/layout/sardinian.png" /></div>
        </div>
    </a>
    <div>
        <h4><a href="../vino-sella-mosca-tanca-farra.html"><b>Vino Sella & Mosca Tanca Farra</b></a></h4>
        <p class="description">Sella & Mosca Tanca Farrà Sardegna Alghero Rosso DOC</p>
        <p class="right price"><b>14.50 €</b></p>
        <p class="right unitPrice">19.34 € per litre</p>
    </div>
    <div class="contButton">
    <a class="button bgRed white addToCart" href="#">Add</a>
</div>
</div><div class="left product prod87"
        data-name="Vino Mesa Prim Ross Carign 75c"
        data-price="7.99"
        data-id="28753"
        data-available="yes"
        data-category="421"
        data-bestselling="">
    <a href="../vino-mesa-prim-ross-carign-75c.html">
        <div style="background-image: url('../../cdn.spesati.com/images/products/000209045/mesa-isola-dei-nuraghi-igt-primo-rosso-750-ml-01.png')">
            <div class="hover"></div>
            
            <div class="stickers"></div>
        </div>
    </a>
    <div>
        <h4><a href="../vino-mesa-prim-ross-carign-75c.html"><b>Vino Mesa Prim Ross Carign 75c</b></a></h4>
        <p class="description">Mesa Isola dei Nuraghi IGT Primo Rosso 750 ml</p>
        <p class="right price"><b>7.99 €</b></p>
        <p class="right unitPrice">10.65 € per litre</p>
    </div>
    <div class="contButton">
    <a class="button bgRed white addToCart" href="#">Add</a>
</div>
</div><div class="left product prod88"
        data-name="Vino Mesa Prim Bianc Verm 75cl"
        data-price="7.99"
        data-id="28751"
        data-available="yes"
        data-category="421"
        data-bestselling="">
    <a href="../vino-mesa-prim-bianc-verm-75cl.html">
        <div style="background-image: url('../../cdn.spesati.com/images/products/000209041/mesa-vermentino-di-sardegna-doc-primo-bianco-750-ml-01.png')">
            <div class="hover"></div>
            
            <div class="stickers"></div>
        </div>
    </a>
    <div>
        <h4><a href="../vino-mesa-prim-bianc-verm-75cl.html"><b>Vino Mesa Prim Bianc Verm 75cl</b></a></h4>
        <p class="description">Mesa Vermentino di Sardegna DOC Primo Bianco 750 ml</p>
        <p class="right price"><b>7.99 €</b></p>
        <p class="right unitPrice">10.65 € per litre</p>
    </div>
    <div class="contButton">
    <a class="button bgRed white addToCart" href="#">Add</a>
</div>
</div><div class="left product prod89"
        data-name="Vino mesa primo scuro doc 75 cl"
        data-price="9.20"
        data-id="5255"
        data-available="yes"
        data-category="421"
        data-bestselling="">
    <a href="../vino-mesa-primo-scuro-doc-75-cl.html">
        <div style="background-image: url('../../cdn.spesati.com/images/products/000209039/mesa-cannonau-di-sardegna-doc-primo-scuro-750-ml-01.png')">
            <div class="hover"></div>
            
            <div class="stickers"></div>
        </div>
    </a>
    <div>
        <h4><a href="../vino-mesa-primo-scuro-doc-75-cl.html"><b>Vino mesa primo scuro doc 75 cl</b></a></h4>
        <p class="description">Mesa Cannonau di Sardegna DOC Primo Scuro 750 ml</p>
        <p class="right price"><b>9.20 €</b></p>
        <p class="right unitPrice">12.26 € per litre</p>
    </div>
    <div class="contButton">
    <a class="button bgRed white addToCart" href="#">Add</a>
</div>
</div><div class="left product prod90"
        data-name="Vino Buio Carignano Mesa"
        data-price="13.49"
        data-id="3754"
        data-available="yes"
        data-category="421"
        data-bestselling="">
    <a href="../vino-buio-carignano-mesa.html">
        <div style="background-image: url('../../cdn.spesati.com/images/products/000209032/mesa-buio-carignano-del-sulcis-doc-750-ml-01.png')">
            <div class="hover"></div>
            
            <div class="stickers"><img class="left" src="../../cdn.spesati.com/images/layout/sardinian.png" /></div>
        </div>
    </a>
    <div>
        <h4><a href="../vino-buio-carignano-mesa.html"><b>Vino Buio Carignano Mesa</b></a></h4>
        <p class="description">Mesa Buio Carignano del Sulcis DOC 750 ml</p>
        <p class="right price"><b>13.49 €</b></p>
        <p class="right unitPrice">17.98 € per litre</p>
    </div>
    <div class="contButton">
    <a class="button bgRed white addToCart" href="#">Add</a>
</div>
</div><div class="left product prod91"
        data-name="Vino Mesa Giunco 75cl"
        data-price="13.79"
        data-id="28745"
        data-available="yes"
        data-category="421"
        data-bestselling="">
    <a href="../vino-mesa-giunco-75cl.html">
        <div style="background-image: url('../../cdn.spesati.com/images/products/000209030/mesa-giunco-vermentino-di-sardegna-doc-750-ml-01.png')">
            <div class="hover"></div>
            
            <div class="stickers"></div>
        </div>
    </a>
    <div>
        <h4><a href="../vino-mesa-giunco-75cl.html"><b>Vino Mesa Giunco 75cl</b></a></h4>
        <p class="description">Mesa Giunco Vermentino di Sardegna DOC 750 ml</p>
        <p class="right price"><b>13.79 €</b></p>
        <p class="right unitPrice">18.39 € per litre</p>
    </div>
    <div class="contButton">
    <a class="button bgRed white addToCart" href="#">Add</a>
</div>
</div><div class="left product prod92"
        data-name="Vino Sella & Mosca Cannonau"
        data-price="6.79"
        data-id="3548"
        data-available="yes"
        data-category="421"
        data-bestselling="">
    <a href="../vino-sella-mosca-cannonau.html">
        <div style="background-image: url('../../cdn.spesati.com/images/products/000209015/sella-mosca-cannounau-di-sardegna-doc-750-ml-01.png')">
            <div class="hover"></div>
            
            <div class="stickers"><img class="left" src="../../cdn.spesati.com/images/layout/sardinian.png" /></div>
        </div>
    </a>
    <div>
        <h4><a href="../vino-sella-mosca-cannonau.html"><b>Vino Sella & Mosca Cannonau</b></a></h4>
        <p class="description">Sella & Mosca Cannounau di Sardegna DOC 750 ml</p>
        <p class="right price"><b>6.79 €</b></p>
        <p class="right unitPrice">9.05 € per litre</p>
    </div>
    <div class="contButton">
    <a class="button bgRed white addToCart" href="#">Add</a>
</div>
</div><div class="left product prod93"
        data-name="Spum La Gioios Prosec Friz 20c"
        data-price="2.89"
        data-id="28707"
        data-available="yes"
        data-category="421"
        data-bestselling="">
    <a href="../spum-la-gioios-prosec-friz-20c.html">
        <div style="background-image: url('../../cdn.spesati.com/images/products/000208211/la-gioiosa-prosecco-doc-20-cl-01.png')">
            <div class="hover"></div>
            
            <div class="stickers"></div>
        </div>
    </a>
    <div>
        <h4><a href="../spum-la-gioios-prosec-friz-20c.html"><b>Spum La Gioios Prosec Friz 20c</b></a></h4>
        <p class="description">La Gioiosa Prosecco DOC 20 cl</p>
        <p class="right price"><b>2.89 €</b></p>
        <p class="right unitPrice">14.46 € per litre</p>
    </div>
    <div class="contButton">
    <a class="button bgRed white addToCart" href="#">Add</a>
</div>
</div><div class="left product prod94"
        data-name="Vino Orgosolo Urulu 75cl Doc"
        data-price="19.57"
        data-id="28776"
        data-available="yes"
        data-category="421"
        data-bestselling="">
    <a href="../vino-orgosolo-urulu-75cl-doc.html">
        <div style="background-image: url('../../cdn.spesati.com/images/products/missing-image/missing-image.jpg')">
            <div class="hover"></div>
            
            <div class="stickers"></div>
        </div>
    </a>
    <div>
        <h4><a href="../vino-orgosolo-urulu-75cl-doc.html"><b>Vino Orgosolo Urulu 75cl Doc</b></a></h4>
        <p class="description">0.75 Lt</p>
        <p class="right price"><b>19.57 €</b></p>
        <p class="right unitPrice">26.10 € per litre</p>
    </div>
    <div class="contButton">
    <a class="button bgRed white addToCart" href="#">Add</a>
</div>
</div><div class="left product prod95"
        data-name="Vino Orgosolo Locoe 75cl Igt"
        data-price="13.91"
        data-id="28777"
        data-available="yes"
        data-category="421"
        data-bestselling="">
    <a href="../vino-orgosolo-locoe-75cl-igt.html">
        <div style="background-image: url('../../cdn.spesati.com/images/products/missing-image/missing-image.jpg')">
            <div class="hover"></div>
            
            <div class="stickers"></div>
        </div>
    </a>
    <div>
        <h4><a href="../vino-orgosolo-locoe-75cl-igt.html"><b>Vino Orgosolo Locoe 75cl Igt</b></a></h4>
        <p class="description">0.75 Lt</p>
        <p class="right price"><b>13.91 €</b></p>
        <p class="right unitPrice">18.54 € per litre</p>
    </div>
    <div class="contButton">
    <a class="button bgRed white addToCart" href="#">Add</a>
</div>
</div><div class="left product prod96"
        data-name="Vino Tondini Karag Magnu Docg"
        data-price="49.90"
        data-id="28971"
        data-available="yes"
        data-category="421"
        data-bestselling="">
    <a href="../vino-tondini-karag-magnu-docg.html">
        <div style="background-image: url('../../cdn.spesati.com/images/products/missing-image/missing-image.jpg')">
            <div class="hover"></div>
            
            <div class="stickers"></div>
        </div>
    </a>
    <div>
        <h4><a href="../vino-tondini-karag-magnu-docg.html"><b>Vino Tondini Karag Magnu Docg</b></a></h4>
        <p class="description">1.5 Lt</p>
        <p class="right price"><b>49.90 €</b></p>
        <p class="right unitPrice">33.27 € per litre</p>
    </div>
    <div class="contButton">
    <a class="button bgRed white addToCart" href="#">Add</a>
</div>
</div><div class="left product prod97"
        data-name="Vino Contini Mamaioa 75cl Ross"
        data-price="10.74"
        data-id="28780"
        data-available="yes"
        data-category="421"
        data-bestselling="">
    <a href="../vino-contini-mamaioa-75cl-ross.html">
        <div style="background-image: url('../../cdn.spesati.com/images/products/missing-image/missing-image.jpg')">
            <div class="hover"></div>
            
            <div class="stickers"></div>
        </div>
    </a>
    <div>
        <h4><a href="../vino-contini-mamaioa-75cl-ross.html"><b>Vino Contini Mamaioa 75cl Ross</b></a></h4>
        <p class="description">0.75 Lt</p>
        <p class="right price"><b>10.74 €</b></p>
        <p class="right unitPrice">14.32 € per litre</p>
    </div>
    <div class="contButton">
    <a class="button bgRed white addToCart" href="#">Add</a>
</div>
</div><div class="left product prod98"
        data-name="Vino Contini Mamaioa 75cl Bian"
        data-price="10.74"
        data-id="28781"
        data-available="yes"
        data-category="421"
        data-bestselling="">
    <a href="../vino-contini-mamaioa-75cl-bian.html">
        <div style="background-image: url('../../cdn.spesati.com/images/products/missing-image/missing-image.jpg')">
            <div class="hover"></div>
            
            <div class="stickers"></div>
        </div>
    </a>
    <div>
        <h4><a href="../vino-contini-mamaioa-75cl-bian.html"><b>Vino Contini Mamaioa 75cl Bian</b></a></h4>
        <p class="description">0.75 Lt</p>
        <p class="right price"><b>10.74 €</b></p>
        <p class="right unitPrice">14.32 € per litre</p>
    </div>
    <div class="contButton">
    <a class="button bgRed white addToCart" href="#">Add</a>
</div>
</div><div class="left product prod99"
        data-name="Vino Contini I Giganti Nied 75"
        data-price="22.36"
        data-id="28782"
        data-available="yes"
        data-category="421"
        data-bestselling="">
    <a href="../vino-contini-i-giganti-nied-75.html">
        <div style="background-image: url('../../cdn.spesati.com/images/products/missing-image/missing-image.jpg')">
            <div class="hover"></div>
            
            <div class="stickers"></div>
        </div>
    </a>
    <div>
        <h4><a href="../vino-contini-i-giganti-nied-75.html"><b>Vino Contini I Giganti Nied 75</b></a></h4>
        <p class="description">0.75 Lt</p>
        <p class="right price"><b>22.36 €</b></p>
        <p class="right unitPrice">29.82 € per litre</p>
    </div>
    <div class="contButton">
    <a class="button bgRed white addToCart" href="#">Add</a>
</div>
</div><div class="left product prod100"
        data-name="Vino Contini Barrile Magnum"
        data-price="84.84"
        data-id="28785"
        data-available="yes"
        data-category="421"
        data-bestselling="">
    <a href="../vino-contini-barrile-magnum.html">
        <div style="background-image: url('../../cdn.spesati.com/images/products/missing-image/missing-image.jpg')">
            <div class="hover"></div>
            
            <div class="stickers"></div>
        </div>
    </a>
    <div>
        <h4><a href="../vino-contini-barrile-magnum.html"><b>Vino Contini Barrile Magnum</b></a></h4>
        <p class="description">1 piece</p>
        <p class="right price"><b>84.84 €</b></p>
        <p class="right unitPrice">84.84 € per piece</p>
    </div>
    <div class="contButton">
    <a class="button bgRed white addToCart" href="#">Add</a>
</div>
</div><div class="left product prod101"
        data-name="Vino Contini Inu Magnum"
        data-price="42.75"
        data-id="28786"
        data-available="yes"
        data-category="421"
        data-bestselling="">
    <a href="../vino-contini-inu-magnum.html">
        <div style="background-image: url('../../cdn.spesati.com/images/products/missing-image/missing-image.jpg')">
            <div class="hover"></div>
            
            <div class="stickers"></div>
        </div>
    </a>
    <div>
        <h4><a href="../vino-contini-inu-magnum.html"><b>Vino Contini Inu Magnum</b></a></h4>
        <p class="description">1.5 Lt</p>
        <p class="right price"><b>42.75 €</b></p>
        <p class="right unitPrice">28.50 € per litre</p>
    </div>
    <div class="contButton">
    <a class="button bgRed white addToCart" href="#">Add</a>
</div>
</div><div class="left product prod102"
        data-name="Vino Puggioni Mamuthone 375 Ml"
        data-price="8.63"
        data-id="28789"
        data-available="yes"
        data-category="421"
        data-bestselling="">
    <a href="../vino-puggioni-mamuthone-375-ml.html">
        <div style="background-image: url('../../cdn.spesati.com/images/products/missing-image/missing-image.jpg')">
            <div class="hover"></div>
            
            <div class="stickers"></div>
        </div>
    </a>
    <div>
        <h4><a href="../vino-puggioni-mamuthone-375-ml.html"><b>Vino Puggioni Mamuthone 375 Ml</b></a></h4>
        <p class="description">0.38 Lt</p>
        <p class="right price"><b>8.63 €</b></p>
        <p class="right unitPrice">23.01 € per litre</p>
    </div>
    <div class="contButton">
    <a class="button bgRed white addToCart" href="#">Add</a>
</div>
</div><div class="left product prod103"
        data-name="Vino Dolian.1,5 Nuragus"
        data-price="5.99"
        data-id="28793"
        data-available="yes"
        data-category="421"
        data-bestselling="">
    <a href="../vino-dolian15-nuragus.html">
        <div style="background-image: url('../../cdn.spesati.com/images/products/missing-image/missing-image.jpg')">
            <div class="hover"></div>
            
            <div class="stickers"></div>
        </div>
    </a>
    <div>
        <h4><a href="../vino-dolian15-nuragus.html"><b>Vino Dolian.1,5 Nuragus</b></a></h4>
        <p class="description">1.5 Lt</p>
        <p class="right price"><b>5.99 €</b></p>
        <p class="right unitPrice">3.99 € per litre</p>
    </div>
    <div class="contButton">
    <a class="button bgRed white addToCart" href="#">Add</a>
</div>
</div><div class="left product prod104"
        data-name="Vino Dolian.1,5 Isola N. Rosso"
        data-price="6.29"
        data-id="28795"
        data-available="yes"
        data-category="421"
        data-bestselling="">
    <a href="../vino-dolian15-isola-n-rosso.html">
        <div style="background-image: url('../../cdn.spesati.com/images/products/missing-image/missing-image.jpg')">
            <div class="hover"></div>
            
            <div class="stickers"></div>
        </div>
    </a>
    <div>
        <h4><a href="../vino-dolian15-isola-n-rosso.html"><b>Vino Dolian.1,5 Isola N. Rosso</b></a></h4>
        <p class="description">1.5 Lt</p>
        <p class="right price"><b>6.29 €</b></p>
        <p class="right unitPrice">4.20 € per litre</p>
    </div>
    <div class="contButton">
    <a class="button bgRed white addToCart" href="#">Add</a>
</div>
</div><div class="left product prod105"
        data-name="Vino Puggion Mamuth Sca C-acc"
        data-price="29.99"
        data-id="28796"
        data-available="yes"
        data-category="421"
        data-bestselling="">
    <a href="../vino-puggion-mamuth-sca-c-acc.html">
        <div style="background-image: url('../../cdn.spesati.com/images/products/missing-image/missing-image.jpg')">
            <div class="hover"></div>
            
            <div class="stickers"></div>
        </div>
    </a>
    <div>
        <h4><a href="../vino-puggion-mamuth-sca-c-acc.html"><b>Vino Puggion Mamuth Sca C-acc</b></a></h4>
        <p class="description">0.75 Lt</p>
        <p class="right price"><b>29.99 €</b></p>
        <p class="right unitPrice">39.99 € per litre</p>
    </div>
    <div class="contButton">
    <a class="button bgRed white addToCart" href="#">Add</a>
</div>
</div><div class="left product prod106"
        data-name="Vino Puggion Mam-lak C-masc 2p"
        data-price="59.00"
        data-id="28799"
        data-available="yes"
        data-category="421"
        data-bestselling="">
    <a href="../vino-puggion-mam-lak-c-masc-2p.html">
        <div style="background-image: url('../../cdn.spesati.com/images/products/missing-image/missing-image.jpg')">
            <div class="hover"></div>
            
            <div class="stickers"></div>
        </div>
    </a>
    <div>
        <h4><a href="../vino-puggion-mam-lak-c-masc-2p.html"><b>Vino Puggion Mam-lak C-masc 2p</b></a></h4>
        <p class="description">0.75 Lt</p>
        <p class="right price"><b>59.00 €</b></p>
        <p class="right unitPrice">78.67 € per litre</p>
    </div>
    <div class="contButton">
    <a class="button bgRed white addToCart" href="#">Add</a>
</div>
</div><div class="left product prod107"
        data-name="Vino Puggioni Mamuthone 1.5cl"
        data-price="39.90"
        data-id="28800"
        data-available="yes"
        data-category="421"
        data-bestselling="">
    <a href="../vino-puggioni-mamuthone-15cl.html">
        <div style="background-image: url('../../cdn.spesati.com/images/products/missing-image/missing-image.jpg')">
            <div class="hover"></div>
            
            <div class="stickers"></div>
        </div>
    </a>
    <div>
        <h4><a href="../vino-puggioni-mamuthone-15cl.html"><b>Vino Puggioni Mamuthone 1.5cl</b></a></h4>
        <p class="description">1.5 Lt</p>
        <p class="right price"><b>39.90 €</b></p>
        <p class="right unitPrice">26.60 € per litre</p>
    </div>
    <div class="contButton">
    <a class="button bgRed white addToCart" href="#">Add</a>
</div>
</div><div class="left product prod108"
        data-name="Vino Sm La Palma Vermen Blu 75"
        data-price="9.39"
        data-id="28802"
        data-available="yes"
        data-category="421"
        data-bestselling="">
    <a href="../vino-sm-la-palma-vermen-blu-75.html">
        <div style="background-image: url('../../cdn.spesati.com/images/products/missing-image/missing-image.jpg')">
            <div class="hover"></div>
            
            <div class="stickers"></div>
        </div>
    </a>
    <div>
        <h4><a href="../vino-sm-la-palma-vermen-blu-75.html"><b>Vino Sm La Palma Vermen Blu 75</b></a></h4>
        <p class="description">0.75 Lt</p>
        <p class="right price"><b>9.39 €</b></p>
        <p class="right unitPrice">12.52 € per litre</p>
    </div>
    <div class="contButton">
    <a class="button bgRed white addToCart" href="#">Add</a>
</div>
</div><div class="left product prod109"
        data-name="Vino Surrau Sciala Ver 75 V-ta"
        data-price="29.90"
        data-id="28803"
        data-available="yes"
        data-category="421"
        data-bestselling="">
    <a href="../vino-surrau-sciala-ver-75-v-ta.html">
        <div style="background-image: url('../../cdn.spesati.com/images/products/missing-image/missing-image.jpg')">
            <div class="hover"></div>
            
            <div class="stickers"></div>
        </div>
    </a>
    <div>
        <h4><a href="../vino-surrau-sciala-ver-75-v-ta.html"><b>Vino Surrau Sciala Ver 75 V-ta</b></a></h4>
        <p class="description">0.75 Lt</p>
        <p class="right price"><b>29.90 €</b></p>
        <p class="right unitPrice">39.87 € per litre</p>
    </div>
    <div class="contButton">
    <a class="button bgRed white addToCart" href="#">Add</a>
</div>
</div><div class="left product prod110"
        data-name="Vino Surrau Barriu Igt Cl75"
        data-price="23.49"
        data-id="28814"
        data-available="yes"
        data-category="421"
        data-bestselling="">
    <a href="../vino-surrau-barriu-igt-cl75.html">
        <div style="background-image: url('../../cdn.spesati.com/images/products/missing-image/missing-image.jpg')">
            <div class="hover"></div>
            
            <div class="stickers"></div>
        </div>
    </a>
    <div>
        <h4><a href="../vino-surrau-barriu-igt-cl75.html"><b>Vino Surrau Barriu Igt Cl75</b></a></h4>
        <p class="description">0.75 Lt</p>
        <p class="right price"><b>23.49 €</b></p>
        <p class="right unitPrice">31.32 € per litre</p>
    </div>
    <div class="contButton">
    <a class="button bgRed white addToCart" href="#">Add</a>
</div>
</div><div class="left product prod111"
        data-name="Vino Dorgali Cann.isalle 1.5l"
        data-price="27.90"
        data-id="28815"
        data-available="yes"
        data-category="421"
        data-bestselling="">
    <a href="../vino-dorgali-cannisalle-15l.html">
        <div style="background-image: url('../../cdn.spesati.com/images/products/missing-image/missing-image.jpg')">
            <div class="hover"></div>
            
            <div class="stickers"></div>
        </div>
    </a>
    <div>
        <h4><a href="../vino-dorgali-cannisalle-15l.html"><b>Vino Dorgali Cann.isalle 1.5l</b></a></h4>
        <p class="description">1.5 Lt</p>
        <p class="right price"><b>27.90 €</b></p>
        <p class="right unitPrice">18.61 € per litre</p>
    </div>
    <div class="contButton">
    <a class="button bgRed white addToCart" href="#">Add</a>
</div>
</div><div class="left product prod112"
        data-name="Vino Sedilesu Mamuthone 1.5lt"
        data-price="45.60"
        data-id="28818"
        data-available="yes"
        data-category="421"
        data-bestselling="">
    <a href="../vino-sedilesu-mamuthone-15lt.html">
        <div style="background-image: url('../../cdn.spesati.com/images/products/missing-image/missing-image.jpg')">
            <div class="hover"></div>
            
            <div class="stickers"></div>
        </div>
    </a>
    <div>
        <h4><a href="../vino-sedilesu-mamuthone-15lt.html"><b>Vino Sedilesu Mamuthone 1.5lt</b></a></h4>
        <p class="description">1.5 Lt</p>
        <p class="right price"><b>45.60 €</b></p>
        <p class="right unitPrice">30.40 € per litre</p>
    </div>
    <div class="contButton">
    <a class="button bgRed white addToCart" href="#">Add</a>
</div>
</div><div class="left product prod113"
        data-name="Vino Jerzu Cannon 13.5doc 75cl"
        data-price="6.99"
        data-id="28824"
        data-available="yes"
        data-category="421"
        data-bestselling="">
    <a href="../vino-jerzu-cannon-135doc-75cl.html">
        <div style="background-image: url('../../cdn.spesati.com/images/products/missing-image/missing-image.jpg')">
            <div class="hover"></div>
            
            <div class="stickers"></div>
        </div>
    </a>
    <div>
        <h4><a href="../vino-jerzu-cannon-135doc-75cl.html"><b>Vino Jerzu Cannon 13.5doc 75cl</b></a></h4>
        <p class="description">0.75 Lt</p>
        <p class="right price"><b>6.99 €</b></p>
        <p class="right unitPrice">9.32 € per litre</p>
    </div>
    <div class="contButton">
    <a class="button bgRed white addToCart" href="#">Add</a>
</div>
</div><div class="left product prod114"
        data-name="Vino Parpinello Cagnulari 1.5c"
        data-price="53.02"
        data-id="28825"
        data-available="yes"
        data-category="421"
        data-bestselling="">
    <a href="../vino-parpinello-cagnulari-15c.html">
        <div style="background-image: url('../../cdn.spesati.com/images/products/missing-image/missing-image.jpg')">
            <div class="hover"></div>
            
            <div class="stickers"></div>
        </div>
    </a>
    <div>
        <h4><a href="../vino-parpinello-cagnulari-15c.html"><b>Vino Parpinello Cagnulari 1.5c</b></a></h4>
        <p class="description">1.5 Lt</p>
        <p class="right price"><b>53.02 €</b></p>
        <p class="right unitPrice">35.34 € per litre</p>
    </div>
    <div class="contButton">
    <a class="button bgRed white addToCart" href="#">Add</a>
</div>
</div><div class="left product prod115"
        data-name="Vino Jerzu Cannon.riser Doc 75"
        data-price="8.99"
        data-id="28829"
        data-available="yes"
        data-category="421"
        data-bestselling="">
    <a href="../vino-jerzu-cannonriser-doc-75.html">
        <div style="background-image: url('../../cdn.spesati.com/images/products/missing-image/missing-image.jpg')">
            <div class="hover"></div>
            
            <div class="stickers"></div>
        </div>
    </a>
    <div>
        <h4><a href="../vino-jerzu-cannonriser-doc-75.html"><b>Vino Jerzu Cannon.riser Doc 75</b></a></h4>
        <p class="description">0.75 Lt</p>
        <p class="right price"><b>8.99 €</b></p>
        <p class="right unitPrice">11.99 € per litre</p>
    </div>
    <div class="contButton">
    <a class="button bgRed white addToCart" href="#">Add</a>
</div>
</div><div class="left product prod116"
        data-name="Vino Jerzu Cann Doc Josto M.75"
        data-price="18.90"
        data-id="28830"
        data-available="yes"
        data-category="421"
        data-bestselling="">
    <a href="../vino-jerzu-cann-doc-josto-m75.html">
        <div style="background-image: url('../../cdn.spesati.com/images/products/missing-image/missing-image.jpg')">
            <div class="hover"></div>
            
            <div class="stickers"></div>
        </div>
    </a>
    <div>
        <h4><a href="../vino-jerzu-cann-doc-josto-m75.html"><b>Vino Jerzu Cann Doc Josto M.75</b></a></h4>
        <p class="description">0.75 Lt</p>
        <p class="right price"><b>18.90 €</b></p>
        <p class="right unitPrice">25.21 € per litre</p>
    </div>
    <div class="contButton">
    <a class="button bgRed white addToCart" href="#">Add</a>
</div>
</div><div class="left product prod117"
        data-name="Vino Dorgali Bardia S-solf 75c"
        data-price="7.99"
        data-id="28833"
        data-available="yes"
        data-category="421"
        data-bestselling="">
    <a href="../vino-dorgali-bardia-s-solf-75c.html">
        <div style="background-image: url('../../cdn.spesati.com/images/products/missing-image/missing-image.jpg')">
            <div class="hover"></div>
            
            <div class="stickers"></div>
        </div>
    </a>
    <div>
        <h4><a href="../vino-dorgali-bardia-s-solf-75c.html"><b>Vino Dorgali Bardia S-solf 75c</b></a></h4>
        <p class="description">0.75 Lt</p>
        <p class="right price"><b>7.99 €</b></p>
        <p class="right unitPrice">10.65 € per litre</p>
    </div>
    <div class="contButton">
    <a class="button bgRed white addToCart" href="#">Add</a>
</div>
</div><div class="left product prod118"
        data-name="Vino Sedilesu Sartiu Cannon 75"
        data-price="11.49"
        data-id="28837"
        data-available="yes"
        data-category="421"
        data-bestselling="">
    <a href="../vino-sedilesu-sartiu-cannon-75.html">
        <div style="background-image: url('../../cdn.spesati.com/images/products/missing-image/missing-image.jpg')">
            <div class="hover"></div>
            
            <div class="stickers"></div>
        </div>
    </a>
    <div>
        <h4><a href="../vino-sedilesu-sartiu-cannon-75.html"><b>Vino Sedilesu Sartiu Cannon 75</b></a></h4>
        <p class="description">0.75 Lt</p>
        <p class="right price"><b>11.49 €</b></p>
        <p class="right unitPrice">15.32 € per litre</p>
    </div>
    <div class="contButton">
    <a class="button bgRed white addToCart" href="#">Add</a>
</div>
</div><div class="left product prod119"
        data-name="Vino Mogoro Puisteris Doc Sem"
        data-price="23.44"
        data-id="28842"
        data-available="yes"
        data-category="421"
        data-bestselling="">
    <a href="../vino-mogoro-puisteris-doc-sem.html">
        <div style="background-image: url('../../cdn.spesati.com/images/products/missing-image/missing-image.jpg')">
            <div class="hover"></div>
            
            <div class="stickers"></div>
        </div>
    </a>
    <div>
        <h4><a href="../vino-mogoro-puisteris-doc-sem.html"><b>Vino Mogoro Puisteris Doc Sem</b></a></h4>
        <p class="description">0.75 Lt</p>
        <p class="right price"><b>23.44 €</b></p>
        <p class="right unitPrice">31.26 € per litre</p>
    </div>
    <div class="contButton">
    <a class="button bgRed white addToCart" href="#">Add</a>
</div>
</div><div class="left product prod120"
        data-name="Vino Monti Aghiloia Verm.docg"
        data-price="7.89"
        data-id="28843"
        data-available="yes"
        data-category="421"
        data-bestselling="">
    <a href="../vino-monti-aghiloia-vermdocg.html">
        <div style="background-image: url('../../cdn.spesati.com/images/products/missing-image/missing-image.jpg')">
            <div class="hover"></div>
            
            <div class="stickers"></div>
        </div>
    </a>
    <div>
        <h4><a href="../vino-monti-aghiloia-vermdocg.html"><b>Vino Monti Aghiloia Verm.docg</b></a></h4>
        <p class="description">0.75 Lt</p>
        <p class="right price"><b>7.89 €</b></p>
        <p class="right unitPrice">10.52 € per litre</p>
    </div>
    <div class="contButton">
    <a class="button bgRed white addToCart" href="#">Add</a>
</div>
</div><div class="left product prod121"
        data-name="Vino Mogoro Tiernu Bovale"
        data-price="10.99"
        data-id="28848"
        data-available="yes"
        data-category="421"
        data-bestselling="">
    <a href="../vino-mogoro-tiernu-bovale.html">
        <div style="background-image: url('../../cdn.spesati.com/images/products/missing-image/missing-image.jpg')">
            <div class="hover"></div>
            
            <div class="stickers"></div>
        </div>
    </a>
    <div>
        <h4><a href="../vino-mogoro-tiernu-bovale.html"><b>Vino Mogoro Tiernu Bovale</b></a></h4>
        <p class="description">0.75 Lt</p>
        <p class="right price"><b>10.99 €</b></p>
        <p class="right unitPrice">14.65 € per litre</p>
    </div>
    <div class="contButton">
    <a class="button bgRed white addToCart" href="#">Add</a>
</div>
</div><div class="left product prod122"
        data-name="Vino Mogoro Anastasia Semidano"
        data-price="10.99"
        data-id="28851"
        data-available="yes"
        data-category="421"
        data-bestselling="">
    <a href="../vino-mogoro-anastasia-semidano.html">
        <div style="background-image: url('../../cdn.spesati.com/images/products/missing-image/missing-image.jpg')">
            <div class="hover"></div>
            
            <div class="stickers"></div>
        </div>
    </a>
    <div>
        <h4><a href="../vino-mogoro-anastasia-semidano.html"><b>Vino Mogoro Anastasia Semidano</b></a></h4>
        <p class="description">0.75 Lt</p>
        <p class="right price"><b>10.99 €</b></p>
        <p class="right unitPrice">14.65 € per litre</p>
    </div>
    <div class="contButton">
    <a class="button bgRed white addToCart" href="#">Add</a>
</div>
</div><div class="left product prod123"
        data-name="Vino Mogoro Don Giovanni Verm."
        data-price="10.16"
        data-id="28852"
        data-available="yes"
        data-category="421"
        data-bestselling="">
    <a href="../vino-mogoro-don-giovanni-verm.html">
        <div style="background-image: url('../../cdn.spesati.com/images/products/missing-image/missing-image.jpg')">
            <div class="hover"></div>
            
            <div class="stickers"></div>
        </div>
    </a>
    <div>
        <h4><a href="../vino-mogoro-don-giovanni-verm.html"><b>Vino Mogoro Don Giovanni Verm.</b></a></h4>
        <p class="description">0.75 Lt</p>
        <p class="right price"><b>10.16 €</b></p>
        <p class="right unitPrice">13.55 € per litre</p>
    </div>
    <div class="contButton">
    <a class="button bgRed white addToCart" href="#">Add</a>
</div>
</div><div class="left product prod124"
        data-name="Vino Oliena Corrasi Ris 1,5lt"
        data-price="69.53"
        data-id="28854"
        data-available="yes"
        data-category="421"
        data-bestselling="">
    <a href="../vino-oliena-corrasi-ris-15lt.html">
        <div style="background-image: url('../../cdn.spesati.com/images/products/missing-image/missing-image.jpg')">
            <div class="hover"></div>
            
            <div class="stickers"></div>
        </div>
    </a>
    <div>
        <h4><a href="../vino-oliena-corrasi-ris-15lt.html"><b>Vino Oliena Corrasi Ris 1,5lt</b></a></h4>
        <p class="description">1.5 Lt</p>
        <p class="right price"><b>69.53 €</b></p>
        <p class="right unitPrice">46.36 € per litre</p>
    </div>
    <div class="contButton">
    <a class="button bgRed white addToCart" href="#">Add</a>
</div>
</div><div class="left product prod125"
        data-name="Vino Oliena Nepente 1,5lt"
        data-price="38.90"
        data-id="28865"
        data-available="yes"
        data-category="421"
        data-bestselling="">
    <a href="../vino-oliena-nepente-15lt.html">
        <div style="background-image: url('../../cdn.spesati.com/images/products/missing-image/missing-image.jpg')">
            <div class="hover"></div>
            
            <div class="stickers"></div>
        </div>
    </a>
    <div>
        <h4><a href="../vino-oliena-nepente-15lt.html"><b>Vino Oliena Nepente 1,5lt</b></a></h4>
        <p class="description">1.5 Lt</p>
        <p class="right price"><b>38.90 €</b></p>
        <p class="right unitPrice">25.94 € per litre</p>
    </div>
    <div class="contButton">
    <a class="button bgRed white addToCart" href="#">Add</a>
</div>
</div><div class="left product prod126"
        data-name="Vino Santadi Villa Solais Verm"
        data-price="6.99"
        data-id="28867"
        data-available="yes"
        data-category="421"
        data-bestselling="">
    <a href="../vino-santadi-villa-solais-verm.html">
        <div style="background-image: url('../../cdn.spesati.com/images/products/missing-image/missing-image.jpg')">
            <div class="hover"></div>
            
            <div class="stickers"></div>
        </div>
    </a>
    <div>
        <h4><a href="../vino-santadi-villa-solais-verm.html"><b>Vino Santadi Villa Solais Verm</b></a></h4>
        <p class="description">0.75 Lt</p>
        <p class="right price"><b>6.99 €</b></p>
        <p class="right unitPrice">9.32 € per litre</p>
    </div>
    <div class="contButton">
    <a class="button bgRed white addToCart" href="#">Add</a>
</div>
</div><div class="left product prod127"
        data-name="Vino Santadi C.silente Verm.75"
        data-price="10.29"
        data-id="28869"
        data-available="yes"
        data-category="421"
        data-bestselling="">
    <a href="../vino-santadi-csilente-verm75.html">
        <div style="background-image: url('../../cdn.spesati.com/images/products/missing-image/missing-image.jpg')">
            <div class="hover"></div>
            
            <div class="stickers"></div>
        </div>
    </a>
    <div>
        <h4><a href="../vino-santadi-csilente-verm75.html"><b>Vino Santadi C.silente Verm.75</b></a></h4>
        <p class="description">0.75 Lt</p>
        <p class="right price"><b>10.29 €</b></p>
        <p class="right unitPrice">13.73 € per litre</p>
    </div>
    <div class="contButton">
    <a class="button bgRed white addToCart" href="#">Add</a>
</div>
</div><div class="left product prod128"
        data-name="Vino Santadi Antigua Monic Doc"
        data-price="7.90"
        data-id="28873"
        data-available="yes"
        data-category="421"
        data-bestselling="">
    <a href="../vino-santadi-antigua-monic-doc.html">
        <div style="background-image: url('../../cdn.spesati.com/images/products/missing-image/missing-image.jpg')">
            <div class="hover"></div>
            
            <div class="stickers"></div>
        </div>
    </a>
    <div>
        <h4><a href="../vino-santadi-antigua-monic-doc.html"><b>Vino Santadi Antigua Monic Doc</b></a></h4>
        <p class="description">0.75 Lt</p>
        <p class="right price"><b>7.90 €</b></p>
        <p class="right unitPrice">10.53 € per litre</p>
    </div>
    <div class="contButton">
    <a class="button bgRed white addToCart" href="#">Add</a>
</div>
</div><div class="left product prod129"
        data-name="Vino Fradiles Mandrolis Doc 75"
        data-price="11.99"
        data-id="28874"
        data-available="yes"
        data-category="421"
        data-bestselling="">
    <a href="../vino-fradiles-mandrolis-doc-75.html">
        <div style="background-image: url('../../cdn.spesati.com/images/products/missing-image/missing-image.jpg')">
            <div class="hover"></div>
            
            <div class="stickers"></div>
        </div>
    </a>
    <div>
        <h4><a href="../vino-fradiles-mandrolis-doc-75.html"><b>Vino Fradiles Mandrolis Doc 75</b></a></h4>
        <p class="description">0.75 Lt</p>
        <p class="right price"><b>11.99 €</b></p>
        <p class="right unitPrice">15.98 € per litre</p>
    </div>
    <div class="contButton">
    <a class="button bgRed white addToCart" href="#">Add</a>
</div>
</div><div class="left product prod130"
        data-name="Vino Santadi Pedraia Nurag Doc"
        data-price="7.19"
        data-id="28875"
        data-available="yes"
        data-category="421"
        data-bestselling="">
    <a href="../vino-santadi-pedraia-nurag-doc.html">
        <div style="background-image: url('../../cdn.spesati.com/images/products/missing-image/missing-image.jpg')">
            <div class="hover"></div>
            
            <div class="stickers"></div>
        </div>
    </a>
    <div>
        <h4><a href="../vino-santadi-pedraia-nurag-doc.html"><b>Vino Santadi Pedraia Nurag Doc</b></a></h4>
        <p class="description">0.75 Lt</p>
        <p class="right price"><b>7.19 €</b></p>
        <p class="right unitPrice">9.59 € per litre</p>
    </div>
    <div class="contButton">
    <a class="button bgRed white addToCart" href="#">Add</a>
</div>
</div><div class="left product prod131"
        data-name="Vino Santadi Cala Silente 375m"
        data-price="6.51"
        data-id="28883"
        data-available="yes"
        data-category="421"
        data-bestselling="">
    <a href="../vino-santadi-cala-silente-375m.html">
        <div style="background-image: url('../../cdn.spesati.com/images/products/missing-image/missing-image.jpg')">
            <div class="hover"></div>
            
            <div class="stickers"></div>
        </div>
    </a>
    <div>
        <h4><a href="../vino-santadi-cala-silente-375m.html"><b>Vino Santadi Cala Silente 375m</b></a></h4>
        <p class="description">0.38 Lt</p>
        <p class="right price"><b>6.51 €</b></p>
        <p class="right unitPrice">17.35 € per litre</p>
    </div>
    <div class="contButton">
    <a class="button bgRed white addToCart" href="#">Add</a>
</div>
</div><div class="left product prod132"
        data-name="Vino Santadi Terre Brune 375ml"
        data-price="18.90"
        data-id="28884"
        data-available="yes"
        data-category="421"
        data-bestselling="">
    <a href="../vino-santadi-terre-brune-375ml.html">
        <div style="background-image: url('../../cdn.spesati.com/images/products/missing-image/missing-image.jpg')">
            <div class="hover"></div>
            
            <div class="stickers"></div>
        </div>
    </a>
    <div>
        <h4><a href="../vino-santadi-terre-brune-375ml.html"><b>Vino Santadi Terre Brune 375ml</b></a></h4>
        <p class="description">0.38 Lt</p>
        <p class="right price"><b>18.90 €</b></p>
        <p class="right unitPrice">50.40 € per litre</p>
    </div>
    <div class="contButton">
    <a class="button bgRed white addToCart" href="#">Add</a>
</div>
</div><div class="left product prod133"
        data-name="Vino Santadi Sardos 1,5lt"
        data-price="107.79"
        data-id="28886"
        data-available="yes"
        data-category="421"
        data-bestselling="">
    <a href="../vino-santadi-sardos-15lt.html">
        <div style="background-image: url('../../cdn.spesati.com/images/products/missing-image/missing-image.jpg')">
            <div class="hover"></div>
            
            <div class="stickers"></div>
        </div>
    </a>
    <div>
        <h4><a href="../vino-santadi-sardos-15lt.html"><b>Vino Santadi Sardos 1,5lt</b></a></h4>
        <p class="description">1.5 Lt</p>
        <p class="right price"><b>107.79 €</b></p>
        <p class="right unitPrice">71.86 € per litre</p>
    </div>
    <div class="contButton">
    <a class="button bgRed white addToCart" href="#">Add</a>
</div>
</div><div class="left product prod134"
        data-name="Vino Santadi Rocca Rubia 1.5lt"
        data-price="69.54"
        data-id="28892"
        data-available="yes"
        data-category="421"
        data-bestselling="">
    <a href="../vino-santadi-rocca-rubia-15lt.html">
        <div style="background-image: url('../../cdn.spesati.com/images/products/missing-image/missing-image.jpg')">
            <div class="hover"></div>
            
            <div class="stickers"></div>
        </div>
    </a>
    <div>
        <h4><a href="../vino-santadi-rocca-rubia-15lt.html"><b>Vino Santadi Rocca Rubia 1.5lt</b></a></h4>
        <p class="description">1.5 Lt</p>
        <p class="right price"><b>69.54 €</b></p>
        <p class="right unitPrice">46.36 € per litre</p>
    </div>
    <div class="contButton">
    <a class="button bgRed white addToCart" href="#">Add</a>
</div>
</div><div class="left product prod135"
        data-name="Vino Santadi Rocca Rubia 3 Lt"
        data-price="84.90"
        data-id="28893"
        data-available="yes"
        data-category="421"
        data-bestselling="">
    <a href="../vino-santadi-rocca-rubia-3-lt.html">
        <div style="background-image: url('../../cdn.spesati.com/images/products/missing-image/missing-image.jpg')">
            <div class="hover"></div>
            
            <div class="stickers"></div>
        </div>
    </a>
    <div>
        <h4><a href="../vino-santadi-rocca-rubia-3-lt.html"><b>Vino Santadi Rocca Rubia 3 Lt</b></a></h4>
        <p class="description">3 Lt</p>
        <p class="right price"><b>84.90 €</b></p>
        <p class="right unitPrice">28.30 € per litre</p>
    </div>
    <div class="contButton">
    <a class="button bgRed white addToCart" href="#">Add</a>
</div>
</div><div class="left product prod136"
        data-name="Vino Carpante Longhera Doc 75c"
        data-price="11.76"
        data-id="28894"
        data-available="yes"
        data-category="421"
        data-bestselling="">
    <a href="../vino-carpante-longhera-doc-75c.html">
        <div style="background-image: url('../../cdn.spesati.com/images/products/missing-image/missing-image.jpg')">
            <div class="hover"></div>
            
            <div class="stickers"></div>
        </div>
    </a>
    <div>
        <h4><a href="../vino-carpante-longhera-doc-75c.html"><b>Vino Carpante Longhera Doc 75c</b></a></h4>
        <p class="description">0.75 Lt</p>
        <p class="right price"><b>11.76 €</b></p>
        <p class="right unitPrice">15.68 € per litre</p>
    </div>
    <div class="contButton">
    <a class="button bgRed white addToCart" href="#">Add</a>
</div>
</div><div class="left product prod137"
        data-name="Vino Castiad Bag Box Ross 20lt"
        data-price="51.28"
        data-id="28900"
        data-available="yes"
        data-category="421"
        data-bestselling="">
    <a href="../vino-castiad-bag-box-ross-20lt.html">
        <div style="background-image: url('../../cdn.spesati.com/images/products/missing-image/missing-image.jpg')">
            <div class="hover"></div>
            
            <div class="stickers"></div>
        </div>
    </a>
    <div>
        <h4><a href="../vino-castiad-bag-box-ross-20lt.html"><b>Vino Castiad Bag Box Ross 20lt</b></a></h4>
        <p class="description">20 Lt</p>
        <p class="right price"><b>51.28 €</b></p>
        <p class="right unitPrice">2.56 € per litre</p>
    </div>
    <div class="contButton">
    <a class="button bgRed white addToCart" href="#">Add</a>
</div>
</div><div class="left product prod138"
        data-name="Vino Castiad Bag Box Bian 20lt"
        data-price="51.28"
        data-id="28901"
        data-available="yes"
        data-category="421"
        data-bestselling="">
    <a href="../vino-castiad-bag-box-bian-20lt.html">
        <div style="background-image: url('../../cdn.spesati.com/images/products/missing-image/missing-image.jpg')">
            <div class="hover"></div>
            
            <div class="stickers"></div>
        </div>
    </a>
    <div>
        <h4><a href="../vino-castiad-bag-box-bian-20lt.html"><b>Vino Castiad Bag Box Bian 20lt</b></a></h4>
        <p class="description">20 Lt</p>
        <p class="right price"><b>51.28 €</b></p>
        <p class="right unitPrice">2.56 € per litre</p>
    </div>
    <div class="contButton">
    <a class="button bgRed white addToCart" href="#">Add</a>
</div>
</div><div class="left product prod139"
        data-name="Vino Carpante Carignano 75 Cl"
        data-price="14.04"
        data-id="28902"
        data-available="yes"
        data-category="421"
        data-bestselling="">
    <a href="../vino-carpante-carignano-75-cl.html">
        <div style="background-image: url('../../cdn.spesati.com/images/products/missing-image/missing-image.jpg')">
            <div class="hover"></div>
            
            <div class="stickers"></div>
        </div>
    </a>
    <div>
        <h4><a href="../vino-carpante-carignano-75-cl.html"><b>Vino Carpante Carignano 75 Cl</b></a></h4>
        <p class="description">0.75 Lt</p>
        <p class="right price"><b>14.04 €</b></p>
        <p class="right unitPrice">18.71 € per litre</p>
    </div>
    <div class="contButton">
    <a class="button bgRed white addToCart" href="#">Add</a>
</div>
</div><div class="left product prod140"
        data-name="Vino Cherchi Magnum Luzzana"
        data-price="55.63"
        data-id="28904"
        data-available="yes"
        data-category="421"
        data-bestselling="">
    <a href="../vino-cherchi-magnum-luzzana.html">
        <div style="background-image: url('../../cdn.spesati.com/images/products/missing-image/missing-image.jpg')">
            <div class="hover"></div>
            
            <div class="stickers"></div>
        </div>
    </a>
    <div>
        <h4><a href="../vino-cherchi-magnum-luzzana.html"><b>Vino Cherchi Magnum Luzzana</b></a></h4>
        <p class="description">1.5 Lt</p>
        <p class="right price"><b>55.63 €</b></p>
        <p class="right unitPrice">37.09 € per litre</p>
    </div>
    <div class="contButton">
    <a class="button bgRed white addToCart" href="#">Add</a>
</div>
</div><div class="left product prod141"
        data-name="Vino Cherchi Luzzana 375ml"
        data-price="9.59"
        data-id="28905"
        data-available="yes"
        data-category="421"
        data-bestselling="">
    <a href="../vino-cherchi-luzzana-375ml.html">
        <div style="background-image: url('../../cdn.spesati.com/images/products/missing-image/missing-image.jpg')">
            <div class="hover"></div>
            
            <div class="stickers"></div>
        </div>
    </a>
    <div>
        <h4><a href="../vino-cherchi-luzzana-375ml.html"><b>Vino Cherchi Luzzana 375ml</b></a></h4>
        <p class="description">0.38 Lt</p>
        <p class="right price"><b>9.59 €</b></p>
        <p class="right unitPrice">25.57 € per litre</p>
    </div>
    <div class="contButton">
    <a class="button bgRed white addToCart" href="#">Add</a>
</div>
</div><div class="left product prod142"
        data-name="Vino Cherchi Magnum Cagnulari"
        data-price="56.47"
        data-id="28906"
        data-available="yes"
        data-category="421"
        data-bestselling="">
    <a href="../vino-cherchi-magnum-cagnulari.html">
        <div style="background-image: url('../../cdn.spesati.com/images/products/missing-image/missing-image.jpg')">
            <div class="hover"></div>
            
            <div class="stickers"></div>
        </div>
    </a>
    <div>
        <h4><a href="../vino-cherchi-magnum-cagnulari.html"><b>Vino Cherchi Magnum Cagnulari</b></a></h4>
        <p class="description">1.5 Lt</p>
        <p class="right price"><b>56.47 €</b></p>
        <p class="right unitPrice">37.65 € per litre</p>
    </div>
    <div class="contButton">
    <a class="button bgRed white addToCart" href="#">Add</a>
</div>
</div><div class="left product prod143"
        data-name="Vino Cherchi Tuvaoes 375ml"
        data-price="7.49"
        data-id="28907"
        data-available="yes"
        data-category="421"
        data-bestselling="">
    <a href="../vino-cherchi-tuvaoes-375ml.html">
        <div style="background-image: url('../../cdn.spesati.com/images/products/missing-image/missing-image.jpg')">
            <div class="hover"></div>
            
            <div class="stickers"></div>
        </div>
    </a>
    <div>
        <h4><a href="../vino-cherchi-tuvaoes-375ml.html"><b>Vino Cherchi Tuvaoes 375ml</b></a></h4>
        <p class="description">0.38 Lt</p>
        <p class="right price"><b>7.49 €</b></p>
        <p class="right unitPrice">19.97 € per litre</p>
    </div>
    <div class="contButton">
    <a class="button bgRed white addToCart" href="#">Add</a>
</div>
</div><div class="left product prod144"
        data-name="Vino Argiolas Senes Riser 75cl"
        data-price="25.73"
        data-id="28911"
        data-available="yes"
        data-category="421"
        data-bestselling="">
    <a href="../vino-argiolas-senes-riser-75cl.html">
        <div style="background-image: url('../../cdn.spesati.com/images/products/missing-image/missing-image.jpg')">
            <div class="hover"></div>
            
            <div class="stickers"></div>
        </div>
    </a>
    <div>
        <h4><a href="../vino-argiolas-senes-riser-75cl.html"><b>Vino Argiolas Senes Riser 75cl</b></a></h4>
        <p class="description">0.75 Lt</p>
        <p class="right price"><b>25.73 €</b></p>
        <p class="right unitPrice">34.31 € per litre</p>
    </div>
    <div class="contButton">
    <a class="button bgRed white addToCart" href="#">Add</a>
</div>
</div><div class="left product prod145"
        data-name="Vino Giba 75 Cl"
        data-price="10.99"
        data-id="28921"
        data-available="yes"
        data-category="421"
        data-bestselling="">
    <a href="../vino-giba-75-cl.html">
        <div style="background-image: url('../../cdn.spesati.com/images/products/missing-image/missing-image.jpg')">
            <div class="hover"></div>
            
            <div class="stickers"></div>
        </div>
    </a>
    <div>
        <h4><a href="../vino-giba-75-cl.html"><b>Vino Giba 75 Cl</b></a></h4>
        <p class="description">0.75 Lt</p>
        <p class="right price"><b>10.99 €</b></p>
        <p class="right unitPrice">14.65 € per litre</p>
    </div>
    <div class="contButton">
    <a class="button bgRed white addToCart" href="#">Add</a>
</div>
</div><div class="left product prod146"
        data-name="Vino Giba 6 Mura 75cl"
        data-price="23.90"
        data-id="28922"
        data-available="yes"
        data-category="421"
        data-bestselling="">
    <a href="../vino-giba-6-mura-75cl.html">
        <div style="background-image: url('../../cdn.spesati.com/images/products/missing-image/missing-image.jpg')">
            <div class="hover"></div>
            
            <div class="stickers"></div>
        </div>
    </a>
    <div>
        <h4><a href="../vino-giba-6-mura-75cl.html"><b>Vino Giba 6 Mura 75cl</b></a></h4>
        <p class="description">0.75 Lt</p>
        <p class="right price"><b>23.90 €</b></p>
        <p class="right unitPrice">31.87 € per litre</p>
    </div>
    <div class="contButton">
    <a class="button bgRed white addToCart" href="#">Add</a>
</div>
</div><div class="left product prod147"
        data-name="Vino Gallura Piras Verm.docg75"
        data-price="8.90"
        data-id="28924"
        data-available="yes"
        data-category="421"
        data-bestselling="">
    <a href="../vino-gallura-piras-vermdocg75.html">
        <div style="background-image: url('../../cdn.spesati.com/images/products/missing-image/missing-image.jpg')">
            <div class="hover"></div>
            
            <div class="stickers"></div>
        </div>
    </a>
    <div>
        <h4><a href="../vino-gallura-piras-vermdocg75.html"><b>Vino Gallura Piras Verm.docg75</b></a></h4>
        <p class="description">0.75 Lt</p>
        <p class="right price"><b>8.90 €</b></p>
        <p class="right unitPrice">11.87 € per litre</p>
    </div>
    <div class="contButton">
    <a class="button bgRed white addToCart" href="#">Add</a>
</div>
</div><div class="left product prod148"
        data-name="Vino La Palma Le Bombarde Cagnulari 75Cl"
        data-price="6.99"
        data-id="14494"
        data-available="yes"
        data-category="421"
        data-bestselling="">
    <a href="../vino-la-palma-le-bombarde-cagnulari-75cl.html">
        <div style="background-image: url('../../cdn.spesati.com/images/products/missing-image/missing-image.jpg')">
            <div class="hover"></div>
            
            <div class="stickers"><img class="left" src="../../cdn.spesati.com/images/layout/sardinian.png" /></div>
        </div>
    </a>
    <div>
        <h4><a href="../vino-la-palma-le-bombarde-cagnulari-75cl.html"><b>Vino La Palma Le Bombarde Cagnulari 75Cl</b></a></h4>
        <p class="description">0.75 Lt</p>
        <p class="right price"><b>6.99 €</b></p>
        <p class="right unitPrice">9.32 € per litre</p>
    </div>
    <div class="contButton">
    <a class="button bgRed white addToCart" href="#">Add</a>
</div>
</div><div class="left product prod149"
        data-name="Vino Gallura Karana Nebb.igt75"
        data-price="9.39"
        data-id="28927"
        data-available="yes"
        data-category="421"
        data-bestselling="">
    <a href="../vino-gallura-karana-nebbigt75.html">
        <div style="background-image: url('../../cdn.spesati.com/images/products/missing-image/missing-image.jpg')">
            <div class="hover"></div>
            
            <div class="stickers"></div>
        </div>
    </a>
    <div>
        <h4><a href="../vino-gallura-karana-nebbigt75.html"><b>Vino Gallura Karana Nebb.igt75</b></a></h4>
        <p class="description">0.75 Lt</p>
        <p class="right price"><b>9.39 €</b></p>
        <p class="right unitPrice">12.52 € per litre</p>
    </div>
    <div class="contButton">
    <a class="button bgRed white addToCart" href="#">Add</a>
</div>
</div><div class="left product prod150"
        data-name="Vino Nec Sherry Gonzalez 75 Cl"
        data-price="21.83"
        data-id="28169"
        data-available="yes"
        data-category="421"
        data-bestselling="">
    <a href="../vino-nec-sherry-gonzalez-75-cl.html">
        <div style="background-image: url('../../cdn.spesati.com/images/products/missing-image/missing-image.jpg')">
            <div class="hover"></div>
            
            <div class="stickers"></div>
        </div>
    </a>
    <div>
        <h4><a href="../vino-nec-sherry-gonzalez-75-cl.html"><b>Vino Nec Sherry Gonzalez 75 Cl</b></a></h4>
        <p class="description">0.75 Lt</p>
        <p class="right price"><b>21.83 €</b></p>
        <p class="right unitPrice">29.11 € per litre</p>
    </div>
    <div class="contButton">
    <a class="button bgRed white addToCart" href="#">Add</a>
</div>
</div><div class="left product prod151"
        data-name="Grappa Le Diciotto Lune 41 70c"
        data-price="38.55"
        data-id="28454"
        data-available="yes"
        data-category="421"
        data-bestselling="">
    <a href="../grappa-le-diciotto-lune-41-70c.html">
        <div style="background-image: url('../../cdn.spesati.com/images/products/missing-image/missing-image.jpg')">
            <div class="hover"></div>
            
            <div class="stickers"></div>
        </div>
    </a>
    <div>
        <h4><a href="../grappa-le-diciotto-lune-41-70c.html"><b>Grappa Le Diciotto Lune 41 70c</b></a></h4>
        <p class="description">0.7 Lt</p>
        <p class="right price"><b>38.55 €</b></p>
        <p class="right unitPrice">55.07 € per litre</p>
    </div>
    <div class="contButton">
    <a class="button bgRed white addToCart" href="#">Add</a>
</div>
</div><div class="left product prod152"
        data-name="Vino S.entu Bovale Doc 75cl"
        data-price="21.90"
        data-id="28933"
        data-available="yes"
        data-category="421"
        data-bestselling="">
    <a href="../vino-sentu-bovale-doc-75cl.html">
        <div style="background-image: url('../../cdn.spesati.com/images/products/missing-image/missing-image.jpg')">
            <div class="hover"></div>
            
            <div class="stickers"></div>
        </div>
    </a>
    <div>
        <h4><a href="../vino-sentu-bovale-doc-75cl.html"><b>Vino S.entu Bovale Doc 75cl</b></a></h4>
        <p class="description">0.75 Lt</p>
        <p class="right price"><b>21.90 €</b></p>
        <p class="right unitPrice">29.19 € per litre</p>
    </div>
    <div class="contButton">
    <a class="button bgRed white addToCart" href="#">Add</a>
</div>
</div><div class="left product prod153"
        data-name="Vino Montisci Barrosu 75cl"
        data-price="47.17"
        data-id="28934"
        data-available="yes"
        data-category="421"
        data-bestselling="">
    <a href="../vino-montisci-barrosu-75cl.html">
        <div style="background-image: url('../../cdn.spesati.com/images/products/missing-image/missing-image.jpg')">
            <div class="hover"></div>
            
            <div class="stickers"></div>
        </div>
    </a>
    <div>
        <h4><a href="../vino-montisci-barrosu-75cl.html"><b>Vino Montisci Barrosu 75cl</b></a></h4>
        <p class="description">0.75 Lt</p>
        <p class="right price"><b>47.17 €</b></p>
        <p class="right unitPrice">62.89 € per litre</p>
    </div>
    <div class="contButton">
    <a class="button bgRed white addToCart" href="#">Add</a>
</div>
</div><div class="left product prod154"
        data-name="Vino Sm La Palma 1,5lt Cagnula"
        data-price="41.71"
        data-id="28740"
        data-available="yes"
        data-category="421"
        data-bestselling="">
    <a href="../vino-sm-la-palma-15lt-cagnula.html">
        <div style="background-image: url('../../cdn.spesati.com/images/products/missing-image/missing-image.jpg')">
            <div class="hover"></div>
            
            <div class="stickers"></div>
        </div>
    </a>
    <div>
        <h4><a href="../vino-sm-la-palma-15lt-cagnula.html"><b>Vino Sm La Palma 1,5lt Cagnula</b></a></h4>
        <p class="description">1.5 Lt</p>
        <p class="right price"><b>41.71 €</b></p>
        <p class="right unitPrice">27.80 € per litre</p>
    </div>
    <div class="contButton">
    <a class="button bgRed white addToCart" href="#">Add</a>
</div>
</div><div class="left product prod155"
        data-name="Vino Contini Pariglia 375ml"
        data-price="6.71"
        data-id="28938"
        data-available="yes"
        data-category="421"
        data-bestselling="">
    <a href="../vino-contini-pariglia-375ml.html">
        <div style="background-image: url('../../cdn.spesati.com/images/products/missing-image/missing-image.jpg')">
            <div class="hover"></div>
            
            <div class="stickers"></div>
        </div>
    </a>
    <div>
        <h4><a href="../vino-contini-pariglia-375ml.html"><b>Vino Contini Pariglia 375ml</b></a></h4>
        <p class="description">0.38 Lt</p>
        <p class="right price"><b>6.71 €</b></p>
        <p class="right unitPrice">17.89 € per litre</p>
    </div>
    <div class="contButton">
    <a class="button bgRed white addToCart" href="#">Add</a>
</div>
</div><div class="left product prod156"
        data-name="Vino S.&m.angh.ruiu 75cl"
        data-price="39.90"
        data-id="28741"
        data-available="yes"
        data-category="421"
        data-bestselling="">
    <a href="../vino-smanghruiu-75cl.html">
        <div style="background-image: url('../../cdn.spesati.com/images/products/missing-image/missing-image.jpg')">
            <div class="hover"></div>
            
            <div class="stickers"></div>
        </div>
    </a>
    <div>
        <h4><a href="../vino-smanghruiu-75cl.html"><b>Vino S.&m.angh.ruiu 75cl</b></a></h4>
        <p class="description">0.75 Lt</p>
        <p class="right price"><b>39.90 €</b></p>
        <p class="right unitPrice">53.20 € per litre</p>
    </div>
    <div class="contButton">
    <a class="button bgRed white addToCart" href="#">Add</a>
</div>
</div><div class="left product prod157"
        data-name="Vino Contini Pariglia 75cl"
        data-price="9.51"
        data-id="28939"
        data-available="yes"
        data-category="421"
        data-bestselling="">
    <a href="../vino-contini-pariglia-75cl.html">
        <div style="background-image: url('../../cdn.spesati.com/images/products/missing-image/missing-image.jpg')">
            <div class="hover"></div>
            
            <div class="stickers"></div>
        </div>
    </a>
    <div>
        <h4><a href="../vino-contini-pariglia-75cl.html"><b>Vino Contini Pariglia 75cl</b></a></h4>
        <p class="description">0.75 Lt</p>
        <p class="right price"><b>9.51 €</b></p>
        <p class="right unitPrice">12.69 € per litre</p>
    </div>
    <div class="contButton">
    <a class="button bgRed white addToCart" href="#">Add</a>
</div>
</div><div class="left product prod158"
        data-name="Vino Monti Rosso.5lt"
        data-price="15.90"
        data-id="28743"
        data-available="yes"
        data-category="421"
        data-bestselling="">
    <a href="../vino-monti-rosso5lt.html">
        <div style="background-image: url('../../cdn.spesati.com/images/products/missing-image/missing-image.jpg')">
            <div class="hover"></div>
            
            <div class="stickers"></div>
        </div>
    </a>
    <div>
        <h4><a href="../vino-monti-rosso5lt.html"><b>Vino Monti Rosso.5lt</b></a></h4>
        <p class="description">5 Lt</p>
        <p class="right price"><b>15.90 €</b></p>
        <p class="right unitPrice">3.18 € per litre</p>
    </div>
    <div class="contButton">
    <a class="button bgRed white addToCart" href="#">Add</a>
</div>
</div><div class="left product prod159"
        data-name="Vino Contini Elibaria Ver 75cl"
        data-price="12.03"
        data-id="28940"
        data-available="yes"
        data-category="421"
        data-bestselling="">
    <a href="../vino-contini-elibaria-ver-75cl.html">
        <div style="background-image: url('../../cdn.spesati.com/images/products/missing-image/missing-image.jpg')">
            <div class="hover"></div>
            
            <div class="stickers"></div>
        </div>
    </a>
    <div>
        <h4><a href="../vino-contini-elibaria-ver-75cl.html"><b>Vino Contini Elibaria Ver 75cl</b></a></h4>
        <p class="description">0.75 Lt</p>
        <p class="right price"><b>12.03 €</b></p>
        <p class="right unitPrice">16.04 € per litre</p>
    </div>
    <div class="contButton">
    <a class="button bgRed white addToCart" href="#">Add</a>
</div>
</div><div class="left product prod160"
        data-name="Vino Contini Sartiglia 375ml"
        data-price="4.79"
        data-id="28941"
        data-available="yes"
        data-category="421"
        data-bestselling="">
    <a href="../vino-contini-sartiglia-375ml.html">
        <div style="background-image: url('../../cdn.spesati.com/images/products/missing-image/missing-image.jpg')">
            <div class="hover"></div>
            
            <div class="stickers"></div>
        </div>
    </a>
    <div>
        <h4><a href="../vino-contini-sartiglia-375ml.html"><b>Vino Contini Sartiglia 375ml</b></a></h4>
        <p class="description">0.38 Lt</p>
        <p class="right price"><b>4.79 €</b></p>
        <p class="right unitPrice">12.77 € per litre</p>
    </div>
    <div class="contButton">
    <a class="button bgRed white addToCart" href="#">Add</a>
</div>
</div><div class="left product prod161"
        data-name="Vino Mesa Buio Buio 75cl"
        data-price="26.90"
        data-id="28748"
        data-available="yes"
        data-category="421"
        data-bestselling="">
    <a href="../vino-mesa-buio-buio-75cl.html">
        <div style="background-image: url('../../cdn.spesati.com/images/products/missing-image/missing-image.jpg')">
            <div class="hover"></div>
            
            <div class="stickers"></div>
        </div>
    </a>
    <div>
        <h4><a href="../vino-mesa-buio-buio-75cl.html"><b>Vino Mesa Buio Buio 75cl</b></a></h4>
        <p class="description">0.75 Lt</p>
        <p class="right price"><b>26.90 €</b></p>
        <p class="right unitPrice">35.87 € per litre</p>
    </div>
    <div class="contButton">
    <a class="button bgRed white addToCart" href="#">Add</a>
</div>
</div><div class="left product prod162"
        data-name="Vino S.entu Vermentino Doc 75c"
        data-price="10.49"
        data-id="28945"
        data-available="yes"
        data-category="421"
        data-bestselling="">
    <a href="../vino-sentu-vermentino-doc-75c.html">
        <div style="background-image: url('../../cdn.spesati.com/images/products/missing-image/missing-image.jpg')">
            <div class="hover"></div>
            
            <div class="stickers"></div>
        </div>
    </a>
    <div>
        <h4><a href="../vino-sentu-vermentino-doc-75c.html"><b>Vino S.entu Vermentino Doc 75c</b></a></h4>
        <p class="description">0.75 Lt</p>
        <p class="right price"><b>10.49 €</b></p>
        <p class="right unitPrice">13.98 € per litre</p>
    </div>
    <div class="contButton">
    <a class="button bgRed white addToCart" href="#">Add</a>
</div>
</div><div class="left product prod163"
        data-name="Vino S.entu Su Di Terra 75c"
        data-price="11.99"
        data-id="28946"
        data-available="yes"
        data-category="421"
        data-bestselling="">
    <a href="../vino-sentu-su-di-terra-75c.html">
        <div style="background-image: url('../../cdn.spesati.com/images/products/missing-image/missing-image.jpg')">
            <div class="hover"></div>
            
            <div class="stickers"></div>
        </div>
    </a>
    <div>
        <h4><a href="../vino-sentu-su-di-terra-75c.html"><b>Vino S.entu Su Di Terra 75c</b></a></h4>
        <p class="description">0.75 Lt</p>
        <p class="right price"><b>11.99 €</b></p>
        <p class="right unitPrice">15.98 € per litre</p>
    </div>
    <div class="contButton">
    <a class="button bgRed white addToCart" href="#">Add</a>
</div>
</div><div class="left product prod164"
        data-name="Vino Audarya Cannonau 75 Cl"
        data-price="11.49"
        data-id="28947"
        data-available="yes"
        data-category="421"
        data-bestselling="">
    <a href="../vino-audarya-cannonau-75-cl.html">
        <div style="background-image: url('../../cdn.spesati.com/images/products/missing-image/missing-image.jpg')">
            <div class="hover"></div>
            
            <div class="stickers"></div>
        </div>
    </a>
    <div>
        <h4><a href="../vino-audarya-cannonau-75-cl.html"><b>Vino Audarya Cannonau 75 Cl</b></a></h4>
        <p class="description">0.75 Lt</p>
        <p class="right price"><b>11.49 €</b></p>
        <p class="right unitPrice">15.32 € per litre</p>
    </div>
    <div class="contButton">
    <a class="button bgRed white addToCart" href="#">Add</a>
</div>
</div><div class="left product prod165"
        data-name="Vino Mesa Buio Carignano 1.5lt"
        data-price="36.90"
        data-id="28755"
        data-available="yes"
        data-category="421"
        data-bestselling="">
    <a href="../vino-mesa-buio-carignano-15lt.html">
        <div style="background-image: url('../../cdn.spesati.com/images/products/missing-image/missing-image.jpg')">
            <div class="hover"></div>
            
            <div class="stickers"></div>
        </div>
    </a>
    <div>
        <h4><a href="../vino-mesa-buio-carignano-15lt.html"><b>Vino Mesa Buio Carignano 1.5lt</b></a></h4>
        <p class="description">1.5 Lt</p>
        <p class="right price"><b>36.90 €</b></p>
        <p class="right unitPrice">24.60 € per litre</p>
    </div>
    <div class="contButton">
    <a class="button bgRed white addToCart" href="#">Add</a>
</div>
</div><div class="left product prod166"
        data-name="Vino Audarya Vermentino 75 Cl"
        data-price="9.99"
        data-id="28948"
        data-available="yes"
        data-category="421"
        data-bestselling="">
    <a href="../vino-audarya-vermentino-75-cl.html">
        <div style="background-image: url('../../cdn.spesati.com/images/products/missing-image/missing-image.jpg')">
            <div class="hover"></div>
            
            <div class="stickers"></div>
        </div>
    </a>
    <div>
        <h4><a href="../vino-audarya-vermentino-75-cl.html"><b>Vino Audarya Vermentino 75 Cl</b></a></h4>
        <p class="description">0.75 Lt</p>
        <p class="right price"><b>9.99 €</b></p>
        <p class="right unitPrice">13.32 € per litre</p>
    </div>
    <div class="contButton">
    <a class="button bgRed white addToCart" href="#">Add</a>
</div>
</div><div class="left product prod167"
        data-name="Vino Audarya Monica 75 Cl"
        data-price="9.99"
        data-id="28950"
        data-available="yes"
        data-category="421"
        data-bestselling="">
    <a href="../vino-audarya-monica-75-cl.html">
        <div style="background-image: url('../../cdn.spesati.com/images/products/missing-image/missing-image.jpg')">
            <div class="hover"></div>
            
            <div class="stickers"></div>
        </div>
    </a>
    <div>
        <h4><a href="../vino-audarya-monica-75-cl.html"><b>Vino Audarya Monica 75 Cl</b></a></h4>
        <p class="description">0.75 Lt</p>
        <p class="right price"><b>9.99 €</b></p>
        <p class="right unitPrice">13.32 € per litre</p>
    </div>
    <div class="contButton">
    <a class="button bgRed white addToCart" href="#">Add</a>
</div>
</div><div class="left product prod168"
        data-name="Vino S.&m.dimonios 75cl"
        data-price="16.51"
        data-id="28760"
        data-available="yes"
        data-category="421"
        data-bestselling="">
    <a href="../vino-smdimonios-75cl.html">
        <div style="background-image: url('../../cdn.spesati.com/images/products/missing-image/missing-image.jpg')">
            <div class="hover"></div>
            
            <div class="stickers"></div>
        </div>
    </a>
    <div>
        <h4><a href="../vino-smdimonios-75cl.html"><b>Vino S.&m.dimonios 75cl</b></a></h4>
        <p class="description">0.75 Lt</p>
        <p class="right price"><b>16.51 €</b></p>
        <p class="right unitPrice">22.02 € per litre</p>
    </div>
    <div class="contButton">
    <a class="button bgRed white addToCart" href="#">Add</a>
</div>
</div><div class="left product prod169"
        data-name="Vino Masseto Igt 75cl"
        data-price="1,644.62"
        data-id="28951"
        data-available="yes"
        data-category="421"
        data-bestselling="">
    <a href="../vino-masseto-igt-75cl.html">
        <div style="background-image: url('../../cdn.spesati.com/images/products/missing-image/missing-image.jpg')">
            <div class="hover"></div>
            
            <div class="stickers"></div>
        </div>
    </a>
    <div>
        <h4><a href="../vino-masseto-igt-75cl.html"><b>Vino Masseto Igt 75cl</b></a></h4>
        <p class="description">0.75 Lt</p>
        <p class="right price"><b>1,644.62 €</b></p>
        <p class="right unitPrice">1.22 € per litre</p>
    </div>
    <div class="contButton">
    <a class="button bgRed white addToCart" href="#">Add</a>
</div>
</div><div class="left product prod170"
        data-name="Vino S.&m.cala Reale 75cl"
        data-price="13.21"
        data-id="28761"
        data-available="yes"
        data-category="421"
        data-bestselling="">
    <a href="../vino-smcala-reale-75cl.html">
        <div style="background-image: url('../../cdn.spesati.com/images/products/missing-image/missing-image.jpg')">
            <div class="hover"></div>
            
            <div class="stickers"></div>
        </div>
    </a>
    <div>
        <h4><a href="../vino-smcala-reale-75cl.html"><b>Vino S.&m.cala Reale 75cl</b></a></h4>
        <p class="description">0.75 Lt</p>
        <p class="right price"><b>13.21 €</b></p>
        <p class="right unitPrice">17.62 € per litre</p>
    </div>
    <div class="contButton">
    <a class="button bgRed white addToCart" href="#">Add</a>
</div>
</div><div class="left product prod171"
        data-name="Vino S.&m.parallelo 41 75cl"
        data-price="21.38"
        data-id="28762"
        data-available="yes"
        data-category="421"
        data-bestselling="">
    <a href="../vino-smparallelo-41-75cl.html">
        <div style="background-image: url('../../cdn.spesati.com/images/products/missing-image/missing-image.jpg')">
            <div class="hover"></div>
            
            <div class="stickers"></div>
        </div>
    </a>
    <div>
        <h4><a href="../vino-smparallelo-41-75cl.html"><b>Vino S.&m.parallelo 41 75cl</b></a></h4>
        <p class="description">0.75 Lt</p>
        <p class="right price"><b>21.38 €</b></p>
        <p class="right unitPrice">28.51 € per litre</p>
    </div>
    <div class="contButton">
    <a class="button bgRed white addToCart" href="#">Add</a>
</div>
</div><div class="left product prod172"
        data-name="Vino S.&m.dimonios 37.5cl"
        data-price="7.81"
        data-id="28763"
        data-available="yes"
        data-category="421"
        data-bestselling="">
    <a href="../vino-smdimonios-375cl.html">
        <div style="background-image: url('../../cdn.spesati.com/images/products/missing-image/missing-image.jpg')">
            <div class="hover"></div>
            
            <div class="stickers"></div>
        </div>
    </a>
    <div>
        <h4><a href="../vino-smdimonios-375cl.html"><b>Vino S.&m.dimonios 37.5cl</b></a></h4>
        <p class="description">0.38 Lt</p>
        <p class="right price"><b>7.81 €</b></p>
        <p class="right unitPrice">20.81 € per litre</p>
    </div>
    <div class="contButton">
    <a class="button bgRed white addToCart" href="#">Add</a>
</div>
</div><div class="left product prod173"
        data-name="Vino Montessu Agripunica 75cl"
        data-price="16.90"
        data-id="28772"
        data-available="yes"
        data-category="421"
        data-bestselling="">
    <a href="../vino-montessu-agripunica-75cl.html">
        <div style="background-image: url('../../cdn.spesati.com/images/products/missing-image/missing-image.jpg')">
            <div class="hover"></div>
            
            <div class="stickers"></div>
        </div>
    </a>
    <div>
        <h4><a href="../vino-montessu-agripunica-75cl.html"><b>Vino Montessu Agripunica 75cl</b></a></h4>
        <p class="description">0.75 Lt</p>
        <p class="right price"><b>16.90 €</b></p>
        <p class="right unitPrice">22.53 € per litre</p>
    </div>
    <div class="contButton">
    <a class="button bgRed white addToCart" href="#">Add</a>
</div>
</div><div class="left product prod174"
        data-name="Vino Dolia Nuragus Doc 75cl"
        data-price="4.59"
        data-id="28963"
        data-available="yes"
        data-category="421"
        data-bestselling="">
    <a href="../vino-dolia-nuragus-doc-75cl.html">
        <div style="background-image: url('../../cdn.spesati.com/images/products/missing-image/missing-image.jpg')">
            <div class="hover"></div>
            
            <div class="stickers"></div>
        </div>
    </a>
    <div>
        <h4><a href="../vino-dolia-nuragus-doc-75cl.html"><b>Vino Dolia Nuragus Doc 75cl</b></a></h4>
        <p class="description">0.75 Lt</p>
        <p class="right price"><b>4.59 €</b></p>
        <p class="right unitPrice">6.12 € per litre</p>
    </div>
    <div class="contButton">
    <a class="button bgRed white addToCart" href="#">Add</a>
</div>
</div><div class="left product prod175"
        data-name="Vino Sm La Palma Bag Bianc 5lt"
        data-price="15.49"
        data-id="28775"
        data-available="yes"
        data-category="421"
        data-bestselling="">
    <a href="../vino-sm-la-palma-bag-bianc-5lt.html">
        <div style="background-image: url('../../cdn.spesati.com/images/products/missing-image/missing-image.jpg')">
            <div class="hover"></div>
            
            <div class="stickers"></div>
        </div>
    </a>
    <div>
        <h4><a href="../vino-sm-la-palma-bag-bianc-5lt.html"><b>Vino Sm La Palma Bag Bianc 5lt</b></a></h4>
        <p class="description">5 Lt</p>
        <p class="right price"><b>15.49 €</b></p>
        <p class="right unitPrice">3.10 € per litre</p>
    </div>
    <div class="contButton">
    <a class="button bgRed white addToCart" href="#">Add</a>
</div>
</div><div class="left product prod176"
        data-name="Vino Donnafugata Sursur 75cl"
        data-price="14.31"
        data-id="75020"
        data-available="yes"
        data-category="421"
        data-bestselling="">
    <a href="../vino-donnafugata-sursur-75cl.html">
        <div style="background-image: url('../../cdn.spesati.com/images/products/missing-image/missing-image.jpg')">
            <div class="hover"></div>
            
            <div class="stickers"></div>
        </div>
    </a>
    <div>
        <h4><a href="../vino-donnafugata-sursur-75cl.html"><b>Vino Donnafugata Sursur 75cl</b></a></h4>
        <p class="description">0.75 Lt</p>
        <p class="right price"><b>14.31 €</b></p>
        <p class="right unitPrice">19.08 € per litre</p>
    </div>
    <div class="contButton">
    <a class="button bgRed white addToCart" href="#">Add</a>
</div>
</div><div class="left product prod177"
        data-name="Vino Donnafugata Mille 75cl"
        data-price="77.12"
        data-id="75026"
        data-available="yes"
        data-category="421"
        data-bestselling="">
    <a href="../vino-donnafugata-mille-75cl.html">
        <div style="background-image: url('../../cdn.spesati.com/images/products/missing-image/missing-image.jpg')">
            <div class="hover"></div>
            
            <div class="stickers"></div>
        </div>
    </a>
    <div>
        <h4><a href="../vino-donnafugata-mille-75cl.html"><b>Vino Donnafugata Mille 75cl</b></a></h4>
        <p class="description">0.75 Lt</p>
        <p class="right price"><b>77.12 €</b></p>
        <p class="right unitPrice">102.82 € per litre</p>
    </div>
    <div class="contButton">
    <a class="button bgRed white addToCart" href="#">Add</a>
</div>
</div><div class="left product prod178"
        data-name="Vino Donnafugata Damarino 75cl"
        data-price="12.36"
        data-id="75044"
        data-available="yes"
        data-category="421"
        data-bestselling="">
    <a href="../vino-donnafugata-damarino-75cl.html">
        <div style="background-image: url('../../cdn.spesati.com/images/products/missing-image/missing-image.jpg')">
            <div class="hover"></div>
            
            <div class="stickers"></div>
        </div>
    </a>
    <div>
        <h4><a href="../vino-donnafugata-damarino-75cl.html"><b>Vino Donnafugata Damarino 75cl</b></a></h4>
        <p class="description">0.75 Lt</p>
        <p class="right price"><b>12.36 €</b></p>
        <p class="right unitPrice">16.48 € per litre</p>
    </div>
    <div class="contButton">
    <a class="button bgRed white addToCart" href="#">Add</a>
</div>
</div><div class="left product prod179"
        data-name="Vino Parpi Verm Ala Blanca 75c"
        data-price="11.09"
        data-id="76583"
        data-available="yes"
        data-category="421"
        data-bestselling="">
    <a href="../vino-parpi-verm-ala-blanca-75c.html">
        <div style="background-image: url('../../cdn.spesati.com/images/products/missing-image/missing-image.jpg')">
            <div class="hover"></div>
            
            <div class="stickers"></div>
        </div>
    </a>
    <div>
        <h4><a href="../vino-parpi-verm-ala-blanca-75c.html"><b>Vino Parpi Verm Ala Blanca 75c</b></a></h4>
        <p class="description">0.75 Lt</p>
        <p class="right price"><b>11.09 €</b></p>
        <p class="right unitPrice">14.79 € per litre</p>
    </div>
    <div class="contButton">
    <a class="button bgRed white addToCart" href="#">Add</a>
</div>
</div><div class="left product prod180"
        data-name="Vino C Isola Cagnulari 75cl"
        data-price="7.99"
        data-id="79012"
        data-available="yes"
        data-category="421"
        data-bestselling="">
    <a href="../vino-c-isola-cagnulari-75cl.html">
        <div style="background-image: url('../../cdn.spesati.com/images/products/missing-image/missing-image.jpg')">
            <div class="hover"></div>
            
            <div class="stickers"></div>
        </div>
    </a>
    <div>
        <h4><a href="../vino-c-isola-cagnulari-75cl.html"><b>Vino C Isola Cagnulari 75cl</b></a></h4>
        <p class="description">0.75 Lt</p>
        <p class="right price"><b>7.99 €</b></p>
        <p class="right unitPrice">10.65 € per litre</p>
    </div>
    <div class="contButton">
    <a class="button bgRed white addToCart" href="#">Add</a>
</div>
</div><div class="left product prod181"
        data-name="Vino Jerzu Rosato Televras 75c"
        data-price="6.49"
        data-id="79973"
        data-available="yes"
        data-category="421"
        data-bestselling="">
    <a href="../vino-jerzu-rosato-televras-75c.html">
        <div style="background-image: url('../../cdn.spesati.com/images/products/missing-image/missing-image.jpg')">
            <div class="hover"></div>
            
            <div class="stickers"></div>
        </div>
    </a>
    <div>
        <h4><a href="../vino-jerzu-rosato-televras-75c.html"><b>Vino Jerzu Rosato Televras 75c</b></a></h4>
        <p class="description">0.75 Lt</p>
        <p class="right price"><b>6.49 €</b></p>
        <p class="right unitPrice">8.65 € per litre</p>
    </div>
    <div class="contButton">
    <a class="button bgRed white addToCart" href="#">Add</a>
</div>
</div><div class="left product prod182"
        data-name="Vino Jerzu Verm Televr Doc 75c"
        data-price="6.49"
        data-id="79976"
        data-available="yes"
        data-category="421"
        data-bestselling="">
    <a href="../vino-jerzu-verm-televr-doc-75c.html">
        <div style="background-image: url('../../cdn.spesati.com/images/products/missing-image/missing-image.jpg')">
            <div class="hover"></div>
            
            <div class="stickers"></div>
        </div>
    </a>
    <div>
        <h4><a href="../vino-jerzu-verm-televr-doc-75c.html"><b>Vino Jerzu Verm Televr Doc 75c</b></a></h4>
        <p class="description">0.75 Lt</p>
        <p class="right price"><b>6.49 €</b></p>
        <p class="right unitPrice">8.65 € per litre</p>
    </div>
    <div class="contButton">
    <a class="button bgRed white addToCart" href="#">Add</a>
</div>
</div><div class="left product prod183"
        data-name="Vino Jerzu Cannon Tel Doc 75cl"
        data-price="6.49"
        data-id="79997"
        data-available="yes"
        data-category="421"
        data-bestselling="">
    <a href="../vino-jerzu-cannon-tel-doc-75cl.html">
        <div style="background-image: url('../../cdn.spesati.com/images/products/missing-image/missing-image.jpg')">
            <div class="hover"></div>
            
            <div class="stickers"></div>
        </div>
    </a>
    <div>
        <h4><a href="../vino-jerzu-cannon-tel-doc-75cl.html"><b>Vino Jerzu Cannon Tel Doc 75cl</b></a></h4>
        <p class="description">0.75 Lt</p>
        <p class="right price"><b>6.49 €</b></p>
        <p class="right unitPrice">8.65 € per litre</p>
    </div>
    <div class="contButton">
    <a class="button bgRed white addToCart" href="#">Add</a>
</div>
</div><div class="left product prod184"
        data-name="Vino Nephilim Vermentino 75 Cl"
        data-price="13.49"
        data-id="80146"
        data-available="yes"
        data-category="421"
        data-bestselling="">
    <a href="../vino-nephilim-vermentino-75-cl.html">
        <div style="background-image: url('../../cdn.spesati.com/images/products/missing-image/missing-image.jpg')">
            <div class="hover"></div>
            
            <div class="stickers"></div>
        </div>
    </a>
    <div>
        <h4><a href="../vino-nephilim-vermentino-75-cl.html"><b>Vino Nephilim Vermentino 75 Cl</b></a></h4>
        <p class="description">0.75 Lt</p>
        <p class="right price"><b>13.49 €</b></p>
        <p class="right unitPrice">17.98 € per litre</p>
    </div>
    <div class="contButton">
    <a class="button bgRed white addToCart" href="#">Add</a>
</div>
</div><div class="left product prod185"
        data-name="Vino Cherchi Billia Verm 75 Cl"
        data-price="10.43"
        data-id="80401"
        data-available="yes"
        data-category="421"
        data-bestselling="">
    <a href="../vino-cherchi-billia-verm-75-cl.html">
        <div style="background-image: url('../../cdn.spesati.com/images/products/missing-image/missing-image.jpg')">
            <div class="hover"></div>
            
            <div class="stickers"></div>
        </div>
    </a>
    <div>
        <h4><a href="../vino-cherchi-billia-verm-75-cl.html"><b>Vino Cherchi Billia Verm 75 Cl</b></a></h4>
        <p class="description">0.75 Lt</p>
        <p class="right price"><b>10.43 €</b></p>
        <p class="right unitPrice">13.91 € per litre</p>
    </div>
    <div class="contButton">
    <a class="button bgRed white addToCart" href="#">Add</a>
</div>
</div><div class="left product prod186"
        data-name="Conf Argiolas Korem+bicc 75cl"
        data-price="99.00"
        data-id="80894"
        data-available="yes"
        data-category="421"
        data-bestselling="">
    <a href="../conf-argiolas-korembicc-75cl.html">
        <div style="background-image: url('../../cdn.spesati.com/images/products/missing-image/missing-image.jpg')">
            <div class="hover"></div>
            
            <div class="stickers"></div>
        </div>
    </a>
    <div>
        <h4><a href="../conf-argiolas-korembicc-75cl.html"><b>Conf Argiolas Korem+bicc 75cl</b></a></h4>
        <p class="description">0.75 Lt</p>
        <p class="right price"><b>99.00 €</b></p>
        <p class="right unitPrice">132.00 € per litre</p>
    </div>
    <div class="contButton">
    <a class="button bgRed white addToCart" href="#">Add</a>
</div>
</div><div class="left product prod187"
        data-name="Vino Dami. Barolo Chinat 50 Cl"
        data-price="46.94"
        data-id="83348"
        data-available="yes"
        data-category="421"
        data-bestselling="">
    <a href="../vino-dami-barolo-chinat-50-cl.html">
        <div style="background-image: url('../../cdn.spesati.com/images/products/missing-image/missing-image.jpg')">
            <div class="hover"></div>
            
            <div class="stickers"></div>
        </div>
    </a>
    <div>
        <h4><a href="../vino-dami-barolo-chinat-50-cl.html"><b>Vino Dami. Barolo Chinat 50 Cl</b></a></h4>
        <p class="description">0.5 Lt</p>
        <p class="right price"><b>46.94 €</b></p>
        <p class="right unitPrice">93.88 € per litre</p>
    </div>
    <div class="contButton">
    <a class="button bgRed white addToCart" href="#">Add</a>
</div>
</div><div class="left product prod188"
        data-name="Vino Fiorentino Taurasi 75cl"
        data-price="41.56"
        data-id="84905"
        data-available="yes"
        data-category="421"
        data-bestselling="">
    <a href="../vino-fiorentino-taurasi-75cl.html">
        <div style="background-image: url('../../cdn.spesati.com/images/products/missing-image/missing-image.jpg')">
            <div class="hover"></div>
            
            <div class="stickers"></div>
        </div>
    </a>
    <div>
        <h4><a href="../vino-fiorentino-taurasi-75cl.html"><b>Vino Fiorentino Taurasi 75cl</b></a></h4>
        <p class="description">0.75 Lt</p>
        <p class="right price"><b>41.56 €</b></p>
        <p class="right unitPrice">55.41 € per litre</p>
    </div>
    <div class="contButton">
    <a class="button bgRed white addToCart" href="#">Add</a>
</div>
</div><div class="left product prod189"
        data-name="Vino Brama Syrah Rosso Mesa C"
        data-price="23.75"
        data-id="85594"
        data-available="yes"
        data-category="421"
        data-bestselling="">
    <a href="../vino-brama-syrah-rosso-mesa-c.html">
        <div style="background-image: url('../../cdn.spesati.com/images/products/missing-image/missing-image.jpg')">
            <div class="hover"></div>
            
            <div class="stickers"></div>
        </div>
    </a>
    <div>
        <h4><a href="../vino-brama-syrah-rosso-mesa-c.html"><b>Vino Brama Syrah Rosso Mesa C</b></a></h4>
        <p class="description">0.75 Lt</p>
        <p class="right price"><b>23.75 €</b></p>
        <p class="right unitPrice">31.66 € per litre</p>
    </div>
    <div class="contButton">
    <a class="button bgRed white addToCart" href="#">Add</a>
</div>
</div><div class="left product prod190"
        data-name="Vino Siddura Cann Rose' Nudo75"
        data-price="19.90"
        data-id="85835"
        data-available="yes"
        data-category="421"
        data-bestselling="">
    <a href="../vino-siddura-cann-rose-nudo75.html">
        <div style="background-image: url('../../cdn.spesati.com/images/products/missing-image/missing-image.jpg')">
            <div class="hover"></div>
            
            <div class="stickers"></div>
        </div>
    </a>
    <div>
        <h4><a href="../vino-siddura-cann-rose-nudo75.html"><b>Vino Siddura Cann Rose' Nudo75</b></a></h4>
        <p class="description">0.75 Lt</p>
        <p class="right price"><b>19.90 €</b></p>
        <p class="right unitPrice">26.54 € per litre</p>
    </div>
    <div class="contButton">
    <a class="button bgRed white addToCart" href="#">Add</a>
</div>
</div><div class="left product prod191"
        data-name="Vino S.&m.catore Torbato 75cl"
        data-price="20.09"
        data-id="87215"
        data-available="yes"
        data-category="421"
        data-bestselling="">
    <a href="../vino-smcatore-torbato-75cl.html">
        <div style="background-image: url('../../cdn.spesati.com/images/products/missing-image/missing-image.jpg')">
            <div class="hover"></div>
            
            <div class="stickers"></div>
        </div>
    </a>
    <div>
        <h4><a href="../vino-smcatore-torbato-75cl.html"><b>Vino S.&m.catore Torbato 75cl</b></a></h4>
        <p class="description">0.75 Lt</p>
        <p class="right price"><b>20.09 €</b></p>
        <p class="right unitPrice">26.79 € per litre</p>
    </div>
    <div class="contButton">
    <a class="button bgRed white addToCart" href="#">Add</a>
</div>
</div><div class="left product prod192"
        data-name="Vino Chablis Saint Pierre Pic"
        data-price="40.67"
        data-id="88044"
        data-available="yes"
        data-category="421"
        data-bestselling="">
    <a href="../vino-chablis-saint-pierre-pic.html">
        <div style="background-image: url('../../cdn.spesati.com/images/products/missing-image/missing-image.jpg')">
            <div class="hover"></div>
            
            <div class="stickers"></div>
        </div>
    </a>
    <div>
        <h4><a href="../vino-chablis-saint-pierre-pic.html"><b>Vino Chablis Saint Pierre Pic</b></a></h4>
        <p class="description">1 piece</p>
        <p class="right price"><b>40.67 €</b></p>
        <p class="right unitPrice">40.66 € per piece</p>
    </div>
    <div class="contButton">
    <a class="button bgRed white addToCart" href="#">Add</a>
</div>
</div><div class="left product prod193"
        data-name="Conf Mesa Giunco/buio 50 Cl"
        data-price="26.90"
        data-id="88427"
        data-available="yes"
        data-category="421"
        data-bestselling="">
    <a href="../conf-mesa-giuncobuio-50-cl.html">
        <div style="background-image: url('../../cdn.spesati.com/images/products/missing-image/missing-image.jpg')">
            <div class="hover"></div>
            
            <div class="stickers"></div>
        </div>
    </a>
    <div>
        <h4><a href="../conf-mesa-giuncobuio-50-cl.html"><b>Conf Mesa Giunco/buio 50 Cl</b></a></h4>
        <p class="description">1 Lt</p>
        <p class="right price"><b>26.90 €</b></p>
        <p class="right unitPrice">26.90 € per litre</p>
    </div>
    <div class="contButton">
    <a class="button bgRed white addToCart" href="#">Add</a>
</div>
</div><div class="left product prod194"
        data-name="Vino S.&m.mustazzo 75cl"
        data-price="24.26"
        data-id="89248"
        data-available="yes"
        data-category="421"
        data-bestselling="">
    <a href="../vino-smmustazzo-75cl.html">
        <div style="background-image: url('../../cdn.spesati.com/images/products/missing-image/missing-image.jpg')">
            <div class="hover"></div>
            
            <div class="stickers"></div>
        </div>
    </a>
    <div>
        <h4><a href="../vino-smmustazzo-75cl.html"><b>Vino S.&m.mustazzo 75cl</b></a></h4>
        <p class="description">0.75 Lt</p>
        <p class="right price"><b>24.26 €</b></p>
        <p class="right unitPrice">32.34 € per litre</p>
    </div>
    <div class="contButton">
    <a class="button bgRed white addToCart" href="#">Add</a>
</div>
</div><div class="left product prod195"
        data-name="Vino Monti Oro Funtanaliras1.5"
        data-price="36.51"
        data-id="29030"
        data-available="yes"
        data-category="421"
        data-bestselling="">
    <a href="../vino-monti-oro-funtanaliras15.html">
        <div style="background-image: url('../../cdn.spesati.com/images/products/missing-image/missing-image.jpg')">
            <div class="hover"></div>
            
            <div class="stickers"></div>
        </div>
    </a>
    <div>
        <h4><a href="../vino-monti-oro-funtanaliras15.html"><b>Vino Monti Oro Funtanaliras1.5</b></a></h4>
        <p class="description">1.5 Lt</p>
        <p class="right price"><b>36.51 €</b></p>
        <p class="right unitPrice">24.34 € per litre</p>
    </div>
    <div class="contButton">
    <a class="button bgRed white addToCart" href="#">Add</a>
</div>
</div><div class="left product prod196"
        data-name="Vino Audarya Nuracada Magnum"
        data-price="71.48"
        data-id="62835"
        data-available="yes"
        data-category="421"
        data-bestselling="">
    <a href="../vino-audarya-nuracada-magnum.html">
        <div style="background-image: url('../../cdn.spesati.com/images/products/missing-image/missing-image.jpg')">
            <div class="hover"></div>
            
            <div class="stickers"></div>
        </div>
    </a>
    <div>
        <h4><a href="../vino-audarya-nuracada-magnum.html"><b>Vino Audarya Nuracada Magnum</b></a></h4>
        <p class="description">1.5 Lt</p>
        <p class="right price"><b>71.48 €</b></p>
        <p class="right unitPrice">47.65 € per litre</p>
    </div>
    <div class="contButton">
    <a class="button bgRed white addToCart" href="#">Add</a>
</div>
</div><div class="left product prod197"
        data-name="Vino Monti Oro Aghiloja Verm75"
        data-price="12.90"
        data-id="29031"
        data-available="yes"
        data-category="421"
        data-bestselling="">
    <a href="../vino-monti-oro-aghiloja-verm75.html">
        <div style="background-image: url('../../cdn.spesati.com/images/products/missing-image/missing-image.jpg')">
            <div class="hover"></div>
            
            <div class="stickers"></div>
        </div>
    </a>
    <div>
        <h4><a href="../vino-monti-oro-aghiloja-verm75.html"><b>Vino Monti Oro Aghiloja Verm75</b></a></h4>
        <p class="description">0.75 Lt</p>
        <p class="right price"><b>12.90 €</b></p>
        <p class="right unitPrice">17.20 € per litre</p>
    </div>
    <div class="contButton">
    <a class="button bgRed white addToCart" href="#">Add</a>
</div>
</div><div class="left product prod198"
        data-name="Vino Monti Oro Kiri Cannon 75"
        data-price="13.38"
        data-id="29032"
        data-available="yes"
        data-category="421"
        data-bestselling="">
    <a href="../vino-monti-oro-kiri-cannon-75.html">
        <div style="background-image: url('../../cdn.spesati.com/images/products/missing-image/missing-image.jpg')">
            <div class="hover"></div>
            
            <div class="stickers"></div>
        </div>
    </a>
    <div>
        <h4><a href="../vino-monti-oro-kiri-cannon-75.html"><b>Vino Monti Oro Kiri Cannon 75</b></a></h4>
        <p class="description">0.75 Lt</p>
        <p class="right price"><b>13.38 €</b></p>
        <p class="right unitPrice">17.85 € per litre</p>
    </div>
    <div class="contButton">
    <a class="button bgRed white addToCart" href="#">Add</a>
</div>
</div><div class="left product prod199"
        data-name="Vino Monti Oro S'eleme Verm 75"
        data-price="10.49"
        data-id="29033"
        data-available="yes"
        data-category="421"
        data-bestselling="">
    <a href="../vino-monti-oro-seleme-verm-75.html">
        <div style="background-image: url('../../cdn.spesati.com/images/products/missing-image/missing-image.jpg')">
            <div class="hover"></div>
            
            <div class="stickers"></div>
        </div>
    </a>
    <div>
        <h4><a href="../vino-monti-oro-seleme-verm-75.html"><b>Vino Monti Oro S'eleme Verm 75</b></a></h4>
        <p class="description">0.75 Lt</p>
        <p class="right price"><b>10.49 €</b></p>
        <p class="right unitPrice">13.98 € per litre</p>
    </div>
    <div class="contButton">
    <a class="button bgRed white addToCart" href="#">Add</a>
</div>
</div><div class="left product prod200"
        data-name="Mancini Moscato Di Sard Doc"
        data-price="6.99"
        data-id="64815"
        data-available="yes"
        data-category="421"
        data-bestselling="">
    <a href="../mancini-moscato-di-sard-doc.html">
        <div style="background-image: url('../../cdn.spesati.com/images/products/missing-image/missing-image.jpg')">
            <div class="hover"></div>
            
            <div class="stickers"></div>
        </div>
    </a>
    <div>
        <h4><a href="../mancini-moscato-di-sard-doc.html"><b>Mancini Moscato Di Sard Doc</b></a></h4>
        <p class="description">0.75 Lt</p>
        <p class="right price"><b>6.99 €</b></p>
        <p class="right unitPrice">9.32 € per litre</p>
    </div>
    <div class="contButton">
    <a class="button bgRed white addToCart" href="#">Add</a>
</div>
</div><div class="left product prod201"
        data-name="Vino Olianas Cannonau Doc 75cl"
        data-price="13.69"
        data-id="29035"
        data-available="yes"
        data-category="421"
        data-bestselling="">
    <a href="../vino-olianas-cannonau-doc-75cl.html">
        <div style="background-image: url('../../cdn.spesati.com/images/products/missing-image/missing-image.jpg')">
            <div class="hover"></div>
            
            <div class="stickers"></div>
        </div>
    </a>
    <div>
        <h4><a href="../vino-olianas-cannonau-doc-75cl.html"><b>Vino Olianas Cannonau Doc 75cl</b></a></h4>
        <p class="description">0.75 Lt</p>
        <p class="right price"><b>13.69 €</b></p>
        <p class="right unitPrice">18.25 € per litre</p>
    </div>
    <div class="contButton">
    <a class="button bgRed white addToCart" href="#">Add</a>
</div>
</div><div class="left product prod202"
        data-name="Bordeaux Rouge Rothschild 75cl"
        data-price="12.49"
        data-id="64950"
        data-available="yes"
        data-category="421"
        data-bestselling="">
    <a href="../bordeaux-rouge-rothschild-75cl.html">
        <div style="background-image: url('../../cdn.spesati.com/images/products/missing-image/missing-image.jpg')">
            <div class="hover"></div>
            
            <div class="stickers"></div>
        </div>
    </a>
    <div>
        <h4><a href="../bordeaux-rouge-rothschild-75cl.html"><b>Bordeaux Rouge Rothschild 75cl</b></a></h4>
        <p class="description">0.75 Lt</p>
        <p class="right price"><b>12.49 €</b></p>
        <p class="right unitPrice">16.65 € per litre</p>
    </div>
    <div class="contButton">
    <a class="button bgRed white addToCart" href="#">Add</a>
</div>
</div><div class="left product prod203"
        data-name="Vino Olianas Cann Ris Doc 75cl"
        data-price="17.44"
        data-id="29036"
        data-available="yes"
        data-category="421"
        data-bestselling="">
    <a href="../vino-olianas-cann-ris-doc-75cl.html">
        <div style="background-image: url('../../cdn.spesati.com/images/products/missing-image/missing-image.jpg')">
            <div class="hover"></div>
            
            <div class="stickers"></div>
        </div>
    </a>
    <div>
        <h4><a href="../vino-olianas-cann-ris-doc-75cl.html"><b>Vino Olianas Cann Ris Doc 75cl</b></a></h4>
        <p class="description">0.75 Lt</p>
        <p class="right price"><b>17.44 €</b></p>
        <p class="right unitPrice">23.25 € per litre</p>
    </div>
    <div class="contButton">
    <a class="button bgRed white addToCart" href="#">Add</a>
</div>
</div><div class="left product prod204"
        data-name="Prosecco Idp Doc Tv 75cl"
        data-price="6.59"
        data-id="65151"
        data-available="yes"
        data-category="421"
        data-bestselling="">
    <a href="../prosecco-idp-doc-tv-75cl.html">
        <div style="background-image: url('../../cdn.spesati.com/images/products/missing-image/missing-image.jpg')">
            <div class="hover"></div>
            
            <div class="stickers"></div>
        </div>
    </a>
    <div>
        <h4><a href="../prosecco-idp-doc-tv-75cl.html"><b>Prosecco Idp Doc Tv 75cl</b></a></h4>
        <p class="description">0.75 Lt</p>
        <p class="right price"><b>6.59 €</b></p>
        <p class="right unitPrice">8.78 € per litre</p>
    </div>
    <div class="contButton">
    <a class="button bgRed white addToCart" href="#">Add</a>
</div>
</div><div class="left product prod205"
        data-name="Vino Olianas Perdixi Igt 75 Cl"
        data-price="21.31"
        data-id="29037"
        data-available="yes"
        data-category="421"
        data-bestselling="">
    <a href="../vino-olianas-perdixi-igt-75-cl.html">
        <div style="background-image: url('../../cdn.spesati.com/images/products/missing-image/missing-image.jpg')">
            <div class="hover"></div>
            
            <div class="stickers"></div>
        </div>
    </a>
    <div>
        <h4><a href="../vino-olianas-perdixi-igt-75-cl.html"><b>Vino Olianas Perdixi Igt 75 Cl</b></a></h4>
        <p class="description">0.75 Lt</p>
        <p class="right price"><b>21.31 €</b></p>
        <p class="right unitPrice">28.41 € per litre</p>
    </div>
    <div class="contButton">
    <a class="button bgRed white addToCart" href="#">Add</a>
</div>
</div><div class="left product prod206"
        data-name="Prosecco Idp Doc Tv 1,5l"
        data-price="13.99"
        data-id="65154"
        data-available="yes"
        data-category="421"
        data-bestselling="">
    <a href="../prosecco-idp-doc-tv-15l.html">
        <div style="background-image: url('../../cdn.spesati.com/images/products/missing-image/missing-image.jpg')">
            <div class="hover"></div>
            
            <div class="stickers"></div>
        </div>
    </a>
    <div>
        <h4><a href="../prosecco-idp-doc-tv-15l.html"><b>Prosecco Idp Doc Tv 1,5l</b></a></h4>
        <p class="description">1.5 Lt</p>
        <p class="right price"><b>13.99 €</b></p>
        <p class="right unitPrice">9.32 € per litre</p>
    </div>
    <div class="contButton">
    <a class="button bgRed white addToCart" href="#">Add</a>
</div>
</div><div class="left product prod207"
        data-name="Vino Barrua 75cl"
        data-price="34.90"
        data-id="29042"
        data-available="yes"
        data-category="421"
        data-bestselling="">
    <a href="../vino-barrua-75cl.html">
        <div style="background-image: url('../../cdn.spesati.com/images/products/missing-image/missing-image.jpg')">
            <div class="hover"></div>
            
            <div class="stickers"></div>
        </div>
    </a>
    <div>
        <h4><a href="../vino-barrua-75cl.html"><b>Vino Barrua 75cl</b></a></h4>
        <p class="description">0.75 Lt</p>
        <p class="right price"><b>34.90 €</b></p>
        <p class="right unitPrice">46.53 € per litre</p>
    </div>
    <div class="contButton">
    <a class="button bgRed white addToCart" href="#">Add</a>
</div>
</div><div class="left product prod208"
        data-name="Vino Frescob Terre More 75 Cl"
        data-price="12.92"
        data-id="67839"
        data-available="yes"
        data-category="421"
        data-bestselling="">
    <a href="../vino-frescob-terre-more-75-cl.html">
        <div style="background-image: url('../../cdn.spesati.com/images/products/missing-image/missing-image.jpg')">
            <div class="hover"></div>
            
            <div class="stickers"></div>
        </div>
    </a>
    <div>
        <h4><a href="../vino-frescob-terre-more-75-cl.html"><b>Vino Frescob Terre More 75 Cl</b></a></h4>
        <p class="description">0.75 Lt</p>
        <p class="right price"><b>12.92 €</b></p>
        <p class="right unitPrice">17.23 € per litre</p>
    </div>
    <div class="contButton">
    <a class="button bgRed white addToCart" href="#">Add</a>
</div>
</div><div class="left product prod209"
        data-name="Vino Barrua Magnum 1.5 Lt"
        data-price="113.70"
        data-id="29043"
        data-available="yes"
        data-category="421"
        data-bestselling="">
    <a href="../vino-barrua-magnum-15-lt.html">
        <div style="background-image: url('../../cdn.spesati.com/images/products/missing-image/missing-image.jpg')">
            <div class="hover"></div>
            
            <div class="stickers"></div>
        </div>
    </a>
    <div>
        <h4><a href="../vino-barrua-magnum-15-lt.html"><b>Vino Barrua Magnum 1.5 Lt</b></a></h4>
        <p class="description">0.75 Lt</p>
        <p class="right price"><b>113.70 €</b></p>
        <p class="right unitPrice">151.60 € per litre</p>
    </div>
    <div class="contButton">
    <a class="button bgRed white addToCart" href="#">Add</a>
</div>
</div><div class="left product prod210"
        data-name="Vino Sassicaia 75cl"
        data-price="399.00"
        data-id="29044"
        data-available="yes"
        data-category="421"
        data-bestselling="">
    <a href="../vino-sassicaia-75cl.html">
        <div style="background-image: url('../../cdn.spesati.com/images/products/missing-image/missing-image.jpg')">
            <div class="hover"></div>
            
            <div class="stickers"></div>
        </div>
    </a>
    <div>
        <h4><a href="../vino-sassicaia-75cl.html"><b>Vino Sassicaia 75cl</b></a></h4>
        <p class="description">0.75 Lt</p>
        <p class="right price"><b>399.00 €</b></p>
        <p class="right unitPrice">532.01 € per litre</p>
    </div>
    <div class="contButton">
    <a class="button bgRed white addToCart" href="#">Add</a>
</div>
</div><div class="left product prod211"
        data-name="Vino Liscia Rene Cann Ros 75cl"
        data-price="23.47"
        data-id="68721"
        data-available="yes"
        data-category="421"
        data-bestselling="">
    <a href="../vino-liscia-rene-cann-ros-75cl.html">
        <div style="background-image: url('../../cdn.spesati.com/images/products/missing-image/missing-image.jpg')">
            <div class="hover"></div>
            
            <div class="stickers"></div>
        </div>
    </a>
    <div>
        <h4><a href="../vino-liscia-rene-cann-ros-75cl.html"><b>Vino Liscia Rene Cann Ros 75cl</b></a></h4>
        <p class="description">0.75 Lt</p>
        <p class="right price"><b>23.47 €</b></p>
        <p class="right unitPrice">31.29 € per litre</p>
    </div>
    <div class="contButton">
    <a class="button bgRed white addToCart" href="#">Add</a>
</div>
</div><div class="left product prod212"
        data-name="Vino Amarone Speri 75cl"
        data-price="68.24"
        data-id="29046"
        data-available="yes"
        data-category="421"
        data-bestselling="">
    <a href="../vino-amarone-speri-75cl.html">
        <div style="background-image: url('../../cdn.spesati.com/images/products/missing-image/missing-image.jpg')">
            <div class="hover"></div>
            
            <div class="stickers"></div>
        </div>
    </a>
    <div>
        <h4><a href="../vino-amarone-speri-75cl.html"><b>Vino Amarone Speri 75cl</b></a></h4>
        <p class="description">0.75 Lt</p>
        <p class="right price"><b>68.24 €</b></p>
        <p class="right unitPrice">90.99 € per litre</p>
    </div>
    <div class="contButton">
    <a class="button bgRed white addToCart" href="#">Add</a>
</div>
</div><div class="left product prod213"
        data-name="Vino Antigori Bovale Bio 75cl"
        data-price="24.90"
        data-id="68775"
        data-available="yes"
        data-category="421"
        data-bestselling="">
    <a href="../vino-antigori-bovale-bio-75cl.html">
        <div style="background-image: url('../../cdn.spesati.com/images/products/missing-image/missing-image.jpg')">
            <div class="hover"></div>
            
            <div class="stickers"></div>
        </div>
    </a>
    <div>
        <h4><a href="../vino-antigori-bovale-bio-75cl.html"><b>Vino Antigori Bovale Bio 75cl</b></a></h4>
        <p class="description">0.75 Lt</p>
        <p class="right price"><b>24.90 €</b></p>
        <p class="right unitPrice">33.20 € per litre</p>
    </div>
    <div class="contButton">
    <a class="button bgRed white addToCart" href="#">Add</a>
</div>
</div><div class="left product prod214"
        data-name="Vino Siddura Fola Cann Doc 75c"
        data-price="25.90"
        data-id="29048"
        data-available="yes"
        data-category="421"
        data-bestselling="">
    <a href="../vino-siddura-fola-cann-doc-75c.html">
        <div style="background-image: url('../../cdn.spesati.com/images/products/missing-image/missing-image.jpg')">
            <div class="hover"></div>
            
            <div class="stickers"></div>
        </div>
    </a>
    <div>
        <h4><a href="../vino-siddura-fola-cann-doc-75c.html"><b>Vino Siddura Fola Cann Doc 75c</b></a></h4>
        <p class="description">0.75 Lt</p>
        <p class="right price"><b>25.90 €</b></p>
        <p class="right unitPrice">34.54 € per litre</p>
    </div>
    <div class="contButton">
    <a class="button bgRed white addToCart" href="#">Add</a>
</div>
</div><div class="left product prod215"
        data-name="Vino Antigori Carignan Bio 75c"
        data-price="21.90"
        data-id="68778"
        data-available="yes"
        data-category="421"
        data-bestselling="">
    <a href="../vino-antigori-carignan-bio-75c.html">
        <div style="background-image: url('../../cdn.spesati.com/images/products/missing-image/missing-image.jpg')">
            <div class="hover"></div>
            
            <div class="stickers"></div>
        </div>
    </a>
    <div>
        <h4><a href="../vino-antigori-carignan-bio-75c.html"><b>Vino Antigori Carignan Bio 75c</b></a></h4>
        <p class="description">0.75 Lt</p>
        <p class="right price"><b>21.90 €</b></p>
        <p class="right unitPrice">29.19 € per litre</p>
    </div>
    <div class="contButton">
    <a class="button bgRed white addToCart" href="#">Add</a>
</div>
</div><div class="left product prod216"
        data-name="Vino Chateau Romassan Rose 75c"
        data-price="67.63"
        data-id="68805"
        data-available="yes"
        data-category="421"
        data-bestselling="">
    <a href="../vino-chateau-romassan-rose-75c.html">
        <div style="background-image: url('../../cdn.spesati.com/images/products/missing-image/missing-image.jpg')">
            <div class="hover"></div>
            
            <div class="stickers"></div>
        </div>
    </a>
    <div>
        <h4><a href="../vino-chateau-romassan-rose-75c.html"><b>Vino Chateau Romassan Rose 75c</b></a></h4>
        <p class="description">0.75 Lt</p>
        <p class="right price"><b>67.63 €</b></p>
        <p class="right unitPrice">90.17 € per litre</p>
    </div>
    <div class="contButton">
    <a class="button bgRed white addToCart" href="#">Add</a>
</div>
</div><div class="left product prod217"
        data-name="Vino Chateau Minuty M Rose 75c"
        data-price="34.48"
        data-id="68808"
        data-available="yes"
        data-category="421"
        data-bestselling="">
    <a href="../vino-chateau-minuty-m-rose-75c.html">
        <div style="background-image: url('../../cdn.spesati.com/images/products/missing-image/missing-image.jpg')">
            <div class="hover"></div>
            
            <div class="stickers"></div>
        </div>
    </a>
    <div>
        <h4><a href="../vino-chateau-minuty-m-rose-75c.html"><b>Vino Chateau Minuty M Rose 75c</b></a></h4>
        <p class="description">0.75 Lt</p>
        <p class="right price"><b>34.48 €</b></p>
        <p class="right unitPrice">45.98 € per litre</p>
    </div>
    <div class="contButton">
    <a class="button bgRed white addToCart" href="#">Add</a>
</div>
</div><div class="left product prod218"
        data-name="Vino Blange Langhe Arneis 75cl"
        data-price="28.91"
        data-id="68826"
        data-available="yes"
        data-category="421"
        data-bestselling="">
    <a href="../vino-blange-langhe-arneis-75cl.html">
        <div style="background-image: url('../../cdn.spesati.com/images/products/missing-image/missing-image.jpg')">
            <div class="hover"></div>
            
            <div class="stickers"></div>
        </div>
    </a>
    <div>
        <h4><a href="../vino-blange-langhe-arneis-75cl.html"><b>Vino Blange Langhe Arneis 75cl</b></a></h4>
        <p class="description">0.75 Lt</p>
        <p class="right price"><b>28.91 €</b></p>
        <p class="right unitPrice">38.55 € per litre</p>
    </div>
    <div class="contButton">
    <a class="button bgRed white addToCart" href="#">Add</a>
</div>
</div><div class="left product prod219"
        data-name="Vino Chardon Colli Orient 75cl"
        data-price="30.80"
        data-id="68829"
        data-available="yes"
        data-category="421"
        data-bestselling="">
    <a href="../vino-chardon-colli-orient-75cl.html">
        <div style="background-image: url('../../cdn.spesati.com/images/products/missing-image/missing-image.jpg')">
            <div class="hover"></div>
            
            <div class="stickers"></div>
        </div>
    </a>
    <div>
        <h4><a href="../vino-chardon-colli-orient-75cl.html"><b>Vino Chardon Colli Orient 75cl</b></a></h4>
        <p class="description">0.75 Lt</p>
        <p class="right price"><b>30.80 €</b></p>
        <p class="right unitPrice">41.07 € per litre</p>
    </div>
    <div class="contButton">
    <a class="button bgRed white addToCart" href="#">Add</a>
</div>
</div><div class="left product prod220"
        data-name="Vino Sauvign Colli Orient 75cl"
        data-price="19.90"
        data-id="68832"
        data-available="yes"
        data-category="421"
        data-bestselling="">
    <a href="../vino-sauvign-colli-orient-75cl.html">
        <div style="background-image: url('../../cdn.spesati.com/images/products/missing-image/missing-image.jpg')">
            <div class="hover"></div>
            
            <div class="stickers"></div>
        </div>
    </a>
    <div>
        <h4><a href="../vino-sauvign-colli-orient-75cl.html"><b>Vino Sauvign Colli Orient 75cl</b></a></h4>
        <p class="description">0.75 Lt</p>
        <p class="right price"><b>19.90 €</b></p>
        <p class="right unitPrice">26.54 € per litre</p>
    </div>
    <div class="contButton">
    <a class="button bgRed white addToCart" href="#">Add</a>
</div>
</div><div class="left product prod221"
        data-name="Vino Rosso Barolo Ceretto 75cl"
        data-price="73.04"
        data-id="68835"
        data-available="yes"
        data-category="421"
        data-bestselling="">
    <a href="../vino-rosso-barolo-ceretto-75cl.html">
        <div style="background-image: url('../../cdn.spesati.com/images/products/missing-image/missing-image.jpg')">
            <div class="hover"></div>
            
            <div class="stickers"></div>
        </div>
    </a>
    <div>
        <h4><a href="../vino-rosso-barolo-ceretto-75cl.html"><b>Vino Rosso Barolo Ceretto 75cl</b></a></h4>
        <p class="description">0.75 Lt</p>
        <p class="right price"><b>73.04 €</b></p>
        <p class="right unitPrice">97.38 € per litre</p>
    </div>
    <div class="contButton">
    <a class="button bgRed white addToCart" href="#">Add</a>
</div>
</div><div class="left product prod222"
        data-name="Vino Le Deux Anges Rose 75cl"
        data-price="28.86"
        data-id="68841"
        data-available="yes"
        data-category="421"
        data-bestselling="">
    <a href="../vino-le-deux-anges-rose-75cl.html">
        <div style="background-image: url('../../cdn.spesati.com/images/products/missing-image/missing-image.jpg')">
            <div class="hover"></div>
            
            <div class="stickers"></div>
        </div>
    </a>
    <div>
        <h4><a href="../vino-le-deux-anges-rose-75cl.html"><b>Vino Le Deux Anges Rose 75cl</b></a></h4>
        <p class="description">0.75 Lt</p>
        <p class="right price"><b>28.86 €</b></p>
        <p class="right unitPrice">38.48 € per litre</p>
    </div>
    <div class="contButton">
    <a class="button bgRed white addToCart" href="#">Add</a>
</div>
</div><div class="left product prod223"
        data-name="Vino Terre Siciliane Rose 75cl"
        data-price="30.93"
        data-id="68844"
        data-available="yes"
        data-category="421"
        data-bestselling="">
    <a href="../vino-terre-siciliane-rose-75cl.html">
        <div style="background-image: url('../../cdn.spesati.com/images/products/missing-image/missing-image.jpg')">
            <div class="hover"></div>
            
            <div class="stickers"></div>
        </div>
    </a>
    <div>
        <h4><a href="../vino-terre-siciliane-rose-75cl.html"><b>Vino Terre Siciliane Rose 75cl</b></a></h4>
        <p class="description">0.75 Lt</p>
        <p class="right price"><b>30.93 €</b></p>
        <p class="right unitPrice">41.25 € per litre</p>
    </div>
    <div class="contButton">
    <a class="button bgRed white addToCart" href="#">Add</a>
</div>
</div><div class="left product prod224"
        data-name="Spum Granos Franciacor Bru 75c"
        data-price="30.94"
        data-id="68847"
        data-available="yes"
        data-category="421"
        data-bestselling="">
    <a href="../spum-granos-franciacor-bru-75c.html">
        <div style="background-image: url('../../cdn.spesati.com/images/products/missing-image/missing-image.jpg')">
            <div class="hover"></div>
            
            <div class="stickers"></div>
        </div>
    </a>
    <div>
        <h4><a href="../spum-granos-franciacor-bru-75c.html"><b>Spum Granos Franciacor Bru 75c</b></a></h4>
        <p class="description">0.75 Lt</p>
        <p class="right price"><b>30.94 €</b></p>
        <p class="right unitPrice">41.25 € per litre</p>
    </div>
    <div class="contButton">
    <a class="button bgRed white addToCart" href="#">Add</a>
</div>
</div><div class="left product prod225"
        data-name="Vino Antinori P.vigne R-montal"
        data-price="30.28"
        data-id="29068"
        data-available="yes"
        data-category="421"
        data-bestselling="">
    <a href="../vino-antinori-pvigne-r-montal.html">
        <div style="background-image: url('../../cdn.spesati.com/images/products/missing-image/missing-image.jpg')">
            <div class="hover"></div>
            
            <div class="stickers"></div>
        </div>
    </a>
    <div>
        <h4><a href="../vino-antinori-pvigne-r-montal.html"><b>Vino Antinori P.vigne R-montal</b></a></h4>
        <p class="description">0.75 Lt</p>
        <p class="right price"><b>30.28 €</b></p>
        <p class="right unitPrice">40.37 € per litre</p>
    </div>
    <div class="contButton">
    <a class="button bgRed white addToCart" href="#">Add</a>
</div>
</div><div class="left product prod226"
        data-name="Spum Lunamea Franciac Ros 75cl"
        data-price="35.78"
        data-id="68853"
        data-available="yes"
        data-category="421"
        data-bestselling="">
    <a href="../spum-lunamea-franciac-ros-75cl.html">
        <div style="background-image: url('../../cdn.spesati.com/images/products/missing-image/missing-image.jpg')">
            <div class="hover"></div>
            
            <div class="stickers"></div>
        </div>
    </a>
    <div>
        <h4><a href="../spum-lunamea-franciac-ros-75cl.html"><b>Spum Lunamea Franciac Ros 75cl</b></a></h4>
        <p class="description">0.75 Lt</p>
        <p class="right price"><b>35.78 €</b></p>
        <p class="right unitPrice">47.70 € per litre</p>
    </div>
    <div class="contButton">
    <a class="button bgRed white addToCart" href="#">Add</a>
</div>
</div><div class="left product prod227"
        data-name="Spum Prosec Extrabrut Rose 75c"
        data-price="14.95"
        data-id="68859"
        data-available="yes"
        data-category="421"
        data-bestselling="">
    <a href="../spum-prosec-extrabrut-rose-75c.html">
        <div style="background-image: url('../../cdn.spesati.com/images/products/missing-image/missing-image.jpg')">
            <div class="hover"></div>
            
            <div class="stickers"></div>
        </div>
    </a>
    <div>
        <h4><a href="../spum-prosec-extrabrut-rose-75c.html"><b>Spum Prosec Extrabrut Rose 75c</b></a></h4>
        <p class="description">0.75 Lt</p>
        <p class="right price"><b>14.95 €</b></p>
        <p class="right unitPrice">19.93 € per litre</p>
    </div>
    <div class="contButton">
    <a class="button bgRed white addToCart" href="#">Add</a>
</div>
</div><div class="left product prod228"
        data-name="Vino Rosso Di Montalcino 75cl"
        data-price="26.84"
        data-id="68877"
        data-available="yes"
        data-category="421"
        data-bestselling="">
    <a href="../vino-rosso-di-montalcino-75cl.html">
        <div style="background-image: url('../../cdn.spesati.com/images/products/missing-image/missing-image.jpg')">
            <div class="hover"></div>
            
            <div class="stickers"></div>
        </div>
    </a>
    <div>
        <h4><a href="../vino-rosso-di-montalcino-75cl.html"><b>Vino Rosso Di Montalcino 75cl</b></a></h4>
        <p class="description">0.75 Lt</p>
        <p class="right price"><b>26.84 €</b></p>
        <p class="right unitPrice">35.78 € per litre</p>
    </div>
    <div class="contButton">
    <a class="button bgRed white addToCart" href="#">Add</a>
</div>
</div><div class="left product prod229"
        data-name="Vino Frescob.castiglioni 75 Cl"
        data-price="10.32"
        data-id="29090"
        data-available="yes"
        data-category="421"
        data-bestselling="">
    <a href="../vino-frescobcastiglioni-75-cl.html">
        <div style="background-image: url('../../cdn.spesati.com/images/products/missing-image/missing-image.jpg')">
            <div class="hover"></div>
            
            <div class="stickers"></div>
        </div>
    </a>
    <div>
        <h4><a href="../vino-frescobcastiglioni-75-cl.html"><b>Vino Frescob.castiglioni 75 Cl</b></a></h4>
        <p class="description">0.75 Lt</p>
        <p class="right price"><b>10.32 €</b></p>
        <p class="right unitPrice">13.76 € per litre</p>
    </div>
    <div class="contButton">
    <a class="button bgRed white addToCart" href="#">Add</a>
</div>
</div><div class="left product prod230"
        data-name="Vino Primitivo Mass Pisari 75c"
        data-price="11.71"
        data-id="68886"
        data-available="yes"
        data-category="421"
        data-bestselling="">
    <a href="../vino-primitivo-mass-pisari-75c.html">
        <div style="background-image: url('../../cdn.spesati.com/images/products/missing-image/missing-image.jpg')">
            <div class="hover"></div>
            
            <div class="stickers"></div>
        </div>
    </a>
    <div>
        <h4><a href="../vino-primitivo-mass-pisari-75c.html"><b>Vino Primitivo Mass Pisari 75c</b></a></h4>
        <p class="description">0.75 Lt</p>
        <p class="right price"><b>11.71 €</b></p>
        <p class="right unitPrice">15.62 € per litre</p>
    </div>
    <div class="contButton">
    <a class="button bgRed white addToCart" href="#">Add</a>
</div>
</div><div class="left product prod231"
        data-name="Vino Frescob.vecchie Viti 75cl"
        data-price="19.99"
        data-id="29091"
        data-available="yes"
        data-category="421"
        data-bestselling="">
    <a href="../vino-frescobvecchie-viti-75cl.html">
        <div style="background-image: url('../../cdn.spesati.com/images/products/missing-image/missing-image.jpg')">
            <div class="hover"></div>
            
            <div class="stickers"></div>
        </div>
    </a>
    <div>
        <h4><a href="../vino-frescobvecchie-viti-75cl.html"><b>Vino Frescob.vecchie Viti 75cl</b></a></h4>
        <p class="description">0.75 Lt</p>
        <p class="right price"><b>19.99 €</b></p>
        <p class="right unitPrice">26.66 € per litre</p>
    </div>
    <div class="contButton">
    <a class="button bgRed white addToCart" href="#">Add</a>
</div>
</div><div class="left product prod232"
        data-name="Vino Saint Emill Clos De J 75c"
        data-price="69.54"
        data-id="68889"
        data-available="yes"
        data-category="421"
        data-bestselling="">
    <a href="../vino-saint-emill-clos-de-j-75c.html">
        <div style="background-image: url('../../cdn.spesati.com/images/products/missing-image/missing-image.jpg')">
            <div class="hover"></div>
            
            <div class="stickers"></div>
        </div>
    </a>
    <div>
        <h4><a href="../vino-saint-emill-clos-de-j-75c.html"><b>Vino Saint Emill Clos De J 75c</b></a></h4>
        <p class="description">0.75 Lt</p>
        <p class="right price"><b>69.54 €</b></p>
        <p class="right unitPrice">92.72 € per litre</p>
    </div>
    <div class="contButton">
    <a class="button bgRed white addToCart" href="#">Add</a>
</div>
</div><div class="left product prod233"
        data-name="Vino Frescob.brunello C.gioc75"
        data-price="44.90"
        data-id="29092"
        data-available="yes"
        data-category="421"
        data-bestselling="">
    <a href="../vino-frescobbrunello-cgioc75.html">
        <div style="background-image: url('../../cdn.spesati.com/images/products/missing-image/missing-image.jpg')">
            <div class="hover"></div>
            
            <div class="stickers"></div>
        </div>
    </a>
    <div>
        <h4><a href="../vino-frescobbrunello-cgioc75.html"><b>Vino Frescob.brunello C.gioc75</b></a></h4>
        <p class="description">0.75 Lt</p>
        <p class="right price"><b>44.90 €</b></p>
        <p class="right unitPrice">59.87 € per litre</p>
    </div>
    <div class="contButton">
    <a class="button bgRed white addToCart" href="#">Add</a>
</div>
</div><div class="left product prod234"
        data-name="Spum Blanquette Guinot 75 Cl"
        data-price="17.15"
        data-id="68898"
        data-available="yes"
        data-category="421"
        data-bestselling="">
    <a href="../spum-blanquette-guinot-75-cl.html">
        <div style="background-image: url('../../cdn.spesati.com/images/products/missing-image/missing-image.jpg')">
            <div class="hover"></div>
            
            <div class="stickers"></div>
        </div>
    </a>
    <div>
        <h4><a href="../spum-blanquette-guinot-75-cl.html"><b>Spum Blanquette Guinot 75 Cl</b></a></h4>
        <p class="description">0.75 Lt</p>
        <p class="right price"><b>17.15 €</b></p>
        <p class="right unitPrice">22.88 € per litre</p>
    </div>
    <div class="contButton">
    <a class="button bgRed white addToCart" href="#">Add</a>
</div>
</div><div class="left product prod235"
        data-name="Vino Frescob.luce 75 Cl"
        data-price="142.90"
        data-id="29093"
        data-available="yes"
        data-category="421"
        data-bestselling="">
    <a href="../vino-frescobluce-75-cl.html">
        <div style="background-image: url('../../cdn.spesati.com/images/products/missing-image/missing-image.jpg')">
            <div class="hover"></div>
            
            <div class="stickers"></div>
        </div>
    </a>
    <div>
        <h4><a href="../vino-frescobluce-75-cl.html"><b>Vino Frescob.luce 75 Cl</b></a></h4>
        <p class="description">0.75 Lt</p>
        <p class="right price"><b>142.90 €</b></p>
        <p class="right unitPrice">190.54 € per litre</p>
    </div>
    <div class="contButton">
    <a class="button bgRed white addToCart" href="#">Add</a>
</div>
</div><div class="left product prod236"
        data-name="Vino Frescob.lucente 75 Cl"
        data-price="26.90"
        data-id="29094"
        data-available="yes"
        data-category="421"
        data-bestselling="">
    <a href="../vino-frescoblucente-75-cl.html">
        <div style="background-image: url('../../cdn.spesati.com/images/products/missing-image/missing-image.jpg')">
            <div class="hover"></div>
            
            <div class="stickers"></div>
        </div>
    </a>
    <div>
        <h4><a href="../vino-frescoblucente-75-cl.html"><b>Vino Frescob.lucente 75 Cl</b></a></h4>
        <p class="description">0.75 Lt</p>
        <p class="right price"><b>26.90 €</b></p>
        <p class="right unitPrice">35.87 € per litre</p>
    </div>
    <div class="contButton">
    <a class="button bgRed white addToCart" href="#">Add</a>
</div>
</div><div class="left product prod237"
        data-name="Vin Chianti Clas Docg Bra 75cl"
        data-price="19.64"
        data-id="68931"
        data-available="yes"
        data-category="421"
        data-bestselling="">
    <a href="../vin-chianti-clas-docg-bra-75cl.html">
        <div style="background-image: url('../../cdn.spesati.com/images/products/missing-image/missing-image.jpg')">
            <div class="hover"></div>
            
            <div class="stickers"></div>
        </div>
    </a>
    <div>
        <h4><a href="../vin-chianti-clas-docg-bra-75cl.html"><b>Vin Chianti Clas Docg Bra 75cl</b></a></h4>
        <p class="description">0.75 Lt</p>
        <p class="right price"><b>19.64 €</b></p>
        <p class="right unitPrice">26.19 € per litre</p>
    </div>
    <div class="contButton">
    <a class="button bgRed white addToCart" href="#">Add</a>
</div>
</div><div class="left product prod238"
        data-name="Vino Ornellaia 75 Cl"
        data-price="390.40"
        data-id="29096"
        data-available="yes"
        data-category="421"
        data-bestselling="">
    <a href="../vino-ornellaia-75-cl.html">
        <div style="background-image: url('../../cdn.spesati.com/images/products/missing-image/missing-image.jpg')">
            <div class="hover"></div>
            
            <div class="stickers"></div>
        </div>
    </a>
    <div>
        <h4><a href="../vino-ornellaia-75-cl.html"><b>Vino Ornellaia 75 Cl</b></a></h4>
        <p class="description">0.75 Lt</p>
        <p class="right price"><b>390.40 €</b></p>
        <p class="right unitPrice">520.54 € per litre</p>
    </div>
    <div class="contButton">
    <a class="button bgRed white addToCart" href="#">Add</a>
</div>
</div><div class="left product prod239"
        data-name="Brunello Montalc Romitorio 75c"
        data-price="75.62"
        data-id="68934"
        data-available="yes"
        data-category="421"
        data-bestselling="">
    <a href="../brunello-montalc-romitorio-75c.html">
        <div style="background-image: url('../../cdn.spesati.com/images/products/missing-image/missing-image.jpg')">
            <div class="hover"></div>
            
            <div class="stickers"></div>
        </div>
    </a>
    <div>
        <h4><a href="../brunello-montalc-romitorio-75c.html"><b>Brunello Montalc Romitorio 75c</b></a></h4>
        <p class="description">0.75 Lt</p>
        <p class="right price"><b>75.62 €</b></p>
        <p class="right unitPrice">100.83 € per litre</p>
    </div>
    <div class="contButton">
    <a class="button bgRed white addToCart" href="#">Add</a>
</div>
</div><div class="left product prod240"
        data-name="Vino Langhe Damilano Rose 75c"
        data-price="17.16"
        data-id="68937"
        data-available="yes"
        data-category="421"
        data-bestselling="">
    <a href="../vino-langhe-damilano-rose-75c.html">
        <div style="background-image: url('../../cdn.spesati.com/images/products/missing-image/missing-image.jpg')">
            <div class="hover"></div>
            
            <div class="stickers"></div>
        </div>
    </a>
    <div>
        <h4><a href="../vino-langhe-damilano-rose-75c.html"><b>Vino Langhe Damilano Rose 75c</b></a></h4>
        <p class="description">0.75 Lt</p>
        <p class="right price"><b>17.16 €</b></p>
        <p class="right unitPrice">22.89 € per litre</p>
    </div>
    <div class="contButton">
    <a class="button bgRed white addToCart" href="#">Add</a>
</div>
</div><div class="left product prod241"
        data-name="Vino Franz Haas Gewurtztr 75cl"
        data-price="22.61"
        data-id="68940"
        data-available="yes"
        data-category="421"
        data-bestselling="">
    <a href="../vino-franz-haas-gewurtztr-75cl.html">
        <div style="background-image: url('../../cdn.spesati.com/images/products/missing-image/missing-image.jpg')">
            <div class="hover"></div>
            
            <div class="stickers"></div>
        </div>
    </a>
    <div>
        <h4><a href="../vino-franz-haas-gewurtztr-75cl.html"><b>Vino Franz Haas Gewurtztr 75cl</b></a></h4>
        <p class="description">0.75 Lt</p>
        <p class="right price"><b>22.61 €</b></p>
        <p class="right unitPrice">30.15 € per litre</p>
    </div>
    <div class="contButton">
    <a class="button bgRed white addToCart" href="#">Add</a>
</div>
</div><div class="left product prod242"
        data-name="Vino La Scolca Rosa Chiara 75c"
        data-price="14.96"
        data-id="68943"
        data-available="yes"
        data-category="421"
        data-bestselling="">
    <a href="../vino-la-scolca-rosa-chiara-75c.html">
        <div style="background-image: url('../../cdn.spesati.com/images/products/missing-image/missing-image.jpg')">
            <div class="hover"></div>
            
            <div class="stickers"></div>
        </div>
    </a>
    <div>
        <h4><a href="../vino-la-scolca-rosa-chiara-75c.html"><b>Vino La Scolca Rosa Chiara 75c</b></a></h4>
        <p class="description">0.75 Lt</p>
        <p class="right price"><b>14.96 €</b></p>
        <p class="right unitPrice">19.95 € per litre</p>
    </div>
    <div class="contButton">
    <a class="button bgRed white addToCart" href="#">Add</a>
</div>
</div><div class="left product prod243"
        data-name="Vino La Scolc Gavi Di Gavi 75c"
        data-price="34.16"
        data-id="68946"
        data-available="yes"
        data-category="421"
        data-bestselling="">
    <a href="../vino-la-scolc-gavi-di-gavi-75c.html">
        <div style="background-image: url('../../cdn.spesati.com/images/products/missing-image/missing-image.jpg')">
            <div class="hover"></div>
            
            <div class="stickers"></div>
        </div>
    </a>
    <div>
        <h4><a href="../vino-la-scolc-gavi-di-gavi-75c.html"><b>Vino La Scolc Gavi Di Gavi 75c</b></a></h4>
        <p class="description">0.75 Lt</p>
        <p class="right price"><b>34.16 €</b></p>
        <p class="right unitPrice">45.54 € per litre</p>
    </div>
    <div class="contButton">
    <a class="button bgRed white addToCart" href="#">Add</a>
</div>
</div><div class="left product prod244"
        data-name="Vino Melis Dominariu Doc 75 Cl"
        data-price="9.99"
        data-id="29132"
        data-available="yes"
        data-category="421"
        data-bestselling="">
    <a href="../vino-melis-dominariu-doc-75-cl.html">
        <div style="background-image: url('../../cdn.spesati.com/images/products/missing-image/missing-image.jpg')">
            <div class="hover"></div>
            
            <div class="stickers"></div>
        </div>
    </a>
    <div>
        <h4><a href="../vino-melis-dominariu-doc-75-cl.html"><b>Vino Melis Dominariu Doc 75 Cl</b></a></h4>
        <p class="description">0.75 Lt</p>
        <p class="right price"><b>9.99 €</b></p>
        <p class="right unitPrice">13.32 € per litre</p>
    </div>
    <div class="contButton">
    <a class="button bgRed white addToCart" href="#">Add</a>
</div>
</div><div class="left product prod245"
        data-name="Vino Bolgheri Grattamacco 75cl"
        data-price="27.29"
        data-id="68961"
        data-available="yes"
        data-category="421"
        data-bestselling="">
    <a href="../vino-bolgheri-grattamacco-75cl.html">
        <div style="background-image: url('../../cdn.spesati.com/images/products/missing-image/missing-image.jpg')">
            <div class="hover"></div>
            
            <div class="stickers"></div>
        </div>
    </a>
    <div>
        <h4><a href="../vino-bolgheri-grattamacco-75cl.html"><b>Vino Bolgheri Grattamacco 75cl</b></a></h4>
        <p class="description">0.75 Lt</p>
        <p class="right price"><b>27.29 €</b></p>
        <p class="right unitPrice">36.39 € per litre</p>
    </div>
    <div class="contButton">
    <a class="button bgRed white addToCart" href="#">Add</a>
</div>
</div><div class="left product prod246"
        data-name="Vino Melis Bovale Igt 75 Cl"
        data-price="9.90"
        data-id="29133"
        data-available="yes"
        data-category="421"
        data-bestselling="">
    <a href="../vino-melis-bovale-igt-75-cl.html">
        <div style="background-image: url('../../cdn.spesati.com/images/products/missing-image/missing-image.jpg')">
            <div class="hover"></div>
            
            <div class="stickers"></div>
        </div>
    </a>
    <div>
        <h4><a href="../vino-melis-bovale-igt-75-cl.html"><b>Vino Melis Bovale Igt 75 Cl</b></a></h4>
        <p class="description">0.75 Lt</p>
        <p class="right price"><b>9.90 €</b></p>
        <p class="right unitPrice">13.20 € per litre</p>
    </div>
    <div class="contButton">
    <a class="button bgRed white addToCart" href="#">Add</a>
</div>
</div><div class="left product prod247"
        data-name="Vino Bolgheri Grattam Sup 75cl"
        data-price="93.67"
        data-id="68964"
        data-available="yes"
        data-category="421"
        data-bestselling="">
    <a href="../vino-bolgheri-grattam-sup-75cl.html">
        <div style="background-image: url('../../cdn.spesati.com/images/products/missing-image/missing-image.jpg')">
            <div class="hover"></div>
            
            <div class="stickers"></div>
        </div>
    </a>
    <div>
        <h4><a href="../vino-bolgheri-grattam-sup-75cl.html"><b>Vino Bolgheri Grattam Sup 75cl</b></a></h4>
        <p class="description">0.75 Lt</p>
        <p class="right price"><b>93.67 €</b></p>
        <p class="right unitPrice">124.89 € per litre</p>
    </div>
    <div class="contButton">
    <a class="button bgRed white addToCart" href="#">Add</a>
</div>
</div><div class="left product prod248"
        data-name="Vino Tani Donosu Cann Doc 75cl"
        data-price="13.97"
        data-id="29149"
        data-available="yes"
        data-category="421"
        data-bestselling="">
    <a href="../vino-tani-donosu-cann-doc-75cl.html">
        <div style="background-image: url('../../cdn.spesati.com/images/products/missing-image/missing-image.jpg')">
            <div class="hover"></div>
            
            <div class="stickers"></div>
        </div>
    </a>
    <div>
        <h4><a href="../vino-tani-donosu-cann-doc-75cl.html"><b>Vino Tani Donosu Cann Doc 75cl</b></a></h4>
        <p class="description">0.75 Lt</p>
        <p class="right price"><b>13.97 €</b></p>
        <p class="right unitPrice">18.63 € per litre</p>
    </div>
    <div class="contButton">
    <a class="button bgRed white addToCart" href="#">Add</a>
</div>
</div><div class="left product prod249"
        data-name="Vino Tani Serranu Igt 75 Cl"
        data-price="50.43"
        data-id="29150"
        data-available="yes"
        data-category="421"
        data-bestselling="">
    <a href="../vino-tani-serranu-igt-75-cl.html">
        <div style="background-image: url('../../cdn.spesati.com/images/products/missing-image/missing-image.jpg')">
            <div class="hover"></div>
            
            <div class="stickers"></div>
        </div>
    </a>
    <div>
        <h4><a href="../vino-tani-serranu-igt-75-cl.html"><b>Vino Tani Serranu Igt 75 Cl</b></a></h4>
        <p class="description">0.75 Lt</p>
        <p class="right price"><b>50.43 €</b></p>
        <p class="right unitPrice">67.23 € per litre</p>
    </div>
    <div class="contButton">
    <a class="button bgRed white addToCart" href="#">Add</a>
</div>
</div><div class="left product prod250"
        data-name="Vino Audarya Bessiu Nasco 75cl"
        data-price="17.75"
        data-id="71422"
        data-available="yes"
        data-category="421"
        data-bestselling="">
    <a href="../vino-audarya-bessiu-nasco-75cl.html">
        <div style="background-image: url('../../cdn.spesati.com/images/products/missing-image/missing-image.jpg')">
            <div class="hover"></div>
            
            <div class="stickers"></div>
        </div>
    </a>
    <div>
        <h4><a href="../vino-audarya-bessiu-nasco-75cl.html"><b>Vino Audarya Bessiu Nasco 75cl</b></a></h4>
        <p class="description">0.75 Lt</p>
        <p class="right price"><b>17.75 €</b></p>
        <p class="right unitPrice">23.67 € per litre</p>
    </div>
    <div class="contButton">
    <a class="button bgRed white addToCart" href="#">Add</a>
</div>
</div><div class="left product prod251"
        data-name="Vino Tani Meoru Verm Docg 75cl"
        data-price="14.79"
        data-id="29151"
        data-available="yes"
        data-category="421"
        data-bestselling="">
    <a href="../vino-tani-meoru-verm-docg-75cl.html">
        <div style="background-image: url('../../cdn.spesati.com/images/products/missing-image/missing-image.jpg')">
            <div class="hover"></div>
            
            <div class="stickers"></div>
        </div>
    </a>
    <div>
        <h4><a href="../vino-tani-meoru-verm-docg-75cl.html"><b>Vino Tani Meoru Verm Docg 75cl</b></a></h4>
        <p class="description">0.75 Lt</p>
        <p class="right price"><b>14.79 €</b></p>
        <p class="right unitPrice">19.73 € per litre</p>
    </div>
    <div class="contButton">
    <a class="button bgRed white addToCart" href="#">Add</a>
</div>
</div><div class="left product prod252"
        data-name="Vino Carignano C/isola 75 Cl"
        data-price="5.99"
        data-id="72044"
        data-available="yes"
        data-category="421"
        data-bestselling="">
    <a href="../vino-carignano-cisola-75-cl.html">
        <div style="background-image: url('../../cdn.spesati.com/images/products/missing-image/missing-image.jpg')">
            <div class="hover"></div>
            
            <div class="stickers"></div>
        </div>
    </a>
    <div>
        <h4><a href="../vino-carignano-cisola-75-cl.html"><b>Vino Carignano C/isola 75 Cl</b></a></h4>
        <p class="description">0.75 Lt</p>
        <p class="right price"><b>5.99 €</b></p>
        <p class="right unitPrice">7.99 € per litre</p>
    </div>
    <div class="contButton">
    <a class="button bgRed white addToCart" href="#">Add</a>
</div>
</div><div class="left product prod253"
        data-name="Vino Tani Taerr Verm Docg 75cl"
        data-price="18.63"
        data-id="29152"
        data-available="yes"
        data-category="421"
        data-bestselling="">
    <a href="../vino-tani-taerr-verm-docg-75cl.html">
        <div style="background-image: url('../../cdn.spesati.com/images/products/missing-image/missing-image.jpg')">
            <div class="hover"></div>
            
            <div class="stickers"></div>
        </div>
    </a>
    <div>
        <h4><a href="../vino-tani-taerr-verm-docg-75cl.html"><b>Vino Tani Taerr Verm Docg 75cl</b></a></h4>
        <p class="description">0.75 Lt</p>
        <p class="right price"><b>18.63 €</b></p>
        <p class="right unitPrice">24.84 € per litre</p>
    </div>
    <div class="contButton">
    <a class="button bgRed white addToCart" href="#">Add</a>
</div>
</div><div class="left product prod254"
        data-name="Vino Marggaux Aoc Kressm 75 Cl"
        data-price="57.37"
        data-id="29157"
        data-available="yes"
        data-category="421"
        data-bestselling="">
    <a href="../vino-marggaux-aoc-kressm-75-cl.html">
        <div style="background-image: url('../../cdn.spesati.com/images/products/missing-image/missing-image.jpg')">
            <div class="hover"></div>
            
            <div class="stickers"></div>
        </div>
    </a>
    <div>
        <h4><a href="../vino-marggaux-aoc-kressm-75-cl.html"><b>Vino Marggaux Aoc Kressm 75 Cl</b></a></h4>
        <p class="description">0.75 Lt</p>
        <p class="right price"><b>57.37 €</b></p>
        <p class="right unitPrice">76.49 € per litre</p>
    </div>
    <div class="contButton">
    <a class="button bgRed white addToCart" href="#">Add</a>
</div>
</div><div class="left product prod255"
        data-name="Vino Riserva Franzisca 75cl"
        data-price="94.50"
        data-id="73760"
        data-available="yes"
        data-category="421"
        data-bestselling="">
    <a href="../vino-riserva-franzisca-75cl.html">
        <div style="background-image: url('../../cdn.spesati.com/images/products/missing-image/missing-image.jpg')">
            <div class="hover"></div>
            
            <div class="stickers"></div>
        </div>
    </a>
    <div>
        <h4><a href="../vino-riserva-franzisca-75cl.html"><b>Vino Riserva Franzisca 75cl</b></a></h4>
        <p class="description">0.75 Lt</p>
        <p class="right price"><b>94.50 €</b></p>
        <p class="right unitPrice">126.00 € per litre</p>
    </div>
    <div class="contButton">
    <a class="button bgRed white addToCart" href="#">Add</a>
</div>
</div><div class="left product prod256"
        data-name="Vino Argiolas Cardanera 75cl"
        data-price="13.91"
        data-id="29217"
        data-available="yes"
        data-category="421"
        data-bestselling="">
    <a href="../vino-argiolas-cardanera-75cl.html">
        <div style="background-image: url('../../cdn.spesati.com/images/products/missing-image/missing-image.jpg')">
            <div class="hover"></div>
            
            <div class="stickers"></div>
        </div>
    </a>
    <div>
        <h4><a href="../vino-argiolas-cardanera-75cl.html"><b>Vino Argiolas Cardanera 75cl</b></a></h4>
        <p class="description">0.75 Lt</p>
        <p class="right price"><b>13.91 €</b></p>
        <p class="right unitPrice">18.54 € per litre</p>
    </div>
    <div class="contButton">
    <a class="button bgRed white addToCart" href="#">Add</a>
</div>
</div><div class="left product prod257"
        data-name="Vino Surrau Rosso Igt 75cl"
        data-price="13.99"
        data-id="34836"
        data-available="yes"
        data-category="421"
        data-bestselling="">
    <a href="../vino-surrau-rosso-igt-75cl.html">
        <div style="background-image: url('../../cdn.spesati.com/images/products/missing-image/missing-image.jpg')">
            <div class="hover"></div>
            
            <div class="stickers"></div>
        </div>
    </a>
    <div>
        <h4><a href="../vino-surrau-rosso-igt-75cl.html"><b>Vino Surrau Rosso Igt 75cl</b></a></h4>
        <p class="description">1 piece</p>
        <p class="right price"><b>13.99 €</b></p>
        <p class="right unitPrice">13.99 € per piece</p>
    </div>
    <div class="contButton">
    <a class="button bgRed white addToCart" href="#">Add</a>
</div>
</div><div class="left product prod258"
        data-name="Vino Trexen Tanca S Cann 75doc"
        data-price="3.89"
        data-id="35171"
        data-available="yes"
        data-category="421"
        data-bestselling="">
    <a href="../vino-trexen-tanca-s-cann-75doc.html">
        <div style="background-image: url('../../cdn.spesati.com/images/products/missing-image/missing-image.jpg')">
            <div class="hover"></div>
            
            <div class="stickers"></div>
        </div>
    </a>
    <div>
        <h4><a href="../vino-trexen-tanca-s-cann-75doc.html"><b>Vino Trexen Tanca S Cann 75doc</b></a></h4>
        <p class="description">0.75 Lt</p>
        <p class="right price"><b>3.89 €</b></p>
        <p class="right unitPrice">5.19 € per litre</p>
    </div>
    <div class="contButton">
    <a class="button bgRed white addToCart" href="#">Add</a>
</div>
</div><div class="left product prod259"
        data-name="Vino Argiolas Costamolino 375m"
        data-price="5.49"
        data-id="28972"
        data-available="yes"
        data-category="421"
        data-bestselling="">
    <a href="../vino-argiolas-costamolino-375m.html">
        <div style="background-image: url('../../cdn.spesati.com/images/products/missing-image/missing-image.jpg')">
            <div class="hover"></div>
            
            <div class="stickers"></div>
        </div>
    </a>
    <div>
        <h4><a href="../vino-argiolas-costamolino-375m.html"><b>Vino Argiolas Costamolino 375m</b></a></h4>
        <p class="description">0.38 Lt</p>
        <p class="right price"><b>5.49 €</b></p>
        <p class="right unitPrice">14.64 € per litre</p>
    </div>
    <div class="contButton">
    <a class="button bgRed white addToCart" href="#">Add</a>
</div>
</div><div class="left product prod260"
        data-name="Vin Trexen Tanca S Verm 75 Doc"
        data-price="3.89"
        data-id="35173"
        data-available="yes"
        data-category="421"
        data-bestselling="">
    <a href="../vin-trexen-tanca-s-verm-75-doc.html">
        <div style="background-image: url('../../cdn.spesati.com/images/products/missing-image/missing-image.jpg')">
            <div class="hover"></div>
            
            <div class="stickers"></div>
        </div>
    </a>
    <div>
        <h4><a href="../vin-trexen-tanca-s-verm-75-doc.html"><b>Vin Trexen Tanca S Verm 75 Doc</b></a></h4>
        <p class="description">0.75 Lt</p>
        <p class="right price"><b>3.89 €</b></p>
        <p class="right unitPrice">5.19 € per litre</p>
    </div>
    <div class="contButton">
    <a class="button bgRed white addToCart" href="#">Add</a>
</div>
</div><div class="left product prod261"
        data-name="Vino Argiolas Costera 1,5 Legn"
        data-price="30.90"
        data-id="28973"
        data-available="yes"
        data-category="421"
        data-bestselling="">
    <a href="../vino-argiolas-costera-15-legn.html">
        <div style="background-image: url('../../cdn.spesati.com/images/products/missing-image/missing-image.jpg')">
            <div class="hover"></div>
            
            <div class="stickers"></div>
        </div>
    </a>
    <div>
        <h4><a href="../vino-argiolas-costera-15-legn.html"><b>Vino Argiolas Costera 1,5 Legn</b></a></h4>
        <p class="description">1.5 Lt</p>
        <p class="right price"><b>30.90 €</b></p>
        <p class="right unitPrice">20.61 € per litre</p>
    </div>
    <div class="contButton">
    <a class="button bgRed white addToCart" href="#">Add</a>
</div>
</div><div class="left product prod262"
        data-name="Vino Sm La Palma 75cl Cagnular"
        data-price="12.49"
        data-id="35188"
        data-available="yes"
        data-category="421"
        data-bestselling="">
    <a href="../vino-sm-la-palma-75cl-cagnular.html">
        <div style="background-image: url('../../cdn.spesati.com/images/products/missing-image/missing-image.jpg')">
            <div class="hover"></div>
            
            <div class="stickers"></div>
        </div>
    </a>
    <div>
        <h4><a href="../vino-sm-la-palma-75cl-cagnular.html"><b>Vino Sm La Palma 75cl Cagnular</b></a></h4>
        <p class="description">0.75 Lt</p>
        <p class="right price"><b>12.49 €</b></p>
        <p class="right unitPrice">16.65 € per litre</p>
    </div>
    <div class="contButton">
    <a class="button bgRed white addToCart" href="#">Add</a>
</div>
</div><div class="left product prod263"
        data-name="Vino Carpante Cagnulari Igt 75"
        data-price="14.87"
        data-id="35189"
        data-available="yes"
        data-category="421"
        data-bestselling="">
    <a href="../vino-carpante-cagnulari-igt-75.html">
        <div style="background-image: url('../../cdn.spesati.com/images/products/missing-image/missing-image.jpg')">
            <div class="hover"></div>
            
            <div class="stickers"></div>
        </div>
    </a>
    <div>
        <h4><a href="../vino-carpante-cagnulari-igt-75.html"><b>Vino Carpante Cagnulari Igt 75</b></a></h4>
        <p class="description">0.75 Lt</p>
        <p class="right price"><b>14.87 €</b></p>
        <p class="right unitPrice">19.83 € per litre</p>
    </div>
    <div class="contButton">
    <a class="button bgRed white addToCart" href="#">Add</a>
</div>
</div><div class="left product prod264"
        data-name="Vino Argiolas Meri'75cl"
        data-price="11.49"
        data-id="28977"
        data-available="yes"
        data-category="421"
        data-bestselling="">
    <a href="../vino-argiolas-meri75cl.html">
        <div style="background-image: url('../../cdn.spesati.com/images/products/missing-image/missing-image.jpg')">
            <div class="hover"></div>
            
            <div class="stickers"></div>
        </div>
    </a>
    <div>
        <h4><a href="../vino-argiolas-meri75cl.html"><b>Vino Argiolas Meri'75cl</b></a></h4>
        <p class="description">0.75 Lt</p>
        <p class="right price"><b>11.49 €</b></p>
        <p class="right unitPrice">15.32 € per litre</p>
    </div>
    <div class="contButton">
    <a class="button bgRed white addToCart" href="#">Add</a>
</div>
</div><div class="left product prod265"
        data-name="Vino Argiolas Iselis Monica 75"
        data-price="15.99"
        data-id="28978"
        data-available="yes"
        data-category="421"
        data-bestselling="">
    <a href="../vino-argiolas-iselis-monica-75.html">
        <div style="background-image: url('../../cdn.spesati.com/images/products/missing-image/missing-image.jpg')">
            <div class="hover"></div>
            
            <div class="stickers"></div>
        </div>
    </a>
    <div>
        <h4><a href="../vino-argiolas-iselis-monica-75.html"><b>Vino Argiolas Iselis Monica 75</b></a></h4>
        <p class="description">0.75 Lt</p>
        <p class="right price"><b>15.99 €</b></p>
        <p class="right unitPrice">21.33 € per litre</p>
    </div>
    <div class="contButton">
    <a class="button bgRed white addToCart" href="#">Add</a>
</div>
</div><div class="left product prod266"
        data-name="Vino Argiolas Turriga+bicc 75c"
        data-price="129.00"
        data-id="28979"
        data-available="yes"
        data-category="421"
        data-bestselling="">
    <a href="../vino-argiolas-turrigabicc-75c.html">
        <div style="background-image: url('../../cdn.spesati.com/images/products/missing-image/missing-image.jpg')">
            <div class="hover"></div>
            
            <div class="stickers"></div>
        </div>
    </a>
    <div>
        <h4><a href="../vino-argiolas-turrigabicc-75c.html"><b>Vino Argiolas Turriga+bicc 75c</b></a></h4>
        <p class="description">0.75 Lt</p>
        <p class="right price"><b>129.00 €</b></p>
        <p class="right unitPrice">172.00 € per litre</p>
    </div>
    <div class="contButton">
    <a class="button bgRed white addToCart" href="#">Add</a>
</div>
</div><div class="left product prod267"
        data-name="Vino Oliena Corrasi Barricato"
        data-price="21.90"
        data-id="35193"
        data-available="yes"
        data-category="421"
        data-bestselling="">
    <a href="../vino-oliena-corrasi-barricato.html">
        <div style="background-image: url('../../cdn.spesati.com/images/products/missing-image/missing-image.jpg')">
            <div class="hover"></div>
            
            <div class="stickers"></div>
        </div>
    </a>
    <div>
        <h4><a href="../vino-oliena-corrasi-barricato.html"><b>Vino Oliena Corrasi Barricato</b></a></h4>
        <p class="description">0.75 Lt</p>
        <p class="right price"><b>21.90 €</b></p>
        <p class="right unitPrice">29.19 € per litre</p>
    </div>
    <div class="contButton">
    <a class="button bgRed white addToCart" href="#">Add</a>
</div>
</div><div class="left product prod268"
        data-name="Vino F.lli Puddu Carros 75cl"
        data-price="13.49"
        data-id="28983"
        data-available="yes"
        data-category="421"
        data-bestselling="">
    <a href="../vino-flli-puddu-carros-75cl.html">
        <div style="background-image: url('../../cdn.spesati.com/images/products/missing-image/missing-image.jpg')">
            <div class="hover"></div>
            
            <div class="stickers"></div>
        </div>
    </a>
    <div>
        <h4><a href="../vino-flli-puddu-carros-75cl.html"><b>Vino F.lli Puddu Carros 75cl</b></a></h4>
        <p class="description">0.75 Lt</p>
        <p class="right price"><b>13.49 €</b></p>
        <p class="right unitPrice">17.98 € per litre</p>
    </div>
    <div class="contButton">
    <a class="button bgRed white addToCart" href="#">Add</a>
</div>
</div><div class="left product prod269"
        data-name="Vino Santadi Terre Brune 1,5 M"
        data-price="95.00"
        data-id="35195"
        data-available="yes"
        data-category="421"
        data-bestselling="">
    <a href="../vino-santadi-terre-brune-15-m.html">
        <div style="background-image: url('../../cdn.spesati.com/images/products/missing-image/missing-image.jpg')">
            <div class="hover"></div>
            
            <div class="stickers"></div>
        </div>
    </a>
    <div>
        <h4><a href="../vino-santadi-terre-brune-15-m.html"><b>Vino Santadi Terre Brune 1,5 M</b></a></h4>
        <p class="description">1.5 Lt</p>
        <p class="right price"><b>95.00 €</b></p>
        <p class="right unitPrice">63.33 € per litre</p>
    </div>
    <div class="contButton">
    <a class="button bgRed white addToCart" href="#">Add</a>
</div>
</div><div class="left product prod270"
        data-name="Vino Argiolas Iselis Nasco 75c"
        data-price="12.79"
        data-id="28984"
        data-available="yes"
        data-category="421"
        data-bestselling="">
    <a href="../vino-argiolas-iselis-nasco-75c.html">
        <div style="background-image: url('../../cdn.spesati.com/images/products/missing-image/missing-image.jpg')">
            <div class="hover"></div>
            
            <div class="stickers"></div>
        </div>
    </a>
    <div>
        <h4><a href="../vino-argiolas-iselis-nasco-75c.html"><b>Vino Argiolas Iselis Nasco 75c</b></a></h4>
        <p class="description">0.75 Lt</p>
        <p class="right price"><b>12.79 €</b></p>
        <p class="right unitPrice">17.06 € per litre</p>
    </div>
    <div class="contButton">
    <a class="button bgRed white addToCart" href="#">Add</a>
</div>
</div><div class="left product prod271"
        data-name="Vino Cherchi Luzzana Cl 75"
        data-price="19.49"
        data-id="35196"
        data-available="yes"
        data-category="421"
        data-bestselling="">
    <a href="../vino-cherchi-luzzana-cl-75.html">
        <div style="background-image: url('../../cdn.spesati.com/images/products/missing-image/missing-image.jpg')">
            <div class="hover"></div>
            
            <div class="stickers"></div>
        </div>
    </a>
    <div>
        <h4><a href="../vino-cherchi-luzzana-cl-75.html"><b>Vino Cherchi Luzzana Cl 75</b></a></h4>
        <p class="description">0.75 Lt</p>
        <p class="right price"><b>19.49 €</b></p>
        <p class="right unitPrice">25.99 € per litre</p>
    </div>
    <div class="contButton">
    <a class="button bgRed white addToCart" href="#">Add</a>
</div>
</div><div class="left product prod272"
        data-name="Vino Argiolas Is Solinas 3lt"
        data-price="100.83"
        data-id="28985"
        data-available="yes"
        data-category="421"
        data-bestselling="">
    <a href="../vino-argiolas-is-solinas-3lt.html">
        <div style="background-image: url('../../cdn.spesati.com/images/products/missing-image/missing-image.jpg')">
            <div class="hover"></div>
            
            <div class="stickers"></div>
        </div>
    </a>
    <div>
        <h4><a href="../vino-argiolas-is-solinas-3lt.html"><b>Vino Argiolas Is Solinas 3lt</b></a></h4>
        <p class="description">3 Lt</p>
        <p class="right price"><b>100.83 €</b></p>
        <p class="right unitPrice">33.61 € per litre</p>
    </div>
    <div class="contButton">
    <a class="button bgRed white addToCart" href="#">Add</a>
</div>
</div><div class="left product prod273"
        data-name="Vino Antinori Bramasole Magnum"
        data-price="120.81"
        data-id="35198"
        data-available="yes"
        data-category="421"
        data-bestselling="">
    <a href="../vino-antinori-bramasole-magnum.html">
        <div style="background-image: url('../../cdn.spesati.com/images/products/missing-image/missing-image.jpg')">
            <div class="hover"></div>
            
            <div class="stickers"></div>
        </div>
    </a>
    <div>
        <h4><a href="../vino-antinori-bramasole-magnum.html"><b>Vino Antinori Bramasole Magnum</b></a></h4>
        <p class="description">1.5 Lt</p>
        <p class="right price"><b>120.81 €</b></p>
        <p class="right unitPrice">80.54 € per litre</p>
    </div>
    <div class="contButton">
    <a class="button bgRed white addToCart" href="#">Add</a>
</div>
</div><div class="left product prod274"
        data-name="Vino Antinori Chiant T.tig Mag"
        data-price="88.10"
        data-id="35199"
        data-available="yes"
        data-category="421"
        data-bestselling="">
    <a href="../vino-antinori-chiant-ttig-mag.html">
        <div style="background-image: url('../../cdn.spesati.com/images/products/missing-image/missing-image.jpg')">
            <div class="hover"></div>
            
            <div class="stickers"></div>
        </div>
    </a>
    <div>
        <h4><a href="../vino-antinori-chiant-ttig-mag.html"><b>Vino Antinori Chiant T.tig Mag</b></a></h4>
        <p class="description">1.5 Lt</p>
        <p class="right price"><b>88.10 €</b></p>
        <p class="right unitPrice">58.73 € per litre</p>
    </div>
    <div class="contButton">
    <a class="button bgRed white addToCart" href="#">Add</a>
</div>
</div><div class="left product prod275"
        data-name="Vino Argiolas Korem 375ml"
        data-price="15.62"
        data-id="28988"
        data-available="yes"
        data-category="421"
        data-bestselling="">
    <a href="../vino-argiolas-korem-375ml.html">
        <div style="background-image: url('../../cdn.spesati.com/images/products/missing-image/missing-image.jpg')">
            <div class="hover"></div>
            
            <div class="stickers"></div>
        </div>
    </a>
    <div>
        <h4><a href="../vino-argiolas-korem-375ml.html"><b>Vino Argiolas Korem 375ml</b></a></h4>
        <p class="description">0.38 Lt</p>
        <p class="right price"><b>15.62 €</b></p>
        <p class="right unitPrice">41.64 € per litre</p>
    </div>
    <div class="contButton">
    <a class="button bgRed white addToCart" href="#">Add</a>
</div>
</div><div class="left product prod276"
        data-name="Vino Depperu Tiu Paolo 75cl"
        data-price="16.90"
        data-id="28990"
        data-available="yes"
        data-category="421"
        data-bestselling="">
    <a href="../vino-depperu-tiu-paolo-75cl.html">
        <div style="background-image: url('../../cdn.spesati.com/images/products/missing-image/missing-image.jpg')">
            <div class="hover"></div>
            
            <div class="stickers"></div>
        </div>
    </a>
    <div>
        <h4><a href="../vino-depperu-tiu-paolo-75cl.html"><b>Vino Depperu Tiu Paolo 75cl</b></a></h4>
        <p class="description">0.75 Lt</p>
        <p class="right price"><b>16.90 €</b></p>
        <p class="right unitPrice">22.53 € per litre</p>
    </div>
    <div class="contButton">
    <a class="button bgRed white addToCart" href="#">Add</a>
</div>
</div><div class="left product prod277"
        data-name="Vino Arg Is Solinas Rise 75 Cl"
        data-price="16.90"
        data-id="28994"
        data-available="yes"
        data-category="421"
        data-bestselling="">
    <a href="../vino-arg-is-solinas-rise-75-cl.html">
        <div style="background-image: url('../../cdn.spesati.com/images/products/missing-image/missing-image.jpg')">
            <div class="hover"></div>
            
            <div class="stickers"></div>
        </div>
    </a>
    <div>
        <h4><a href="../vino-arg-is-solinas-rise-75-cl.html"><b>Vino Arg Is Solinas Rise 75 Cl</b></a></h4>
        <p class="description">0.75 Lt</p>
        <p class="right price"><b>16.90 €</b></p>
        <p class="right unitPrice">22.53 € per litre</p>
    </div>
    <div class="contButton">
    <a class="button bgRed white addToCart" href="#">Add</a>
</div>
</div><div class="left product prod278"
        data-name="Vino Argiolas Iselis Rosso Mag"
        data-price="54.59"
        data-id="28995"
        data-available="yes"
        data-category="421"
        data-bestselling="">
    <a href="../vino-argiolas-iselis-rosso-mag.html">
        <div style="background-image: url('../../cdn.spesati.com/images/products/missing-image/missing-image.jpg')">
            <div class="hover"></div>
            
            <div class="stickers"></div>
        </div>
    </a>
    <div>
        <h4><a href="../vino-argiolas-iselis-rosso-mag.html"><b>Vino Argiolas Iselis Rosso Mag</b></a></h4>
        <p class="description">1.5 Lt</p>
        <p class="right price"><b>54.59 €</b></p>
        <p class="right unitPrice">36.39 € per litre</p>
    </div>
    <div class="contButton">
    <a class="button bgRed white addToCart" href="#">Add</a>
</div>
</div><div class="left product prod279"
        data-name="Vino Audarya Nuracada  75 Cl"
        data-price="24.90"
        data-id="59421"
        data-available="yes"
        data-category="421"
        data-bestselling="">
    <a href="../vino-audarya-nuracada-75-cl.html">
        <div style="background-image: url('../../cdn.spesati.com/images/products/missing-image/missing-image.jpg')">
            <div class="hover"></div>
            
            <div class="stickers"></div>
        </div>
    </a>
    <div>
        <h4><a href="../vino-audarya-nuracada-75-cl.html"><b>Vino Audarya Nuracada  75 Cl</b></a></h4>
        <p class="description">0.75 Lt</p>
        <p class="right price"><b>24.90 €</b></p>
        <p class="right unitPrice">33.20 € per litre</p>
    </div>
    <div class="contButton">
    <a class="button bgRed white addToCart" href="#">Add</a>
</div>
</div><div class="left product prod280"
        data-name="Vino Argiolas Iselis Rosso 3lt"
        data-price="98.92"
        data-id="28997"
        data-available="yes"
        data-category="421"
        data-bestselling="">
    <a href="../vino-argiolas-iselis-rosso-3lt.html">
        <div style="background-image: url('../../cdn.spesati.com/images/products/missing-image/missing-image.jpg')">
            <div class="hover"></div>
            
            <div class="stickers"></div>
        </div>
    </a>
    <div>
        <h4><a href="../vino-argiolas-iselis-rosso-3lt.html"><b>Vino Argiolas Iselis Rosso 3lt</b></a></h4>
        <p class="description">3 Lt</p>
        <p class="right price"><b>98.92 €</b></p>
        <p class="right unitPrice">32.98 € per litre</p>
    </div>
    <div class="contButton">
    <a class="button bgRed white addToCart" href="#">Add</a>
</div>
</div><div class="left product prod281"
        data-name="Vino Indolente Bia Asinar 75cl"
        data-price="12.99"
        data-id="59613"
        data-available="yes"
        data-category="421"
        data-bestselling="">
    <a href="../vino-indolente-bia-asinar-75cl.html">
        <div style="background-image: url('../../cdn.spesati.com/images/products/missing-image/missing-image.jpg')">
            <div class="hover"></div>
            
            <div class="stickers"></div>
        </div>
    </a>
    <div>
        <h4><a href="../vino-indolente-bia-asinar-75cl.html"><b>Vino Indolente Bia Asinar 75cl</b></a></h4>
        <p class="description">0.75 Lt</p>
        <p class="right price"><b>12.99 €</b></p>
        <p class="right unitPrice">17.32 € per litre</p>
    </div>
    <div class="contButton">
    <a class="button bgRed white addToCart" href="#">Add</a>
</div>
</div><div class="left product prod282"
        data-name="Vino F.lli Puddu Pro Vois 75cl"
        data-price="40.18"
        data-id="29000"
        data-available="yes"
        data-category="421"
        data-bestselling="">
    <a href="../vino-flli-puddu-pro-vois-75cl.html">
        <div style="background-image: url('../../cdn.spesati.com/images/products/missing-image/missing-image.jpg')">
            <div class="hover"></div>
            
            <div class="stickers"></div>
        </div>
    </a>
    <div>
        <h4><a href="../vino-flli-puddu-pro-vois-75cl.html"><b>Vino F.lli Puddu Pro Vois 75cl</b></a></h4>
        <p class="description">0.75 Lt</p>
        <p class="right price"><b>40.18 €</b></p>
        <p class="right unitPrice">53.57 € per litre</p>
    </div>
    <div class="contButton">
    <a class="button bgRed white addToCart" href="#">Add</a>
</div>
</div><div class="left product prod283"
        data-name="Vino Indolente Ros Asinar 75cl"
        data-price="12.99"
        data-id="59616"
        data-available="yes"
        data-category="421"
        data-bestselling="">
    <a href="../vino-indolente-ros-asinar-75cl.html">
        <div style="background-image: url('../../cdn.spesati.com/images/products/missing-image/missing-image.jpg')">
            <div class="hover"></div>
            
            <div class="stickers"></div>
        </div>
    </a>
    <div>
        <h4><a href="../vino-indolente-ros-asinar-75cl.html"><b>Vino Indolente Ros Asinar 75cl</b></a></h4>
        <p class="description">0.75 Lt</p>
        <p class="right price"><b>12.99 €</b></p>
        <p class="right unitPrice">17.32 € per litre</p>
    </div>
    <div class="contButton">
    <a class="button bgRed white addToCart" href="#">Add</a>
</div>
</div><div class="left product prod284"
        data-name="Vino Masone M.vermen Petrizza"
        data-price="14.69"
        data-id="29001"
        data-available="yes"
        data-category="421"
        data-bestselling="">
    <a href="../vino-masone-mvermen-petrizza.html">
        <div style="background-image: url('../../cdn.spesati.com/images/products/missing-image/missing-image.jpg')">
            <div class="hover"></div>
            
            <div class="stickers"></div>
        </div>
    </a>
    <div>
        <h4><a href="../vino-masone-mvermen-petrizza.html"><b>Vino Masone M.vermen Petrizza</b></a></h4>
        <p class="description">0.75 Lt</p>
        <p class="right price"><b>14.69 €</b></p>
        <p class="right unitPrice">19.58 € per litre</p>
    </div>
    <div class="contButton">
    <a class="button bgRed white addToCart" href="#">Add</a>
</div>
</div><div class="left product prod285"
        data-name="Vino Herculis Asinara 75cl"
        data-price="19.99"
        data-id="59622"
        data-available="yes"
        data-category="421"
        data-bestselling="">
    <a href="../vino-herculis-asinara-75cl.html">
        <div style="background-image: url('../../cdn.spesati.com/images/products/missing-image/missing-image.jpg')">
            <div class="hover"></div>
            
            <div class="stickers"></div>
        </div>
    </a>
    <div>
        <h4><a href="../vino-herculis-asinara-75cl.html"><b>Vino Herculis Asinara 75cl</b></a></h4>
        <p class="description">0.75 Lt</p>
        <p class="right price"><b>19.99 €</b></p>
        <p class="right unitPrice">26.66 € per litre</p>
    </div>
    <div class="contButton">
    <a class="button bgRed white addToCart" href="#">Add</a>
</div>
</div><div class="left product prod286"
        data-name="Vino S.entu Su Oltre Igt 75 Cl"
        data-price="69.53"
        data-id="29004"
        data-available="yes"
        data-category="421"
        data-bestselling="">
    <a href="../vino-sentu-su-oltre-igt-75-cl.html">
        <div style="background-image: url('../../cdn.spesati.com/images/products/missing-image/missing-image.jpg')">
            <div class="hover"></div>
            
            <div class="stickers"></div>
        </div>
    </a>
    <div>
        <h4><a href="../vino-sentu-su-oltre-igt-75-cl.html"><b>Vino S.entu Su Oltre Igt 75 Cl</b></a></h4>
        <p class="description">0.75 Lt</p>
        <p class="right price"><b>69.53 €</b></p>
        <p class="right unitPrice">92.71 € per litre</p>
    </div>
    <div class="contButton">
    <a class="button bgRed white addToCart" href="#">Add</a>
</div>
</div><div class="left product prod287"
        data-name="Vino Nebbi Langhe Doc 26 75 Cl"
        data-price="9.99"
        data-id="59799"
        data-available="yes"
        data-category="421"
        data-bestselling="">
    <a href="../vino-nebbi-langhe-doc-26-75-cl.html">
        <div style="background-image: url('../../cdn.spesati.com/images/products/missing-image/missing-image.jpg')">
            <div class="hover"></div>
            
            <div class="stickers"></div>
        </div>
    </a>
    <div>
        <h4><a href="../vino-nebbi-langhe-doc-26-75-cl.html"><b>Vino Nebbi Langhe Doc 26 75 Cl</b></a></h4>
        <p class="description">0.75 Lt</p>
        <p class="right price"><b>9.99 €</b></p>
        <p class="right unitPrice">13.32 € per litre</p>
    </div>
    <div class="contButton">
    <a class="button bgRed white addToCart" href="#">Add</a>
</div>
</div><div class="left product prod288"
        data-name="Vernaccia Carta 2004 Doc 75 Cl"
        data-price="73.20"
        data-id="29006"
        data-available="yes"
        data-category="421"
        data-bestselling="">
    <a href="../vernaccia-carta-2004-doc-75-cl.html">
        <div style="background-image: url('../../cdn.spesati.com/images/products/missing-image/missing-image.jpg')">
            <div class="hover"></div>
            
            <div class="stickers"></div>
        </div>
    </a>
    <div>
        <h4><a href="../vernaccia-carta-2004-doc-75-cl.html"><b>Vernaccia Carta 2004 Doc 75 Cl</b></a></h4>
        <p class="description">0.75 Lt</p>
        <p class="right price"><b>73.20 €</b></p>
        <p class="right unitPrice">97.60 € per litre</p>
    </div>
    <div class="contButton">
    <a class="button bgRed white addToCart" href="#">Add</a>
</div>
</div><div class="left product prod289"
        data-name="Vino Audarya Nuragus 75 Cl"
        data-price="12.04"
        data-id="29007"
        data-available="yes"
        data-category="421"
        data-bestselling="">
    <a href="../vino-audarya-nuragus-75-cl.html">
        <div style="background-image: url('../../cdn.spesati.com/images/products/missing-image/missing-image.jpg')">
            <div class="hover"></div>
            
            <div class="stickers"></div>
        </div>
    </a>
    <div>
        <h4><a href="../vino-audarya-nuragus-75-cl.html"><b>Vino Audarya Nuragus 75 Cl</b></a></h4>
        <p class="description">0.75 Lt</p>
        <p class="right price"><b>12.04 €</b></p>
        <p class="right unitPrice">16.04 € per litre</p>
    </div>
    <div class="contButton">
    <a class="button bgRed white addToCart" href="#">Add</a>
</div>
</div><div class="left product prod290"
        data-name="Vino S.&m.march Villamar 1.5lt"
        data-price="89.94"
        data-id="29008"
        data-available="yes"
        data-category="421"
        data-bestselling="">
    <a href="../vino-smmarch-villamar-15lt.html">
        <div style="background-image: url('../../cdn.spesati.com/images/products/missing-image/missing-image.jpg')">
            <div class="hover"></div>
            
            <div class="stickers"></div>
        </div>
    </a>
    <div>
        <h4><a href="../vino-smmarch-villamar-15lt.html"><b>Vino S.&m.march Villamar 1.5lt</b></a></h4>
        <p class="description">1.5 Lt</p>
        <p class="right price"><b>89.94 €</b></p>
        <p class="right unitPrice">59.96 € per litre</p>
    </div>
    <div class="contButton">
    <a class="button bgRed white addToCart" href="#">Add</a>
</div>
</div><div class="left product prod291"
        data-name="Vino Sur Sciala Ver Docg 1.5lt"
        data-price="57.24"
        data-id="29009"
        data-available="yes"
        data-category="421"
        data-bestselling="">
    <a href="../vino-sur-sciala-ver-docg-15lt.html">
        <div style="background-image: url('../../cdn.spesati.com/images/products/missing-image/missing-image.jpg')">
            <div class="hover"></div>
            
            <div class="stickers"></div>
        </div>
    </a>
    <div>
        <h4><a href="../vino-sur-sciala-ver-docg-15lt.html"><b>Vino Sur Sciala Ver Docg 1.5lt</b></a></h4>
        <p class="description">1.5 Lt</p>
        <p class="right price"><b>57.24 €</b></p>
        <p class="right unitPrice">38.16 € per litre</p>
    </div>
    <div class="contButton">
    <a class="button bgRed white addToCart" href="#">Add</a>
</div>
</div><div class="left product prod292"
        data-name="Vino C Isola Cannonau Etnia 75"
        data-price="5.89"
        data-id="61167"
        data-available="yes"
        data-category="421"
        data-bestselling="">
    <a href="../vino-c-isola-cannonau-etnia-75.html">
        <div style="background-image: url('../../cdn.spesati.com/images/products/missing-image/missing-image.jpg')">
            <div class="hover"></div>
            
            <div class="stickers"></div>
        </div>
    </a>
    <div>
        <h4><a href="../vino-c-isola-cannonau-etnia-75.html"><b>Vino C Isola Cannonau Etnia 75</b></a></h4>
        <p class="description">0.75 Lt</p>
        <p class="right price"><b>5.89 €</b></p>
        <p class="right unitPrice">7.86 € per litre</p>
    </div>
    <div class="contButton">
    <a class="button bgRed white addToCart" href="#">Add</a>
</div>
</div><div class="left product prod293"
        data-name="Vino Sant G.rossa Car Doc 375"
        data-price="4.59"
        data-id="29013"
        data-available="yes"
        data-category="421"
        data-bestselling="">
    <a href="../vino-sant-grossa-car-doc-375.html">
        <div style="background-image: url('../../cdn.spesati.com/images/products/missing-image/missing-image.jpg')">
            <div class="hover"></div>
            
            <div class="stickers"></div>
        </div>
    </a>
    <div>
        <h4><a href="../vino-sant-grossa-car-doc-375.html"><b>Vino Sant G.rossa Car Doc 375</b></a></h4>
        <p class="description">0.38 Lt</p>
        <p class="right price"><b>4.59 €</b></p>
        <p class="right unitPrice">12.24 € per litre</p>
    </div>
    <div class="contButton">
    <a class="button bgRed white addToCart" href="#">Add</a>
</div>
</div><div class="left product prod294"
        data-name="Vino C Isola Verment Mastri 75"
        data-price="5.89"
        data-id="61170"
        data-available="yes"
        data-category="421"
        data-bestselling="">
    <a href="../vino-c-isola-verment-mastri-75.html">
        <div style="background-image: url('../../cdn.spesati.com/images/products/missing-image/missing-image.jpg')">
            <div class="hover"></div>
            
            <div class="stickers"></div>
        </div>
    </a>
    <div>
        <h4><a href="../vino-c-isola-verment-mastri-75.html"><b>Vino C Isola Verment Mastri 75</b></a></h4>
        <p class="description">0.75 Lt</p>
        <p class="right price"><b>5.89 €</b></p>
        <p class="right unitPrice">7.86 € per litre</p>
    </div>
    <div class="contButton">
    <a class="button bgRed white addToCart" href="#">Add</a>
</div>
</div><div class="left product prod295"
        data-name="Vino Paesello Brik 1lt Bianco"
        data-price="2.23"
        data-id="61704"
        data-available="yes"
        data-category="421"
        data-bestselling="">
    <a href="../vino-paesello-brik-1lt-bianco.html">
        <div style="background-image: url('../../cdn.spesati.com/images/products/missing-image/missing-image.jpg')">
            <div class="hover"></div>
            
            <div class="stickers"></div>
        </div>
    </a>
    <div>
        <h4><a href="../vino-paesello-brik-1lt-bianco.html"><b>Vino Paesello Brik 1lt Bianco</b></a></h4>
        <p class="description">1 Lt</p>
        <p class="right price"><b>2.23 €</b></p>
        <p class="right unitPrice">2.22 € per litre</p>
    </div>
    <div class="contButton">
    <a class="button bgRed white addToCart" href="#">Add</a>
</div>
</div><div class="left product prod296"
        data-name="Vino Paesello Brik 1lt Rosso"
        data-price="2.23"
        data-id="61707"
        data-available="yes"
        data-category="421"
        data-bestselling="">
    <a href="../vino-paesello-brik-1lt-rosso.html">
        <div style="background-image: url('../../cdn.spesati.com/images/products/missing-image/missing-image.jpg')">
            <div class="hover"></div>
            
            <div class="stickers"></div>
        </div>
    </a>
    <div>
        <h4><a href="../vino-paesello-brik-1lt-rosso.html"><b>Vino Paesello Brik 1lt Rosso</b></a></h4>
        <p class="description">1 Lt</p>
        <p class="right price"><b>2.23 €</b></p>
        <p class="right unitPrice">2.22 € per litre</p>
    </div>
    <div class="contButton">
    <a class="button bgRed white addToCart" href="#">Add</a>
</div>
</div><div class="left product prod297"
        data-name="Vino F.porcu Malvasia Doc 75c"
        data-price="35.60"
        data-id="29024"
        data-available="yes"
        data-category="421"
        data-bestselling="">
    <a href="../vino-fporcu-malvasia-doc-75c.html">
        <div style="background-image: url('../../cdn.spesati.com/images/products/missing-image/missing-image.jpg')">
            <div class="hover"></div>
            
            <div class="stickers"></div>
        </div>
    </a>
    <div>
        <h4><a href="../vino-fporcu-malvasia-doc-75c.html"><b>Vino F.porcu Malvasia Doc 75c</b></a></h4>
        <p class="description">0.75 Lt</p>
        <p class="right price"><b>35.60 €</b></p>
        <p class="right unitPrice">47.47 € per litre</p>
    </div>
    <div class="contButton">
    <a class="button bgRed white addToCart" href="#">Add</a>
</div>
</div><div class="left product prod298"
        data-name="Vino Siddura Beru Verm 75c"
        data-price="43.92"
        data-id="61743"
        data-available="yes"
        data-category="421"
        data-bestselling="">
    <a href="../vino-siddura-beru-verm-75c.html">
        <div style="background-image: url('../../cdn.spesati.com/images/products/missing-image/missing-image.jpg')">
            <div class="hover"></div>
            
            <div class="stickers"></div>
        </div>
    </a>
    <div>
        <h4><a href="../vino-siddura-beru-verm-75c.html"><b>Vino Siddura Beru Verm 75c</b></a></h4>
        <p class="description">0.75 Lt</p>
        <p class="right price"><b>43.92 €</b></p>
        <p class="right unitPrice">58.56 € per litre</p>
    </div>
    <div class="contButton">
    <a class="button bgRed white addToCart" href="#">Add</a>
</div>
</div><div class="left product prod299"
        data-name="Vino Antinori Solaia Igt S.tus"
        data-price="399.00"
        data-id="61746"
        data-available="yes"
        data-category="421"
        data-bestselling="">
    <a href="../vino-antinori-solaia-igt-stus.html">
        <div style="background-image: url('../../cdn.spesati.com/images/products/missing-image/missing-image.jpg')">
            <div class="hover"></div>
            
            <div class="stickers"></div>
        </div>
    </a>
    <div>
        <h4><a href="../vino-antinori-solaia-igt-stus.html"><b>Vino Antinori Solaia Igt S.tus</b></a></h4>
        <p class="description">0.75 Lt</p>
        <p class="right price"><b>399.00 €</b></p>
        <p class="right unitPrice">532.01 € per litre</p>
    </div>
    <div class="contButton">
    <a class="button bgRed white addToCart" href="#">Add</a>
</div>
</div><div class="left product prod300"
        data-name="Vino Monti Oro Funtanaliras 75"
        data-price="14.49"
        data-id="29029"
        data-available="yes"
        data-category="421"
        data-bestselling="">
    <a href="../vino-monti-oro-funtanaliras-75.html">
        <div style="background-image: url('../../cdn.spesati.com/images/products/missing-image/missing-image.jpg')">
            <div class="hover"></div>
            
            <div class="stickers"></div>
        </div>
    </a>
    <div>
        <h4><a href="../vino-monti-oro-funtanaliras-75.html"><b>Vino Monti Oro Funtanaliras 75</b></a></h4>
        <p class="description">0.75 Lt</p>
        <p class="right price"><b>14.49 €</b></p>
        <p class="right unitPrice">19.32 € per litre</p>
    </div>
    <div class="contButton">
    <a class="button bgRed white addToCart" href="#">Add</a>
</div>
</div><div class="left product prod301"
        data-name="Vino Franz Haas Pinot N 75cl"
        data-price="31.72"
        data-id="62214"
        data-available="yes"
        data-category="421"
        data-bestselling="">
    <a href="../vino-franz-haas-pinot-n-75cl.html">
        <div style="background-image: url('../../cdn.spesati.com/images/products/missing-image/missing-image.jpg')">
            <div class="hover"></div>
            
            <div class="stickers"></div>
        </div>
    </a>
    <div>
        <h4><a href="../vino-franz-haas-pinot-n-75cl.html"><b>Vino Franz Haas Pinot N 75cl</b></a></h4>
        <p class="description">0.75 Lt</p>
        <p class="right price"><b>31.72 €</b></p>
        <p class="right unitPrice">42.30 € per litre</p>
    </div>
    <div class="contButton">
    <a class="button bgRed white addToCart" href="#">Add</a>
</div>
</div><div class="left product prod302"
        data-name="Vino Nero D'Avola Doc 75Cl"
        data-price="9.88"
        data-id="7207"
        data-available="no"
        data-category="421"
        data-bestselling="">
    <a href="../vino-nero-davola-doc-75cl.html">
        <div style="background-image: url('../../cdn.spesati.com/images/products/210377/vino-nero-davola-01.jpg')">
            <div class="hover"></div>
            
            <div class="stickers"></div>
        </div>
    </a>
    <div>
        <h4><a href="../vino-nero-davola-doc-75cl.html"><b>Vino Nero D'Avola Doc 75Cl</b></a></h4>
        <p class="description">0.75 Lt</p>
        <p class="right price"><b>9.88 €</b></p>
        <p class="right unitPrice">13.18 € per litre</p>
    </div>
    <div class="notAvailable">
    <a class="button bgDarkGrey white" href="../vino-nero-davola-doc-75cl.html">Not available</a>
</div>
</div><div class="left product prod303"
        data-name="Vino Mogoro San Bernardino Monica Di Sardegna 75Cl"
        data-price="9.15"
        data-id="7217"
        data-available="no"
        data-category="421"
        data-bestselling="">
    <a href="../vino-mogoro-san-bernardino-monica-di-sardegna-75cl.html">
        <div style="background-image: url('../../cdn.spesati.com/images/products/209359/vino-mogoro-san-01.jpg')">
            <div class="hover"></div>
            
            <div class="stickers"><img class="left" src="../../cdn.spesati.com/images/layout/sardinian.png" /></div>
        </div>
    </a>
    <div>
        <h4><a href="../vino-mogoro-san-bernardino-monica-di-sardegna-75cl.html"><b>Vino Mogoro San Bernardino Monica Di Sardegna 75Cl</b></a></h4>
        <p class="description">0.75 Lt</p>
        <p class="right price"><b>9.15 €</b></p>
        <p class="right unitPrice">12.20 € per litre</p>
    </div>
    <div class="notAvailable">
    <a class="button bgDarkGrey white" href="../vino-mogoro-san-bernardino-monica-di-sardegna-75cl.html">Not available</a>
</div>
</div><div class="left product prod304"
        data-name="Vino Giv Soave Class Doc 75cl"
        data-price="9.15"
        data-id="29129"
        data-available="no"
        data-category="421"
        data-bestselling="">
    <a href="../vino-giv-soave-class-doc-75cl.html">
        <div style="background-image: url('../../cdn.spesati.com/images/products/000210373/bolla-soave-classico-doc-retro-750-ml-01.png')">
            <div class="hover"></div>
            
            <div class="stickers"></div>
        </div>
    </a>
    <div>
        <h4><a href="../vino-giv-soave-class-doc-75cl.html"><b>Vino Giv Soave Class Doc 75cl</b></a></h4>
        <p class="description">Bolla Soave Classico DOC Rétro 750 ml</p>
        <p class="right price"><b>9.15 €</b></p>
        <p class="right unitPrice">12.20 € per litre</p>
    </div>
    <div class="notAvailable">
    <a class="button bgDarkGrey white" href="../vino-giv-soave-class-doc-75cl.html">Not available</a>
</div>
</div><div class="left product prod305"
        data-name="Vino Antinori Torcicoda Prim75"
        data-price="20.64"
        data-id="29071"
        data-available="no"
        data-category="421"
        data-bestselling="">
    <a href="../vino-antinori-torcicoda-prim75.html">
        <div style="background-image: url('../../cdn.spesati.com/images/products/000210297/tormaresca-torcicoda-primitivo-salento-igt-750-ml-01.png')">
            <div class="hover"></div>
            
            <div class="stickers"></div>
        </div>
    </a>
    <div>
        <h4><a href="../vino-antinori-torcicoda-prim75.html"><b>Vino Antinori Torcicoda Prim75</b></a></h4>
        <p class="description">Tormaresca Torcicoda Primitivo Salento IGT 750 ml</p>
        <p class="right price"><b>20.64 €</b></p>
        <p class="right unitPrice">27.52 € per litre</p>
    </div>
    <div class="notAvailable">
    <a class="button bgDarkGrey white" href="../vino-antinori-torcicoda-prim75.html">Not available</a>
</div>
</div><div class="left product prod306"
        data-name="Vino Antinori Achelo Syrah 75c"
        data-price="16.36"
        data-id="29065"
        data-available="no"
        data-category="421"
        data-bestselling="">
    <a href="../vino-antinori-achelo-syrah-75c.html">
        <div style="background-image: url('../../cdn.spesati.com/images/products/000210291/la-braccesca-achelo-cortona-doc-rosso-750-ml-01.png')">
            <div class="hover"></div>
            
            <div class="stickers"></div>
        </div>
    </a>
    <div>
        <h4><a href="../vino-antinori-achelo-syrah-75c.html"><b>Vino Antinori Achelo Syrah 75c</b></a></h4>
        <p class="description">La Braccesca Achelo Cortona DOC Rosso 750 ml</p>
        <p class="right price"><b>16.36 €</b></p>
        <p class="right unitPrice">21.81 € per litre</p>
    </div>
    <div class="notAvailable">
    <a class="button bgDarkGrey white" href="../vino-antinori-achelo-syrah-75c.html">Not available</a>
</div>
</div><div class="left product prod307"
        data-name="Vino Banfi Brun Montal Docg 75"
        data-price="34.90"
        data-id="28930"
        data-available="no"
        data-category="421"
        data-bestselling="">
    <a href="../vino-banfi-brun-montal-docg-75.html">
        <div style="background-image: url('../../cdn.spesati.com/images/products/000209552/castello-banfi-brunello-di-montalcino-docg-750-ml-01.png')">
            <div class="hover"></div>
            
            <div class="stickers"></div>
        </div>
    </a>
    <div>
        <h4><a href="../vino-banfi-brun-montal-docg-75.html"><b>Vino Banfi Brun Montal Docg 75</b></a></h4>
        <p class="description">Castello Banfi Brunello di Montalcino DOCG 750 ml</p>
        <p class="right price"><b>34.90 €</b></p>
        <p class="right unitPrice">46.53 € per litre</p>
    </div>
    <div class="notAvailable">
    <a class="button bgDarkGrey white" href="../vino-banfi-brun-montal-docg-75.html">Not available</a>
</div>
</div><div class="left product prod308"
        data-name="Vino Corash Cannonau Riser 75c"
        data-price="12.73"
        data-id="28888"
        data-available="no"
        data-category="421"
        data-bestselling="">
    <a href="../vino-corash-cannonau-riser-75c.html">
        <div style="background-image: url('../../cdn.spesati.com/images/products/000209447/cantina-della-vernaccia-oristano-corash-cannonau-di-sardegna-doc-riserva-750-ml-01.png')">
            <div class="hover"></div>
            
            <div class="stickers"></div>
        </div>
    </a>
    <div>
        <h4><a href="../vino-corash-cannonau-riser-75c.html"><b>Vino Corash Cannonau Riser 75c</b></a></h4>
        <p class="description">Cantina della Vernaccia Oristano Corash Cannonau di Sardegna D.O.C. Riserva 750 ml</p>
        <p class="right price"><b>12.73 €</b></p>
        <p class="right unitPrice">16.97 € per litre</p>
    </div>
    <div class="notAvailable">
    <a class="button bgDarkGrey white" href="../vino-corash-cannonau-riser-75c.html">Not available</a>
</div>
</div><div class="left product prod309"
        data-name="Vino Maimone Cannonau Doc 75cl"
        data-price="7.19"
        data-id="28861"
        data-available="no"
        data-category="421"
        data-bestselling="">
    <a href="../vino-maimone-cannonau-doc-75cl.html">
        <div style="background-image: url('../../cdn.spesati.com/images/products/000209387/cantina-della-vernaccia-oristano-maimone-cannonau-di-sardegna-doc-750-ml-01.png')">
            <div class="hover"></div>
            
            <div class="stickers"></div>
        </div>
    </a>
    <div>
        <h4><a href="../vino-maimone-cannonau-doc-75cl.html"><b>Vino Maimone Cannonau Doc 75cl</b></a></h4>
        <p class="description">Cantina della Vernaccia Oristano Maimone Cannonau di Sardegna D.O.C. 750 ml</p>
        <p class="right price"><b>7.19 €</b></p>
        <p class="right unitPrice">9.59 € per litre</p>
    </div>
    <div class="notAvailable">
    <a class="button bgDarkGrey white" href="../vino-maimone-cannonau-doc-75cl.html">Not available</a>
</div>
</div><div class="left product prod310"
        data-name="Vino Don Efisio Monica 75Cl Riserva"
        data-price="7.61"
        data-id="6871"
        data-available="no"
        data-category="421"
        data-bestselling="">
    <a href="../vino-don-efisio-monica-75cl-riserva.html">
        <div style="background-image: url('../../cdn.spesati.com/images/products/000209386/cantina-della-vernaccia-oristano-don-efisio-monica-di-sardegna-doc-superiore-750-ml-01.png')">
            <div class="hover"></div>
            
            <div class="stickers"><img class="left" src="../../cdn.spesati.com/images/layout/sardinian.png" /></div>
        </div>
    </a>
    <div>
        <h4><a href="../vino-don-efisio-monica-75cl-riserva.html"><b>Vino Don Efisio Monica 75Cl Riserva</b></a></h4>
        <p class="description">Cantina della Vernaccia Oristano Don Efisio Monica di Sardegna D.O.C. Superiore 750 ml</p>
        <p class="right price"><b>7.61 €</b></p>
        <p class="right unitPrice">10.14 € per litre</p>
    </div>
    <div class="notAvailable">
    <a class="button bgDarkGrey white" href="../vino-don-efisio-monica-75cl-riserva.html">Not available</a>
</div>
</div><div class="left product prod311"
        data-name="Vino Nieddera Rosso Montip. 75"
        data-price="10.78"
        data-id="28859"
        data-available="no"
        data-category="421"
        data-bestselling="">
    <a href="../vino-nieddera-rosso-montip-75.html">
        <div style="background-image: url('../../cdn.spesati.com/images/products/000209383/cantina-della-vernaccia-oristano-montiprama-nieddera-valle-del-tirso-igt-750-ml-01.png')">
            <div class="hover"></div>
            
            <div class="stickers"></div>
        </div>
    </a>
    <div>
        <h4><a href="../vino-nieddera-rosso-montip-75.html"><b>Vino Nieddera Rosso Montip. 75</b></a></h4>
        <p class="description">Cantina della Vernaccia Oristano Montiprama Nieddera Valle del Tirso IGT 750 ml</p>
        <p class="right price"><b>10.78 €</b></p>
        <p class="right unitPrice">14.37 € per litre</p>
    </div>
    <div class="notAvailable">
    <a class="button bgDarkGrey white" href="../vino-nieddera-rosso-montip-75.html">Not available</a>
</div>
</div><div class="left product prod312"
        data-name="Vino Dorgali Novello S-cat 75c"
        data-price="8.43"
        data-id="28808"
        data-available="no"
        data-category="421"
        data-bestselling="">
    <a href="../vino-dorgali-novello-s-cat-75c.html">
        <div style="background-image: url('../../cdn.spesati.com/images/products/missing-image/missing-image.jpg')">
            <div class="hover"></div>
            
            <div class="stickers"></div>
        </div>
    </a>
    <div>
        <h4><a href="../vino-dorgali-novello-s-cat-75c.html"><b>Vino Dorgali Novello S-cat 75c</b></a></h4>
        <p class="description">0.75 Lt</p>
        <p class="right price"><b>8.43 €</b></p>
        <p class="right unitPrice">11.25 € per litre</p>
    </div>
    <div class="notAvailable">
    <a class="button bgDarkGrey white" href="../vino-dorgali-novello-s-cat-75c.html">Not available</a>
</div>
</div><div class="left product prod313"
        data-name="Vino Dorgali Cannon Viniola 75"
        data-price="14.27"
        data-id="28809"
        data-available="no"
        data-category="421"
        data-bestselling="">
    <a href="../vino-dorgali-cannon-viniola-75.html">
        <div style="background-image: url('../../cdn.spesati.com/images/products/missing-image/missing-image.jpg')">
            <div class="hover"></div>
            
            <div class="stickers"></div>
        </div>
    </a>
    <div>
        <h4><a href="../vino-dorgali-cannon-viniola-75.html"><b>Vino Dorgali Cannon Viniola 75</b></a></h4>
        <p class="description">0.75 Lt</p>
        <p class="right price"><b>14.27 €</b></p>
        <p class="right unitPrice">19.03 € per litre</p>
    </div>
    <div class="notAvailable">
    <a class="button bgDarkGrey white" href="../vino-dorgali-cannon-viniola-75.html">Not available</a>
</div>
</div><div class="left product prod314"
        data-name="Vino Jerzu Monica Doc Cl 75"
        data-price="5.71"
        data-id="28826"
        data-available="no"
        data-category="421"
        data-bestselling="">
    <a href="../vino-jerzu-monica-doc-cl-75.html">
        <div style="background-image: url('../../cdn.spesati.com/images/products/missing-image/missing-image.jpg')">
            <div class="hover"></div>
            
            <div class="stickers"></div>
        </div>
    </a>
    <div>
        <h4><a href="../vino-jerzu-monica-doc-cl-75.html"><b>Vino Jerzu Monica Doc Cl 75</b></a></h4>
        <p class="description">0.75 Lt</p>
        <p class="right price"><b>5.71 €</b></p>
        <p class="right unitPrice">7.61 € per litre</p>
    </div>
    <div class="notAvailable">
    <a class="button bgDarkGrey white" href="../vino-jerzu-monica-doc-cl-75.html">Not available</a>
</div>
</div><div class="left product prod315"
        data-name="Vino Orgosolo Soroi Ris. 75cl"
        data-price="33.98"
        data-id="28863"
        data-available="no"
        data-category="421"
        data-bestselling="">
    <a href="../vino-orgosolo-soroi-ris-75cl.html">
        <div style="background-image: url('../../cdn.spesati.com/images/products/missing-image/missing-image.jpg')">
            <div class="hover"></div>
            
            <div class="stickers"></div>
        </div>
    </a>
    <div>
        <h4><a href="../vino-orgosolo-soroi-ris-75cl.html"><b>Vino Orgosolo Soroi Ris. 75cl</b></a></h4>
        <p class="description">0.75 Lt</p>
        <p class="right price"><b>33.98 €</b></p>
        <p class="right unitPrice">45.31 € per litre</p>
    </div>
    <div class="notAvailable">
    <a class="button bgDarkGrey white" href="../vino-orgosolo-soroi-ris-75cl.html">Not available</a>
</div>
</div><div class="left product prod316"
        data-name="Vino monti abbaia 375ml"
        data-price="3.49"
        data-id="5225"
        data-available="no"
        data-category="421"
        data-bestselling="">
    <a href="../vino-monti-abbaia-375ml.html">
        <div style="background-image: url('../../cdn.spesati.com/images/products/missing-image/missing-image.jpg')">
            <div class="hover"></div>
            
            <div class="stickers"></div>
        </div>
    </a>
    <div>
        <h4><a href="../vino-monti-abbaia-375ml.html"><b>Vino monti abbaia 375ml</b></a></h4>
        <p class="description">0.38 Lt</p>
        <p class="right price"><b>3.49 €</b></p>
        <p class="right unitPrice">9.31 € per litre</p>
    </div>
    <div class="notAvailable">
    <a class="button bgDarkGrey white" href="../vino-monti-abbaia-375ml.html">Not available</a>
</div>
</div><div class="left product prod317"
        data-name="Vino Fradiles Bagadiu Igt 75"
        data-price="19.82"
        data-id="28879"
        data-available="no"
        data-category="421"
        data-bestselling="">
    <a href="../vino-fradiles-bagadiu-igt-75.html">
        <div style="background-image: url('../../cdn.spesati.com/images/products/missing-image/missing-image.jpg')">
            <div class="hover"></div>
            
            <div class="stickers"></div>
        </div>
    </a>
    <div>
        <h4><a href="../vino-fradiles-bagadiu-igt-75.html"><b>Vino Fradiles Bagadiu Igt 75</b></a></h4>
        <p class="description">0.75 Lt</p>
        <p class="right price"><b>19.82 €</b></p>
        <p class="right unitPrice">26.43 € per litre</p>
    </div>
    <div class="notAvailable">
    <a class="button bgDarkGrey white" href="../vino-fradiles-bagadiu-igt-75.html">Not available</a>
</div>
</div><div class="left product prod318"
        data-name="Vino Giba Vermentino 75cl"
        data-price="10.98"
        data-id="28923"
        data-available="no"
        data-category="421"
        data-bestselling="">
    <a href="../vino-giba-vermentino-75cl.html">
        <div style="background-image: url('../../cdn.spesati.com/images/products/missing-image/missing-image.jpg')">
            <div class="hover"></div>
            
            <div class="stickers"></div>
        </div>
    </a>
    <div>
        <h4><a href="../vino-giba-vermentino-75cl.html"><b>Vino Giba Vermentino 75cl</b></a></h4>
        <p class="description">0.75 Lt</p>
        <p class="right price"><b>10.98 €</b></p>
        <p class="right unitPrice">14.64 € per litre</p>
    </div>
    <div class="notAvailable">
    <a class="button bgDarkGrey white" href="../vino-giba-vermentino-75cl.html">Not available</a>
</div>
</div><div class="left product prod319"
        data-name="Vino Grieco P.trem Rosato 75cl"
        data-price="8.18"
        data-id="28925"
        data-available="no"
        data-category="421"
        data-bestselling="">
    <a href="../vino-grieco-ptrem-rosato-75cl.html">
        <div style="background-image: url('../../cdn.spesati.com/images/products/missing-image/missing-image.jpg')">
            <div class="hover"></div>
            
            <div class="stickers"></div>
        </div>
    </a>
    <div>
        <h4><a href="../vino-grieco-ptrem-rosato-75cl.html"><b>Vino Grieco P.trem Rosato 75cl</b></a></h4>
        <p class="description">0.75 Lt</p>
        <p class="right price"><b>8.18 €</b></p>
        <p class="right unitPrice">10.91 € per litre</p>
    </div>
    <div class="notAvailable">
    <a class="button bgDarkGrey white" href="../vino-grieco-ptrem-rosato-75cl.html">Not available</a>
</div>
</div><div class="left product prod320"
        data-name="Vino Trexent Tanca Conti Cann"
        data-price="11.85"
        data-id="28961"
        data-available="no"
        data-category="421"
        data-bestselling="">
    <a href="../vino-trexent-tanca-conti-cann.html">
        <div style="background-image: url('../../cdn.spesati.com/images/products/missing-image/missing-image.jpg')">
            <div class="hover"></div>
            
            <div class="stickers"></div>
        </div>
    </a>
    <div>
        <h4><a href="../vino-trexent-tanca-conti-cann.html"><b>Vino Trexent Tanca Conti Cann</b></a></h4>
        <p class="description">0.75 Lt</p>
        <p class="right price"><b>11.85 €</b></p>
        <p class="right unitPrice">15.80 € per litre</p>
    </div>
    <div class="notAvailable">
    <a class="button bgDarkGrey white" href="../vino-trexent-tanca-conti-cann.html">Not available</a>
</div>
</div><div class="left product prod321"
        data-name="Vino Rosso Guidalberto 75cl"
        data-price="44.90"
        data-id="76745"
        data-available="no"
        data-category="421"
        data-bestselling="">
    <a href="../vino-rosso-guidalberto-75cl.html">
        <div style="background-image: url('../../cdn.spesati.com/images/products/missing-image/missing-image.jpg')">
            <div class="hover"></div>
            
            <div class="stickers"></div>
        </div>
    </a>
    <div>
        <h4><a href="../vino-rosso-guidalberto-75cl.html"><b>Vino Rosso Guidalberto 75cl</b></a></h4>
        <p class="description">1 piece</p>
        <p class="right price"><b>44.90 €</b></p>
        <p class="right unitPrice">44.90 € per piece</p>
    </div>
    <div class="notAvailable">
    <a class="button bgDarkGrey white" href="../vino-rosso-guidalberto-75cl.html">Not available</a>
</div>
</div><div class="left product prod322"
        data-name="Vino Monti Balari Frizz"
        data-price="8.24"
        data-id="79994"
        data-available="no"
        data-category="421"
        data-bestselling="">
    <a href="../vino-monti-balari-frizz.html">
        <div style="background-image: url('../../cdn.spesati.com/images/products/missing-image/missing-image.jpg')">
            <div class="hover"></div>
            
            <div class="stickers"></div>
        </div>
    </a>
    <div>
        <h4><a href="../vino-monti-balari-frizz.html"><b>Vino Monti Balari Frizz</b></a></h4>
        <p class="description">0.75 Lt</p>
        <p class="right price"><b>8.24 €</b></p>
        <p class="right unitPrice">10.98 € per litre</p>
    </div>
    <div class="notAvailable">
    <a class="button bgDarkGrey white" href="../vino-monti-balari-frizz.html">Not available</a>
</div>
</div><div class="left product prod323"
        data-name="Conf Karagn+katala Tondini 75c"
        data-price="46.90"
        data-id="81221"
        data-available="no"
        data-category="421"
        data-bestselling="">
    <a href="../conf-karagnkatala-tondini-75c.html">
        <div style="background-image: url('../../cdn.spesati.com/images/products/missing-image/missing-image.jpg')">
            <div class="hover"></div>
            
            <div class="stickers"></div>
        </div>
    </a>
    <div>
        <h4><a href="../conf-karagnkatala-tondini-75c.html"><b>Conf Karagn+katala Tondini 75c</b></a></h4>
        <p class="description">1.5 Lt</p>
        <p class="right price"><b>46.90 €</b></p>
        <p class="right unitPrice">31.27 € per litre</p>
    </div>
    <div class="notAvailable">
    <a class="button bgDarkGrey white" href="../conf-karagnkatala-tondini-75c.html">Not available</a>
</div>
</div><div class="left product prod324"
        data-name="Vino Carretta Dolcetto D'alba"
        data-price="12.69"
        data-id="86648"
        data-available="no"
        data-category="421"
        data-bestselling="">
    <a href="../vino-carretta-dolcetto-dalba.html">
        <div style="background-image: url('../../cdn.spesati.com/images/products/missing-image/missing-image.jpg')">
            <div class="hover"></div>
            
            <div class="stickers"></div>
        </div>
    </a>
    <div>
        <h4><a href="../vino-carretta-dolcetto-dalba.html"><b>Vino Carretta Dolcetto D'alba</b></a></h4>
        <p class="description">0.75 Lt</p>
        <p class="right price"><b>12.69 €</b></p>
        <p class="right unitPrice">16.92 € per litre</p>
    </div>
    <div class="notAvailable">
    <a class="button bgDarkGrey white" href="../vino-carretta-dolcetto-dalba.html">Not available</a>
</div>
</div><div class="left product prod325"
        data-name="Vino Su Entu Bov Su Nico 1.5l"
        data-price="52.35"
        data-id="87503"
        data-available="no"
        data-category="421"
        data-bestselling="">
    <a href="../vino-su-entu-bov-su-nico-15l.html">
        <div style="background-image: url('../../cdn.spesati.com/images/products/missing-image/missing-image.jpg')">
            <div class="hover"></div>
            
            <div class="stickers"></div>
        </div>
    </a>
    <div>
        <h4><a href="../vino-su-entu-bov-su-nico-15l.html"><b>Vino Su Entu Bov Su Nico 1.5l</b></a></h4>
        <p class="description">1.5 Lt</p>
        <p class="right price"><b>52.35 €</b></p>
        <p class="right unitPrice">34.90 € per litre</p>
    </div>
    <div class="notAvailable">
    <a class="button bgDarkGrey white" href="../vino-su-entu-bov-su-nico-15l.html">Not available</a>
</div>
</div><div class="left product prod326"
        data-name="Conf Argiolas Portisco 3 Bot"
        data-price="139.00"
        data-id="62862"
        data-available="no"
        data-category="421"
        data-bestselling="">
    <a href="../conf-argiolas-portisco-3-bot.html">
        <div style="background-image: url('../../cdn.spesati.com/images/products/missing-image/missing-image.jpg')">
            <div class="hover"></div>
            
            <div class="stickers"></div>
        </div>
    </a>
    <div>
        <h4><a href="../conf-argiolas-portisco-3-bot.html"><b>Conf Argiolas Portisco 3 Bot</b></a></h4>
        <p class="description">2.25 Lt</p>
        <p class="right price"><b>139.00 €</b></p>
        <p class="right unitPrice">61.78 € per litre</p>
    </div>
    <div class="notAvailable">
    <a class="button bgDarkGrey white" href="../conf-argiolas-portisco-3-bot.html">Not available</a>
</div>
</div><div class="left product prod327"
        data-name="Vino Ornellaia Le Volte 75cl"
        data-price="27.53"
        data-id="67842"
        data-available="no"
        data-category="421"
        data-bestselling="">
    <a href="../vino-ornellaia-le-volte-75cl.html">
        <div style="background-image: url('../../cdn.spesati.com/images/products/missing-image/missing-image.jpg')">
            <div class="hover"></div>
            
            <div class="stickers"></div>
        </div>
    </a>
    <div>
        <h4><a href="../vino-ornellaia-le-volte-75cl.html"><b>Vino Ornellaia Le Volte 75cl</b></a></h4>
        <p class="description">0.75 Lt</p>
        <p class="right price"><b>27.53 €</b></p>
        <p class="right unitPrice">36.70 € per litre</p>
    </div>
    <div class="notAvailable">
    <a class="button bgDarkGrey white" href="../vino-ornellaia-le-volte-75cl.html">Not available</a>
</div>
</div><div class="left product prod328"
        data-name="Vino Berritta Panzale 750ml"
        data-price="19.52"
        data-id="68769"
        data-available="no"
        data-category="421"
        data-bestselling="">
    <a href="../vino-berritta-panzale-750ml.html">
        <div style="background-image: url('../../cdn.spesati.com/images/products/missing-image/missing-image.jpg')">
            <div class="hover"></div>
            
            <div class="stickers"></div>
        </div>
    </a>
    <div>
        <h4><a href="../vino-berritta-panzale-750ml.html"><b>Vino Berritta Panzale 750ml</b></a></h4>
        <p class="description">0.75 Lt</p>
        <p class="right price"><b>19.52 €</b></p>
        <p class="right unitPrice">26.02 € per litre</p>
    </div>
    <div class="notAvailable">
    <a class="button bgDarkGrey white" href="../vino-berritta-panzale-750ml.html">Not available</a>
</div>
</div><div class="left product prod329"
        data-name="Vino Amarone Valpolicella 75cl"
        data-price="86.91"
        data-id="68811"
        data-available="no"
        data-category="421"
        data-bestselling="">
    <a href="../vino-amarone-valpolicella-75cl.html">
        <div style="background-image: url('../../cdn.spesati.com/images/products/missing-image/missing-image.jpg')">
            <div class="hover"></div>
            
            <div class="stickers"></div>
        </div>
    </a>
    <div>
        <h4><a href="../vino-amarone-valpolicella-75cl.html"><b>Vino Amarone Valpolicella 75cl</b></a></h4>
        <p class="description">0.75 Lt</p>
        <p class="right price"><b>86.91 €</b></p>
        <p class="right unitPrice">115.89 € per litre</p>
    </div>
    <div class="notAvailable">
    <a class="button bgDarkGrey white" href="../vino-amarone-valpolicella-75cl.html">Not available</a>
</div>
</div><div class="left product prod330"
        data-name="Vino Rosso Reciotto Docg 50cl"
        data-price="53.88"
        data-id="68820"
        data-available="no"
        data-category="421"
        data-bestselling="">
    <a href="../vino-rosso-reciotto-docg-50cl.html">
        <div style="background-image: url('../../cdn.spesati.com/images/products/missing-image/missing-image.jpg')">
            <div class="hover"></div>
            
            <div class="stickers"></div>
        </div>
    </a>
    <div>
        <h4><a href="../vino-rosso-reciotto-docg-50cl.html"><b>Vino Rosso Reciotto Docg 50cl</b></a></h4>
        <p class="description">0.5 Lt</p>
        <p class="right price"><b>53.88 €</b></p>
        <p class="right unitPrice">107.75 € per litre</p>
    </div>
    <div class="notAvailable">
    <a class="button bgDarkGrey white" href="../vino-rosso-reciotto-docg-50cl.html">Not available</a>
</div>
</div><div class="left product prod331"
        data-name="Vino Antinori Tignanello Magnu"
        data-price="219.00"
        data-id="29060"
        data-available="no"
        data-category="421"
        data-bestselling="">
    <a href="../vino-antinori-tignanello-magnu.html">
        <div style="background-image: url('../../cdn.spesati.com/images/products/missing-image/missing-image.jpg')">
            <div class="hover"></div>
            
            <div class="stickers"></div>
        </div>
    </a>
    <div>
        <h4><a href="../vino-antinori-tignanello-magnu.html"><b>Vino Antinori Tignanello Magnu</b></a></h4>
        <p class="description">1.5 Lt</p>
        <p class="right price"><b>219.00 €</b></p>
        <p class="right unitPrice">146.00 € per litre</p>
    </div>
    <div class="notAvailable">
    <a class="button bgDarkGrey white" href="../vino-antinori-tignanello-magnu.html">Not available</a>
</div>
</div><div class="left product prod332"
        data-name="Vino Antinori Brunel.mont.magn"
        data-price="136.98"
        data-id="29061"
        data-available="no"
        data-category="421"
        data-bestselling="">
    <a href="../vino-antinori-brunelmontmagn.html">
        <div style="background-image: url('../../cdn.spesati.com/images/products/missing-image/missing-image.jpg')">
            <div class="hover"></div>
            
            <div class="stickers"></div>
        </div>
    </a>
    <div>
        <h4><a href="../vino-antinori-brunelmontmagn.html"><b>Vino Antinori Brunel.mont.magn</b></a></h4>
        <p class="description">1.5 Lt</p>
        <p class="right price"><b>136.98 €</b></p>
        <p class="right unitPrice">91.32 € per litre</p>
    </div>
    <div class="notAvailable">
    <a class="button bgDarkGrey white" href="../vino-antinori-brunelmontmagn.html">Not available</a>
</div>
</div><div class="left product prod333"
        data-name="Vino Antinori Bramasole 3lt"
        data-price="256.20"
        data-id="29063"
        data-available="no"
        data-category="421"
        data-bestselling="">
    <a href="../vino-antinori-bramasole-3lt.html">
        <div style="background-image: url('../../cdn.spesati.com/images/products/missing-image/missing-image.jpg')">
            <div class="hover"></div>
            
            <div class="stickers"></div>
        </div>
    </a>
    <div>
        <h4><a href="../vino-antinori-bramasole-3lt.html"><b>Vino Antinori Bramasole 3lt</b></a></h4>
        <p class="description">3 Lt</p>
        <p class="right price"><b>256.20 €</b></p>
        <p class="right unitPrice">85.40 € per litre</p>
    </div>
    <div class="notAvailable">
    <a class="button bgDarkGrey white" href="../vino-antinori-bramasole-3lt.html">Not available</a>
</div>
</div><div class="left product prod334"
        data-name="Vino Antinori Achelo Syrah 1.5"
        data-price="43.00"
        data-id="29066"
        data-available="no"
        data-category="421"
        data-bestselling="">
    <a href="../vino-antinori-achelo-syrah-15.html">
        <div style="background-image: url('../../cdn.spesati.com/images/products/missing-image/missing-image.jpg')">
            <div class="hover"></div>
            
            <div class="stickers"></div>
        </div>
    </a>
    <div>
        <h4><a href="../vino-antinori-achelo-syrah-15.html"><b>Vino Antinori Achelo Syrah 1.5</b></a></h4>
        <p class="description">1.5 Lt</p>
        <p class="right price"><b>43.00 €</b></p>
        <p class="right unitPrice">28.67 € per litre</p>
    </div>
    <div class="notAvailable">
    <a class="button bgDarkGrey white" href="../vino-antinori-achelo-syrah-15.html">Not available</a>
</div>
</div><div class="left product prod335"
        data-name="Vino Chassagne Montrachet 75cl"
        data-price="107.35"
        data-id="68871"
        data-available="no"
        data-category="421"
        data-bestselling="">
    <a href="../vino-chassagne-montrachet-75cl.html">
        <div style="background-image: url('../../cdn.spesati.com/images/products/missing-image/missing-image.jpg')">
            <div class="hover"></div>
            
            <div class="stickers"></div>
        </div>
    </a>
    <div>
        <h4><a href="../vino-chassagne-montrachet-75cl.html"><b>Vino Chassagne Montrachet 75cl</b></a></h4>
        <p class="description">0.75 Lt</p>
        <p class="right price"><b>107.35 €</b></p>
        <p class="right unitPrice">143.13 € per litre</p>
    </div>
    <div class="notAvailable">
    <a class="button bgDarkGrey white" href="../vino-chassagne-montrachet-75cl.html">Not available</a>
</div>
</div><div class="left product prod336"
        data-name="Vino Puligny Montrachet 75cl"
        data-price="103.29"
        data-id="68874"
        data-available="no"
        data-category="421"
        data-bestselling="">
    <a href="../vino-puligny-montrachet-75cl.html">
        <div style="background-image: url('../../cdn.spesati.com/images/products/missing-image/missing-image.jpg')">
            <div class="hover"></div>
            
            <div class="stickers"></div>
        </div>
    </a>
    <div>
        <h4><a href="../vino-puligny-montrachet-75cl.html"><b>Vino Puligny Montrachet 75cl</b></a></h4>
        <p class="description">0.75 Lt</p>
        <p class="right price"><b>103.29 €</b></p>
        <p class="right unitPrice">137.71 € per litre</p>
    </div>
    <div class="notAvailable">
    <a class="button bgDarkGrey white" href="../vino-puligny-montrachet-75cl.html">Not available</a>
</div>
</div><div class="left product prod337"
        data-name="Vin Amarone Valpolic Salvat 75"
        data-price="54.75"
        data-id="68883"
        data-available="no"
        data-category="421"
        data-bestselling="">
    <a href="../vin-amarone-valpolic-salvat-75.html">
        <div style="background-image: url('../../cdn.spesati.com/images/products/missing-image/missing-image.jpg')">
            <div class="hover"></div>
            
            <div class="stickers"></div>
        </div>
    </a>
    <div>
        <h4><a href="../vin-amarone-valpolic-salvat-75.html"><b>Vin Amarone Valpolic Salvat 75</b></a></h4>
        <p class="description">0.75 Lt</p>
        <p class="right price"><b>54.75 €</b></p>
        <p class="right unitPrice">72.99 € per litre</p>
    </div>
    <div class="notAvailable">
    <a class="button bgDarkGrey white" href="../vin-amarone-valpolic-salvat-75.html">Not available</a>
</div>
</div><div class="left product prod338"
        data-name="Vino Chablis Luois Jadot 75cl"
        data-price="44.33"
        data-id="68913"
        data-available="no"
        data-category="421"
        data-bestselling="">
    <a href="../vino-chablis-luois-jadot-75cl.html">
        <div style="background-image: url('../../cdn.spesati.com/images/products/missing-image/missing-image.jpg')">
            <div class="hover"></div>
            
            <div class="stickers"></div>
        </div>
    </a>
    <div>
        <h4><a href="../vino-chablis-luois-jadot-75cl.html"><b>Vino Chablis Luois Jadot 75cl</b></a></h4>
        <p class="description">0.75 Lt</p>
        <p class="right price"><b>44.33 €</b></p>
        <p class="right unitPrice">59.11 € per litre</p>
    </div>
    <div class="notAvailable">
    <a class="button bgDarkGrey white" href="../vino-chablis-luois-jadot-75cl.html">Not available</a>
</div>
</div><div class="left product prod339"
        data-name="Vino Borgogna P Noir Jadot 75c"
        data-price="41.20"
        data-id="68922"
        data-available="no"
        data-category="421"
        data-bestselling="">
    <a href="../vino-borgogna-p-noir-jadot-75c.html">
        <div style="background-image: url('../../cdn.spesati.com/images/products/missing-image/missing-image.jpg')">
            <div class="hover"></div>
            
            <div class="stickers"></div>
        </div>
    </a>
    <div>
        <h4><a href="../vino-borgogna-p-noir-jadot-75c.html"><b>Vino Borgogna P Noir Jadot 75c</b></a></h4>
        <p class="description">0.75 Lt</p>
        <p class="right price"><b>41.20 €</b></p>
        <p class="right unitPrice">54.94 € per litre</p>
    </div>
    <div class="notAvailable">
    <a class="button bgDarkGrey white" href="../vino-borgogna-p-noir-jadot-75c.html">Not available</a>
</div>
</div><div class="left product prod340"
        data-name="Vino Antinori Riserva Docg Mag"
        data-price="62.22"
        data-id="29095"
        data-available="no"
        data-category="421"
        data-bestselling="">
    <a href="../vino-antinori-riserva-docg-mag.html">
        <div style="background-image: url('../../cdn.spesati.com/images/products/missing-image/missing-image.jpg')">
            <div class="hover"></div>
            
            <div class="stickers"></div>
        </div>
    </a>
    <div>
        <h4><a href="../vino-antinori-riserva-docg-mag.html"><b>Vino Antinori Riserva Docg Mag</b></a></h4>
        <p class="description">1.5 Lt</p>
        <p class="right price"><b>62.22 €</b></p>
        <p class="right unitPrice">41.48 € per litre</p>
    </div>
    <div class="notAvailable">
    <a class="button bgDarkGrey white" href="../vino-antinori-riserva-docg-mag.html">Not available</a>
</div>
</div><div class="left product prod341"
        data-name="Vino Ornellaia Serre Nuove 75c"
        data-price="61.71"
        data-id="29097"
        data-available="no"
        data-category="421"
        data-bestselling="">
    <a href="../vino-ornellaia-serre-nuove-75c.html">
        <div style="background-image: url('../../cdn.spesati.com/images/products/missing-image/missing-image.jpg')">
            <div class="hover"></div>
            
            <div class="stickers"></div>
        </div>
    </a>
    <div>
        <h4><a href="../vino-ornellaia-serre-nuove-75c.html"><b>Vino Ornellaia Serre Nuove 75c</b></a></h4>
        <p class="description">0.75 Lt</p>
        <p class="right price"><b>61.71 €</b></p>
        <p class="right unitPrice">82.29 € per litre</p>
    </div>
    <div class="notAvailable">
    <a class="button bgDarkGrey white" href="../vino-ornellaia-serre-nuove-75c.html">Not available</a>
</div>
</div><div class="left product prod342"
        data-name="Conf Rocca Rubia 75cl C/calici"
        data-price="29.99"
        data-id="72238"
        data-available="no"
        data-category="421"
        data-bestselling="">
    <a href="../conf-rocca-rubia-75cl-ccalici.html">
        <div style="background-image: url('../../cdn.spesati.com/images/products/missing-image/missing-image.jpg')">
            <div class="hover"></div>
            
            <div class="stickers"></div>
        </div>
    </a>
    <div>
        <h4><a href="../conf-rocca-rubia-75cl-ccalici.html"><b>Conf Rocca Rubia 75cl C/calici</b></a></h4>
        <p class="description">0.75 Lt</p>
        <p class="right price"><b>29.99 €</b></p>
        <p class="right unitPrice">39.99 € per litre</p>
    </div>
    <div class="notAvailable">
    <a class="button bgDarkGrey white" href="../conf-rocca-rubia-75cl-ccalici.html">Not available</a>
</div>
</div><div class="left product prod343"
        data-name="Vino Brun Montalc Docg 75 Cl"
        data-price="81.24"
        data-id="29164"
        data-available="no"
        data-category="421"
        data-bestselling="">
    <a href="../vino-brun-montalc-docg-75-cl.html">
        <div style="background-image: url('../../cdn.spesati.com/images/products/missing-image/missing-image.jpg')">
            <div class="hover"></div>
            
            <div class="stickers"></div>
        </div>
    </a>
    <div>
        <h4><a href="../vino-brun-montalc-docg-75-cl.html"><b>Vino Brun Montalc Docg 75 Cl</b></a></h4>
        <p class="description">0.75 Lt</p>
        <p class="right price"><b>81.24 €</b></p>
        <p class="right unitPrice">108.31 € per litre</p>
    </div>
    <div class="notAvailable">
    <a class="button bgDarkGrey white" href="../vino-brun-montalc-docg-75-cl.html">Not available</a>
</div>
</div><div class="left product prod344"
        data-name="Vino Lecinquev Barolo Docg 75"
        data-price="39.90"
        data-id="29165"
        data-available="no"
        data-category="421"
        data-bestselling="">
    <a href="../vino-lecinquev-barolo-docg-75.html">
        <div style="background-image: url('../../cdn.spesati.com/images/products/missing-image/missing-image.jpg')">
            <div class="hover"></div>
            
            <div class="stickers"></div>
        </div>
    </a>
    <div>
        <h4><a href="../vino-lecinquev-barolo-docg-75.html"><b>Vino Lecinquev Barolo Docg 75</b></a></h4>
        <p class="description">0.75 Lt</p>
        <p class="right price"><b>39.90 €</b></p>
        <p class="right unitPrice">53.20 € per litre</p>
    </div>
    <div class="notAvailable">
    <a class="button bgDarkGrey white" href="../vino-lecinquev-barolo-docg-75.html">Not available</a>
</div>
</div><div class="left product prod345"
        data-name="Vino Chablis Vaillon Drou 75cl"
        data-price="75.61"
        data-id="29170"
        data-available="no"
        data-category="421"
        data-bestselling="">
    <a href="../vino-chablis-vaillon-drou-75cl.html">
        <div style="background-image: url('../../cdn.spesati.com/images/products/missing-image/missing-image.jpg')">
            <div class="hover"></div>
            
            <div class="stickers"></div>
        </div>
    </a>
    <div>
        <h4><a href="../vino-chablis-vaillon-drou-75cl.html"><b>Vino Chablis Vaillon Drou 75cl</b></a></h4>
        <p class="description">0.75 Lt</p>
        <p class="right price"><b>75.61 €</b></p>
        <p class="right unitPrice">100.81 € per litre</p>
    </div>
    <div class="notAvailable">
    <a class="button bgDarkGrey white" href="../vino-chablis-vaillon-drou-75cl.html">Not available</a>
</div>
</div><div class="left product prod346"
        data-name="Vino Argiolas Turriga Magnum L"
        data-price="169.00"
        data-id="28975"
        data-available="no"
        data-category="421"
        data-bestselling="">
    <a href="../vino-argiolas-turriga-magnum-l.html">
        <div style="background-image: url('../../cdn.spesati.com/images/products/missing-image/missing-image.jpg')">
            <div class="hover"></div>
            
            <div class="stickers"></div>
        </div>
    </a>
    <div>
        <h4><a href="../vino-argiolas-turriga-magnum-l.html"><b>Vino Argiolas Turriga Magnum L</b></a></h4>
        <p class="description">1.5 Lt</p>
        <p class="right price"><b>169.00 €</b></p>
        <p class="right unitPrice">112.67 € per litre</p>
    </div>
    <div class="notAvailable">
    <a class="button bgDarkGrey white" href="../vino-argiolas-turriga-magnum-l.html">Not available</a>
</div>
</div><div class="left product prod347"
        data-name="Vino Argiolas Turriga 3lt.legn"
        data-price="395.19"
        data-id="28976"
        data-available="no"
        data-category="421"
        data-bestselling="">
    <a href="../vino-argiolas-turriga-3ltlegn.html">
        <div style="background-image: url('../../cdn.spesati.com/images/products/missing-image/missing-image.jpg')">
            <div class="hover"></div>
            
            <div class="stickers"></div>
        </div>
    </a>
    <div>
        <h4><a href="../vino-argiolas-turriga-3ltlegn.html"><b>Vino Argiolas Turriga 3lt.legn</b></a></h4>
        <p class="description">1 piece</p>
        <p class="right price"><b>395.19 €</b></p>
        <p class="right unitPrice">395.19 € per piece</p>
    </div>
    <div class="notAvailable">
    <a class="button bgDarkGrey white" href="../vino-argiolas-turriga-3ltlegn.html">Not available</a>
</div>
</div><div class="left product prod348"
        data-name="Vino Argiolas Korem 1,5lt"
        data-price="69.00"
        data-id="28986"
        data-available="no"
        data-category="421"
        data-bestselling="">
    <a href="../vino-argiolas-korem-15lt.html">
        <div style="background-image: url('../../cdn.spesati.com/images/products/missing-image/missing-image.jpg')">
            <div class="hover"></div>
            
            <div class="stickers"></div>
        </div>
    </a>
    <div>
        <h4><a href="../vino-argiolas-korem-15lt.html"><b>Vino Argiolas Korem 1,5lt</b></a></h4>
        <p class="description">1.5 Lt</p>
        <p class="right price"><b>69.00 €</b></p>
        <p class="right unitPrice">45.99 € per litre</p>
    </div>
    <div class="notAvailable">
    <a class="button bgDarkGrey white" href="../vino-argiolas-korem-15lt.html">Not available</a>
</div>
</div><div class="left product prod349"
        data-name="Vino Argiolas Korem 3lt"
        data-price="119.00"
        data-id="28987"
        data-available="no"
        data-category="421"
        data-bestselling="">
    <a href="../vino-argiolas-korem-3lt.html">
        <div style="background-image: url('../../cdn.spesati.com/images/products/missing-image/missing-image.jpg')">
            <div class="hover"></div>
            
            <div class="stickers"></div>
        </div>
    </a>
    <div>
        <h4><a href="../vino-argiolas-korem-3lt.html"><b>Vino Argiolas Korem 3lt</b></a></h4>
        <p class="description">1 piece</p>
        <p class="right price"><b>119.00 €</b></p>
        <p class="right unitPrice">119.00 € per piece</p>
    </div>
    <div class="notAvailable">
    <a class="button bgDarkGrey white" href="../vino-argiolas-korem-3lt.html">Not available</a>
</div>
</div><div class="left product prod350"
        data-name="Vino Argiolas Is Solinas Magnu"
        data-price="49.90"
        data-id="28996"
        data-available="no"
        data-category="421"
        data-bestselling="">
    <a href="../vino-argiolas-is-solinas-magnu.html">
        <div style="background-image: url('../../cdn.spesati.com/images/products/missing-image/missing-image.jpg')">
            <div class="hover"></div>
            
            <div class="stickers"></div>
        </div>
    </a>
    <div>
        <h4><a href="../vino-argiolas-is-solinas-magnu.html"><b>Vino Argiolas Is Solinas Magnu</b></a></h4>
        <p class="description">1.5 Lt</p>
        <p class="right price"><b>49.90 €</b></p>
        <p class="right unitPrice">33.27 € per litre</p>
    </div>
    <div class="notAvailable">
    <a class="button bgDarkGrey white" href="../vino-argiolas-is-solinas-magnu.html">Not available</a>
</div>
</div><div class="left product prod351"
        data-name="Vino Barbaresco Docg 42 75 Cl"
        data-price="35.29"
        data-id="59802"
        data-available="no"
        data-category="421"
        data-bestselling="">
    <a href="../vino-barbaresco-docg-42-75-cl.html">
        <div style="background-image: url('../../cdn.spesati.com/images/products/missing-image/missing-image.jpg')">
            <div class="hover"></div>
            
            <div class="stickers"></div>
        </div>
    </a>
    <div>
        <h4><a href="../vino-barbaresco-docg-42-75-cl.html"><b>Vino Barbaresco Docg 42 75 Cl</b></a></h4>
        <p class="description">0.75 Lt</p>
        <p class="right price"><b>35.29 €</b></p>
        <p class="right unitPrice">47.06 € per litre</p>
    </div>
    <div class="notAvailable">
    <a class="button bgDarkGrey white" href="../vino-barbaresco-docg-42-75-cl.html">Not available</a>
</div>
</div><div class="left product prod352"
        data-name="Vino Barolo Docg 34 75 Cl"
        data-price="30.47"
        data-id="59805"
        data-available="no"
        data-category="421"
        data-bestselling="">
    <a href="../vino-barolo-docg-34-75-cl.html">
        <div style="background-image: url('../../cdn.spesati.com/images/products/missing-image/missing-image.jpg')">
            <div class="hover"></div>
            
            <div class="stickers"></div>
        </div>
    </a>
    <div>
        <h4><a href="../vino-barolo-docg-34-75-cl.html"><b>Vino Barolo Docg 34 75 Cl</b></a></h4>
        <p class="description">0.75 Lt</p>
        <p class="right price"><b>30.47 €</b></p>
        <p class="right unitPrice">40.63 € per litre</p>
    </div>
    <div class="notAvailable">
    <a class="button bgDarkGrey white" href="../vino-barolo-docg-34-75-cl.html">Not available</a>
</div>
</div><div class="left product prod353"
        data-name="Vermentino C Isola Raighi 750m"
        data-price="9.51"
        data-id="60231"
        data-available="no"
        data-category="421"
        data-bestselling="">
    <a href="../vermentino-c-isola-raighi-750m.html">
        <div style="background-image: url('../../cdn.spesati.com/images/products/missing-image/missing-image.jpg')">
            <div class="hover"></div>
            
            <div class="stickers"></div>
        </div>
    </a>
    <div>
        <h4><a href="../vermentino-c-isola-raighi-750m.html"><b>Vermentino C Isola Raighi 750m</b></a></h4>
        <p class="description">0.75 Lt</p>
        <p class="right price"><b>9.51 €</b></p>
        <p class="right unitPrice">12.68 € per litre</p>
    </div>
    <div class="notAvailable">
    <a class="button bgDarkGrey white" href="../vermentino-c-isola-raighi-750m.html">Not available</a>
</div>
</div><div class="left product prod354"
        data-name="Vino Ledda Ruju Igt 75cl"
        data-price="22.69"
        data-id="29017"
        data-available="no"
        data-category="421"
        data-bestselling="">
    <a href="../vino-ledda-ruju-igt-75cl.html">
        <div style="background-image: url('../../cdn.spesati.com/images/products/missing-image/missing-image.jpg')">
            <div class="hover"></div>
            
            <div class="stickers"></div>
        </div>
    </a>
    <div>
        <h4><a href="../vino-ledda-ruju-igt-75cl.html"><b>Vino Ledda Ruju Igt 75cl</b></a></h4>
        <p class="description">0.75 Lt</p>
        <p class="right price"><b>22.69 €</b></p>
        <p class="right unitPrice">30.26 € per litre</p>
    </div>
    <div class="notAvailable">
    <a class="button bgDarkGrey white" href="../vino-ledda-ruju-igt-75cl.html">Not available</a>
</div>
</div><div class="left product prod355"
        data-name="Vino Fat Is Can Ros Bio Dop 75"
        data-price="9.70"
        data-id="29022"
        data-available="no"
        data-category="421"
        data-bestselling="">
    <a href="../vino-fat-is-can-ros-bio-dop-75.html">
        <div style="background-image: url('../../cdn.spesati.com/images/products/missing-image/missing-image.jpg')">
            <div class="hover"></div>
            
            <div class="stickers"></div>
        </div>
    </a>
    <div>
        <h4><a href="../vino-fat-is-can-ros-bio-dop-75.html"><b>Vino Fat Is Can Ros Bio Dop 75</b></a></h4>
        <p class="description">0.75 Lt</p>
        <p class="right price"><b>9.70 €</b></p>
        <p class="right unitPrice">12.93 € per litre</p>
    </div>
    <div class="notAvailable">
    <a class="button bgDarkGrey white" href="../vino-fat-is-can-ros-bio-dop-75.html">Not available</a>
</div>
</div><div class="left product prod356"
        data-name="Vino Ogliastra Minus 25cl Ross"
        data-price="2.44"
        data-id="29028"
        data-available="no"
        data-category="421"
        data-bestselling="">
    <a href="../vino-ogliastra-minus-25cl-ross.html">
        <div style="background-image: url('../../cdn.spesati.com/images/products/missing-image/missing-image.jpg')">
            <div class="hover"></div>
            
            <div class="stickers"></div>
        </div>
    </a>
    <div>
        <h4><a href="../vino-ogliastra-minus-25cl-ross.html"><b>Vino Ogliastra Minus 25cl Ross</b></a></h4>
        <p class="description">0.25 Lt</p>
        <p class="right price"><b>2.44 €</b></p>
        <p class="right unitPrice">9.76 € per litre</p>
    </div>
    <div class="notAvailable">
    <a class="button bgDarkGrey white" href="../vino-ogliastra-minus-25cl-ross.html">Not available</a>
</div>
</div>        </div>
    </div>
</section>
<div class="footer">
    <div class="bgDarkGrey"></div>
    <footer>
        <div class="left bgDarkGrey">
            <a id="logoFooter" href="../index.html" class="estDynamic">
                <img src="../../cdn.spesati.com/images/layout/logo-eng.png" alt="Spesati.com" />
                <h2 class="red">Grocery Delivery</h2>
            </a>
            <a class="button bgRed white mobile" href="tel:390707968318">Phone order</a>
            <a class="button bgRed white desktop" href="../news/2020-04-07/news-on-spesati-the-telephone-order-service-is-active.html">Phone order</a>
            <a class="button bgRed white" href="../cdn-cgi/l/email-protection.html#95fcfbf3fad5e6e5f0e6f4e1fcbbf6faf8">Send mail</a>
            <div id="social">
                <a class="left" href="https://www.facebook.com/spesati/" rel="external" target="_blank">
                    <span class="facebook bgRed fa-stack fa-lg">
                        <i class="fa fa-facebook fa-stack-1x "></i>
                    </span>
                </a>
                <a class="right" href="https://twitter.com/spesati" rel="external" target="_blank">
                    <span class="twitter bgRed fa-stack fa-lg">
                        <i class="fa fa-twitter fa-stack-1x "></i>
                    </span>
                </a>
            </div>
            <p>Copyright 2024 Spesati.com </p>
            
                    <p>All rights reserved</p>
                    <p>SPESATI SRL</p>
                    <p>Corso Vittorio Veneto 15/I, 07026, Olbia</p>
                    <p>CF e P.Iva: 02772380909</p>
                        </div>
        <div class="center bgRed">
            <div class="top">
                <h3>Categories</h3>
                <div class="col">
                    <ul>
                        <li>
                            <a href="#" class="estDynamic">On sale</a>
                        </li>
                        <li>
                            <a href="../fruit-and-vegetables.html" class="estDynamic">Fruit and vegetables</a>
                        </li>
                        <li>
                            <a href="../fresh-products.html" class="estDynamic">Fresh products</a>
                        </li>
                        <li>
                            <a href="../frozen-foods.html" class="estDynamic">Frozen foods</a>
                        </li>
                        <li>
                            <a href="../bread-and-pasta.html" class="estDynamic">Bread and pasta</a>
                        </li>
                        <li>
                            <a href="../meat.html" class="estDynamic">Meat</a>
                        </li>
                        <li>
                            <a href="../fish.html" class="estDynamic">Fish</a>
                        </li>
                    </ul>
                </div>
                <div class="col">
                    <ul>
                        <li>
                            <a href="../wine-beer-and-spirits.html" class="estDynamic">Wine beer and spirits</a>
                        </li>
                        <li>
                            <a href="../water-and-drinks.html" class="estDynamic">Water and drinks</a>
                        </li>
                        <li>
                            <a href="../sweets.html" class="estDynamic">Sweets</a>
                        </li>
                        <li>
                            <a href="../shelf.html" class="estDynamic">Cupboard</a>
                        </li>
                        <li>
                            <a href="../personal-care.html" class="estDynamic">Personal care</a>
                        </li>
                        <li>
                            <a href="../household-and-outdoors.html" class="estDynamic">Home and outdoors</a>
                        </li>
                        <li>
                            <a href="../pet.html" class="estDynamic">Pets</a>
                        </li>
                    </ul>
                </div>
                <div class="col">
                    <ul>
                        <li>
                            <a href="../technology.html" class="estDynamic">Technology</a>
                        </li>
                        <li>
                            <a href="../gluten-free.html" class="estDynamic">Gluten free</a>
                        </li>
                        <li>
                            <a href="../lactose-free.html" class="estDynamic">Lactose free</a>
                        </li>
                        <li>
                            <a href="../special.html" class="estDynamic">Special</a>
                        </li>
                        <li>
                            <a href="../sardinian-products.html" class="estDynamic">Sardinian products</a>
                        </li>
                    </ul>
                </div>
            </div>
            <div class="bottom bgRed">
                <div class="left">
                    <h3>Delivery payment</h3>
                    <div>
                        <i class="fa fa-money fa-3x" aria-hidden="true"></i>
                        <p>Cash</p>
                    </div>
                    <div>
                        <i class="fa fa-credit-card fa-3x" aria-hidden="true"></i>
                        <p>Bancomat or card</p>
                    </div>
                </div>
                <div class="right">
                    <h3>Online payment</h3>
                    <div>
                        <i class="fa fa-credit-card fa-3x" aria-hidden="true"></i>
                        <p>Credit or debit card <span class="red">online</span></p>
                    </div>
                    <div>
                        <i class="fa fa-paypal fa-3x" aria-hidden="true"></i>
                        <p>PayPal</p>
                    </div>
                    <div>
                        <i class="fa fa-university fa-3x" aria-hidden="true"></i>
                        <p>Bank transfer</p>
                    </div>
                </div>
            </div>
        </div>
        <div class="right bgRed">
            <div>
                <i class="fa fa-truck fa-flip-horizontal"></i>
                <a class="button bgYellow white" href="../delivery-prices.html">Delivery prices</a>
                
                    <h3>Home delivery:</h3>
                    <p><b>Monday to Saturday</b></p>
                    <p><b>9:00 to 20:00</b></p>
                    <p><b>Minimum order:</b> 29€</p>
                    <p><b>Delivery starting from:</b> 3,50€</p>
                            </div>
            <ul>
                <li>
                    <a href="../delivery-prices.html">Delivery prices</a>
                </li>
                <li>
                    <a href="../about.html">About</a>
                </li>
                <li>
                    <a href="../faq.html">Faq</a>
                </li>
                <li>
                    <a href="../customer-care.html">Support</a>
                </li>
                <li>
                    <a href="../news.html">Blog</a>
                </li>
                <li>
                    <a href="../terms-and-conditions.html">Conditions</a>
                </li>
                <li>
                    <a href="../privacy-policy.html">Privacy policy</a>
                </li>
                <li>
                    <a href="../legal-warranty.html">Legal guarantee</a>
                </li>
            </ul>
        </div>
    </footer>
    <div class="bgRed"></div>
</div>
<!--Start of Tawk.to Script-->
<script data-cfasync="false" src="../cdn-cgi/scripts/5c5dd728/cloudflare-static/email-decode.min.js"></script><script type="text/javascript">
var Tawk_API=Tawk_API||{}, Tawk_LoadStart=new Date();
(function(){
var s1=document.createElement("script"),s0=document.getElementsByTagName("script")[0];
s1.async=true;
s1.src='https://embed.tawk.to/59e86945c28eca75e4626ed9/default';
s1.charset='UTF-8';
s1.setAttribute('crossorigin','*');
s0.parentNode.insertBefore(s1,s0);
})();
</script>
<!--End of Tawk.to Script-->

<!-- Here are parked a few translatable strings, useful for Javascript rendering -->
<div id="js-texts" hidden>
    <input type="hidden" name="save_cart_notice" value="Saving your cart it will be possible to reload it next time you come for shopping">
    <input type="hidden" name="save_cart_notice_title" value="Want to save your cart?">
    <input type="hidden" name="save_cart_ok" value="Save">
    <input type="hidden" name="save_cart_ko" value="Don't Save">
    <input type="hidden" name="reload_cart" value="The Reload Order function allows you to top up your last cart to make a New Order. Warning: do not use this function to add products to the last order. At this time it is not possible to modify an order placed previously.">
</div>

<!-- new site and login popup -->
</body>
<!-- Mirrored from www.spesati.com/wine-beer-and-spirits/red-wine by HTTrack Website Copier/3.x [XR&CO'2014], Fri, 23 Feb 2024 18:15:51 GMT -->
</html>