<!DOCTYPE html><html lang="en">
<!-- Mirrored from www.spesati.com/wine-beer-and-spirits/sparkling-wine by HTTrack Website Copier/3.x [XR&CO'2014], Fri, 23 Feb 2024 18:16:38 GMT -->
<!-- Added by HTTrack --><meta http-equiv="content-type" content="text/html;charset=utf-8" /><!-- /Added by HTTrack -->
<head>
    <title>Sparkling wine - Wine beer and spirits - Spesati.com</title>
    <meta http-equiv="Content-Type" content="text/html; charset=UTF-8" />
    <meta name="description" content="" />
    <meta name="keywords" content="" />
    <link href="../images/favicon.ico" rel="shortcut icon" type="image/x-icon" />
    <meta name="author" content="www.dodify.com" /><link rel="canonical" href="sparkling-wine.html" /><link rel="alternate" hreflang="en" href="sparkling-wine.html" /><link rel="alternate" hreflang="it" href="https://www.spesati.it/vino-birra-e-alcolici/vino-spumante" /><link href="../../cdnjs.cloudflare.com/ajax/libs/meyer-reset/2.0/reset.min.css" rel="stylesheet" type="text/css" /><link href="../../cdnjs.cloudflare.com/ajax/libs/font-awesome/6.5.1/css/all.min.css" rel="stylesheet" type="text/css" /><link href="https://fonts.googleapis.com/css?family=Montserrat:400,700" rel="stylesheet" type="text/css" /><link href="../../cdnjs.cloudflare.com/ajax/libs/fancybox/2.1.5/jquery.fancybox.min.css" rel="stylesheet" type="text/css" /><link href="../style/mainbea6.css?v=7" rel="stylesheet" type="text/css" /><link href="../style/lightslider.css" rel="stylesheet" type="text/css" /><link href="../style/categories.css" rel="stylesheet" type="text/css" /><script src="../../cdnjs.cloudflare.com/ajax/libs/jquery/3.6.1/jquery.min.js" type="text/javascript"></script><script src="../../ajax.googleapis.com/ajax/libs/jquery/1.11.0/jquery.min.js" type="text/javascript"></script><script src="http://unpkg.com/@floating-ui/core@0.4.0" type="text/javascript"></script><script src="http://unpkg.com/@floating-ui/dom@0.2.0" type="text/javascript"></script><script src="../../cdnjs.cloudflare.com/ajax/libs/fancybox/2.1.5/jquery.fancybox.min.js" type="text/javascript"></script><script src="../js/menu.js" type="text/javascript"></script><script src="../js/interfaceb6f5.js?v=10" type="text/javascript"></script><script src="../js/spesati.lightslider.min.js" type="text/javascript"></script><meta name="viewport" content="width=device-width, initial-scale=1, maximum-scale=1" /><meta name = "format-detection" content = "telephone=no">
<!-- Facebook Pixel Code -->
<script>
  !function(f,b,e,v,n,t,s)
  {if(f.fbq)return;n=f.fbq=function(){n.callMethod?
  n.callMethod.apply(n,arguments):n.queue.push(arguments)};
  if(!f._fbq)f._fbq=n;n.push=n;n.loaded=!0;n.version='2.0';
  n.queue=[];t=b.createElement(e);t.async=!0;
  t.src=v;s=b.getElementsByTagName(e)[0];
  s.parentNode.insertBefore(t,s)}(window, document,'script',
  '../../connect.facebook.net/en_US/fbevents.js');
  fbq('init', '792335014180667');
  fbq('track', 'PageView');
</script>
<noscript>
    <img height="1" width="1" style="display:none" src="https://www.facebook.com/tr?id=792335014180667&amp;ev=PageView&amp;noscript=1" />
</noscript>
<!-- End Facebook Pixel Code -->

<!-- GA4 -->
<script async src="https://www.googletagmanager.com/gtag/js?id=G-SSS6NRNXL0"></script>
<script>
  window.dataLayer = window.dataLayer || [];
  function gtag(){dataLayer.push(arguments);}
  gtag('js', new Date());
  gtag('config', 'AW-976671669');
  gtag('config', 'G-SSS6NRNXL0');
</script>
<!-- Elements for PWA deploy -->
<link rel="manifest" href="../manifest.json">
<meta name="theme-color" media="(prefers-color-scheme: light)" content="white">
<meta name="theme-color" media="(prefers-color-scheme: dark)"  content="black">
<link href=../images/icon-192.png rel=apple-touch-icon sizes="192x192">
<!-- Establishment logic -->
<script>var pageEstablishment = "Olbia"; var estDefaultPages = true</script>
    <!--[if lt IE 9]>
        <script src="https://cdnjs.cloudflare.com/ajax/libs/html5shiv/3.7.3/html5shiv.min.js" type="text/javascript"></script>
    <![endif]--><script type="text/javascript">
$(document).ready(function() {
    // Check if exists cookie
    if(document.cookie.indexOf("cookieAccepted") < 0) {
        var cookieText = '<div id=\"cookie\"><p>This site uses cookies. Cookies are used for ads personalisation. <a href=\"/privacy-policy\">More info</a></p><button id=\"cookieConsent\" type=\"button\">Accept</button></div>';
        $("body").append($(
            cookieText
        ));
        $('#cookie').css({
            'width'           : '100%',
            'text-align'      : 'center',
            'color'           : '#FFFFFF',
            'background-color': '#000000', 
            'opacity'         : '.8', 
            'position'        : 'fixed', 
            'bottom'          : '0',
            'padding'         : '.5em 0',
            'z-index'         : '999'
        });
        $('#cookie > *').css({
            'display': 'inline'
        });
        $('#cookie a').css({
            'color'          : '#FFFFFF',
            'text-decoration': 'underline',
            'margin-right'   : '2%'
        });
        $('#cookieConsent').click(function() {
            // Set cookie
            var expiry = new Date();
            expiry.setTime(expiry.getTime() + (365 * 24 * 60 * 60 * 1000));
            document.cookie = "cookieAccepted=yes; expires=" + expiry.toGMTString() + "; path=/; domain=.spesati.com";
            $('#cookie').css({'display': 'none'});
        });
    }
});
</script></head><body><script type="text/javascript">
    var addText = "Add";
    var slider  = null;
    $(document).ready(function() {
        slider = $('#cartSlider').lightSlider({
            controls: false,
            item:13,
            loop:false,
            slideMove:1,
            easing: 'cubic-bezier(0.25, 0, 0.25, 1)',
            speed:600,
            responsive : [
                {
                    breakpoint:1400,
                    settings: {
                        item:12,
                        slideMove:1,
                    }
                },
                {
                    breakpoint:1200,
                    settings: {
                        item:11,
                        slideMove:1,
                    }
                },
                {
                    breakpoint:1080,
                    settings: {
                        item:14,
                        slideMove:1,
                    }
                },
                {
                    breakpoint:800,
                    settings: {
                        item:12,
                        slideMove:1,
                    }
                }
            ]
        });
        $('.lSPager').css("display","none");
        $('.lSAction').css("display","block");
        $('#goToPrevSlide').on('click', function () {
            slider.goToPrevSlide();
        });
        $('#goToNextSlide').on('click', function () {
            slider.goToNextSlide();
        });
    });

</script>
<div id="header" class="bgYellow">
    <header>
        <a class="menu" href="#"><i class="fa red fa-bars fa-2x"></i></a>
        <a id="logo" class="colLeft estDynamic" href="../index.html">
            <img src="../../cdn.spesati.com/images/layout/logo-eng.png" alt="Spesati.com" />
            <h2 class="red">Grocery Delivery</h2>
        </a>
        <div class="colRight">
            <div id="controls" class="right">
                <p id="establishmentControls">
                    <span class="establishmentWarning"><i class="fa-solid fa-triangle-exclamation red" title="Stai visualizzando i prodotti disponibili in una zona diversa. Se vuoi cambiare zona, cliccan qui"></i>&nbsp;&nbsp;</span>
                    Shopping from <b><a id="establishment" href="#"></a></b> <span id="estAddress">for </span> <a href="../change-establishment.html">(<i class="fa-solid fa-pencil"></i> Change)</a> <span class="establishmentWarning">but viewing <b>Olbia</b></span>
                </p>
                <p><a href="https://www.spesati.it/vino-birra-e-alcolici/vino-spumante" class="black switch-site">Versione italiana</a></p>                
            </div>
            <div>
                <form id="search" action="https://www.spesati.com/search" method="post" class="left">
                    <fieldset>
                        <div>
                            <input type="text" name="searchBox" id="searchBox" placeholder="Search for a product"></input>
                            <input id="searchButton" type="submit" name="searchButton" class="button bgRed white left" value="Find" />
                        </div>
                    </fieldset>
                </form>
                <div class="center left">
                    <a class="button bgRed white log-in" href="../login.html">Login</a>
                    <a class="button bgRed white sign-up" href="../sign-up.html">Sign up</a>
                    <a class="button bgRed white profile" href="../profile.html">Profile</a>
                    <a class="button bgRed white log-out" href="../index.html" data-endpoint-check-cart="https://api.spesati.com/cart/check">Logout</a>
                </div>
                <div class="right user-function-icons">
                    <a class="red left account"><i class="fa fa-user fa-3x"></i></a>
                    <div id="dropdown">
                        <a class="log-in button bgRed white" href="../login.html">Login</a>
                        <a class="sign-up button bgRed white" href="../sign-up.html">Sign up</a>
                        <a class="profile button bgRed white" href="../profile.html">Profile</a>
                        <a class="log-out button bgRed white" href="../index.html">Logout</a>
                    </div>

                    <div class="cart left">
                        <i class="fa fa-sm fa-shopping-cart red" aria-hidden="true" id="shipping-cart-button"></i>
                        <p id="cartQuantity"></p>
                    </div>

                    <a class="right" href="../cart.html"><p class="black" id="cartTotal"></p></a>
                </div>
            </div>
                            <div id="previewCart">
                    <i id="goToPrevSlide" class="yellow fa fa-angle-left fa-2x" aria-hidden="true"></i>
                    <div><ul id="cartSlider"></ul></div>
                    <i id="goToNextSlide" class="yellow fa fa-angle-right fa-2x" aria-hidden="true"></i>
                </div>
                    </div>
    </header>

    <div id="shipping-cart-options" data-inited="false">
        <a href="../cart.html" class="goto-cart">checkout</a>
        <a href="#" data-endpoint-auth="https://api.spesati.com/cart/save" data-endpoint-noauth="/login" class="save-cart">save</a>
        <a href="#" data-endpoint-auth="https://api.spesati.com/cart/load" class="load-cart">load</a>
    </div>
</div>
<div id="menuCategoriesMobile" class="mobile bgRed">
    <div class="closeMenu">
        <i class="fa fa-times fa-2x white"></i>
        Close
    </div>
    <ul class="bgRed white">
        <div id="langMobile" class="right">
        <a href="https://www.spesati.it/vino-birra-e-alcolici/vino-spumante" class="white switch-site"><p>Versione italiana</p></a>    </div>
        <li><a>Categories</a>
            <ul class="bgWhite">
                <li>
                    <img src="../../cdn.spesati.com/images/menu/on-sale.png"/>
                    On sale                    <i class="fa fa-angle-down" aria-hidden="true"></i>
                    <ul class="sub-menu">
                    <li>
    <a href="../tacchino-fesa-a-fette.html">Tacchino Fesa A Fette</a>
</li><li>
    <a href="../amaro-montenegro-15lt.html">Amaro Montenegro 1,5lt</a>
</li><li>
    <a href="../carbone-di-legna-sacco-10kg.html">Carbone Di Legna Sacco 10Kg</a>
</li><li>
    <a href="../filu-e-ferru-silvio-carta-70cl.html">Filu E Ferru Silvio Carta 70Cl</a>
</li><li>
    <a href="../braciole-suino-con-cotenna.html">Braciole Suino Con Cotenna</a>
</li><li>
    <a href="../bovino-adulto-polpa.html">Bovino Adulto Polpa</a>
</li><li>
    <a href="../vino-la-palma-cannonau-le-bombarde.html">Vino La Palma Cannonau Le Bombarde</a>
</li><li>
    <a href="../fettine-sceltissime-bovino-adulto.html">Fettine Sceltissime Bovino Adulto</a>
</li><li>
    <a href="../suino-fettine-scelte.html">Suino Fettine Scelte</a>
</li><li>
    <a href="../lavazza-caffe-qualita-rossa-2x250gr.html">Lavazza Caffé Qualità Rossa 2x250gr</a>
</li>                        <li>
                            <a class="estDynamic" href="../on-offer.html">All products on sale</a>
                        </li>
                    </ul>
                </li>
                <li>
                    <img src="../../cdn.spesati.com/images/menu/gift.png"/>
                    Gifts                    <i class="fa fa-angle-down" aria-hidden="true"></i>
                    <ul class="sub-menu">
                        <li>
    <a href="../gift-card-da-150.html">Gift Card Da 150</a>
</li><li>
    <a href="../gift-card-da-100.html">Gift Card Da 100</a>
</li><li>
    <a href="../gift-card-da-50.html">Gift Card Da 50</a>
</li><li>
    <a href="../gift-card-da-25.html">Gift Card Da 25</a>
</li>                        <li>
                            <a class="estDynamic" href="../gift.html">All products in the gifts category</a>
                        </li>
                    </ul>
                </li>
                <li>
                    <img src="../../cdn.spesati.com/images/menu/gift-card.png"/>
                    Gift card and discounts                    <i class="fa fa-angle-down" aria-hidden="true"></i>
                    <ul class="sub-menu">
                        <li>
    <a href="../gift-card-da-150.html">Gift Card Da 150</a>
</li><li>
    <a href="../gift-card-da-100.html">Gift Card Da 100</a>
</li><li>
    <a href="../gift-card-da-50.html">Gift Card Da 50</a>
</li><li>
    <a href="../gift-card-da-25.html">Gift Card Da 25</a>
</li>                    </ul>
                </li>
                <li>
                    <img src="../../cdn.spesati.com/images/menu/fuit-and-vegetables.png"/>
                    Fruit and vegetables                    <i class="fa fa-angle-down" aria-hidden="true"></i>
                    <ul class="sub-menu">
                        <li>
                            <a class="estDynamic" href="../fruit-and-vegetables/pulses-and-beans.html">Cereals and pulses and beans</a>
                        </li>
                        <li>
                            <a class="estDynamic" href="../fruit-and-vegetables/fruit.html">Fruit</a>
                        </li>
                        <li>
                            <a class="estDynamic" href="../fruit-and-vegetables/canned-fruit.html">Canned fruit</a>
                        </li>
                        <li>
                            <a class="estDynamic" href="../fruit-and-vegetables/dried-fruit.html">Dried fruit</a>
                        </li>
                        <li>
                            <a class="estDynamic" href="../fruit-and-vegetables/ready-salads.html">Ready salads</a>
                        </li>
                        <li>
                            <a class="estDynamic" href="../fruit-and-vegetables/fresh-spices.html">Fresh spices</a>
                        </li>
                        <li>
                            <a class="estDynamic" href="../fruit-and-vegetables/vegetables.html">Vegetables and soy</a>
                        </li>
                    </ul>
                </li>
                <li>
                    <img src="../../cdn.spesati.com/images/menu/fresh-products.png"/>
                    Fresh products                    <i class="fa fa-angle-down" aria-hidden="true"></i>
                    <ul class="sub-menu">
                        <li>
                            <a class="estDynamic" href="../fresh-products/margarine-and-butter.html">Butter and margarine</a>
                        </li>
                        <li>
                            <a class="estDynamic" href="../fresh-products/danone.html">Danone</a>
                        </li>
                        <li>
                            <a class="estDynamic" href="../fresh-products/dessert.html">Dessert</a>
                        </li>
                        <li>
                            <a class="estDynamic" href="../fresh-products/sweets.html">Sweets</a>
                        </li>
                        <li>
                            <a class="estDynamic" href="../fresh-products/dairy-products.html">Dairy product</a>
                        </li>
                        <li>
                            <a class="estDynamic" href="../fresh-products/bakery.html">Yeast</a>
                        </li>
                        <li>
                            <a class="estDynamic" href="../fresh-products/mascarpone.html">Mascarpone</a>
                        </li>
                        <li>
                            <a class="estDynamic" href="../fresh-products/snacks.html">Snacks</a>
                        </li>
                        <li>
                            <a class="estDynamic" href="../fresh-products/mozzarella.html">Mozzarella</a>
                        </li>
                        <li>
                            <a class="estDynamic" href="../fresh-products/pasta.html">Pasta</a>
                        </li>
                        <li>
                            <a class="estDynamic" href="../fresh-products/pesto-and-sauces.html">Pesto and sauces</a>
                        </li>
                        <li>
                            <a class="estDynamic" href="../fresh-products/ricotta-and-cheese.html">Ricotta and cheese</a>
                        </li>
                        <li>
                            <a class="estDynamic" href="../fresh-products/cured-meat.html">Cured meat</a>
                        </li>
                        <li>
                            <a class="estDynamic" href="../fresh-products/wurstel.html">Würstel</a>
                        </li>
                        <li>
                            <a class="estDynamic" href="../fresh-products/yogurt.html">Yogurt</a>
                        </li>
                    </ul>
                </li>
                <li>
                    <img src="../../cdn.spesati.com/images/menu/frozen-foods.png"/>
                    Frozen foods                    <i class="fa fa-angle-down" aria-hidden="true"></i>
                    <ul class="sub-menu">
                        <li>
                            <a class="estDynamic" href="../frozen-foods/meat.html">Meat</a>
                        </li>
                        <li>
                            <a class="estDynamic" href="../frozen-foods/ice-creams.html">Ice cream and sweet</a>
                        </li>
                        <li>
                            <a class="estDynamic" href="../frozen-foods/pasta.html">Pasta</a>
                        </li>
                        <li>
                            <a class="estDynamic" href="../frozen-foods/fish.html">Fish</a>
                        </li>
                        <li>
                            <a class="estDynamic" href="../frozen-foods/ready-meals.html">Ready meals</a>
                        </li>
                        <li>
                            <a class="estDynamic" href="../frozen-foods/pizzas.html">Pizzas</a>
                        </li>
                        <li>
                            <a class="estDynamic" href="../frozen-foods/vegetables.html">Vegetables and soy</a>
                        </li>
                    </ul>
                </li>
                <li>
                    <img src="../../cdn.spesati.com/images/menu/bread-and-pasta.png"/>
                    Bread and pasta                    <i class="fa fa-angle-down" aria-hidden="true"></i>
                    <ul class="sub-menu">
                        <li>
                            <a class="estDynamic" href="../bread-and-pasta/crackers.html">Crackers</a>
                        </li>
                        <li>
                            <a class="estDynamic" href="../bread-and-pasta/rusks.html">Rusks</a>
                        </li>
                        <li>
                            <a class="estDynamic" href="../bread-and-pasta/white-bread.html">White bread</a>
                        </li>
                        <li>
                            <a class="estDynamic" href="../bread-and-pasta/local-bread.html">Local bread</a>
                        </li>
                        <li>
                            <a class="estDynamic" href="../bread-and-pasta/soft-bread.html">Soft bread</a>
                        </li>
                        <li>
                            <a class="estDynamic" href="../bread-and-pasta/sardinian-bread.html">Sardinian bread</a>
                        </li>
                        <li>
                            <a class="estDynamic" href="../bread-and-pasta/bakery.html">Bakery</a>
                        </li>
                        <li>
                            <a class="estDynamic" href="../bread-and-pasta/pasta.html">Pasta</a>
                        </li>
                        <li>
                            <a class="estDynamic" href="../bread-and-pasta/fresh-pasta.html">Fresh pasta</a>
                        </li>
                    </ul>
                </li>
                <li>
                    <img src="../../cdn.spesati.com/images/menu/meat.png"/>
                    Meat                    <i class="fa fa-angle-down" aria-hidden="true"></i>
                    <ul class="sub-menu">
                        <li>
                            <a class="estDynamic" href="../meat/beef.html">Beef</a>
                        </li>
                        <li>
                            <a class="estDynamic" href="../meat/goat.html">Goat</a>
                        </li>
                        <li>
                            <a class="estDynamic" href="../meat/packaged-meat.html">Packaged meat</a>
                        </li>
                        <li>
                            <a class="estDynamic" href="../meat/rabbit.html">Rabbit</a>
                        </li>
                        <li>
                            <a class="estDynamic" href="../meat/horse.html">Horse</a>
                        </li>
                        <li>
                            <a class="estDynamic" href="../meat/pork.html">Pork</a>
                        </li>
                        <li>
                            <a class="estDynamic" href="../meat/lamb.html">Lamb</a>
                        </li>
                        <li>
                            <a class="estDynamic" href="../meat/poultry.html">Poultry</a>
                        </li>
                    </ul>
                </li>
                <li>
                    <img src="../../cdn.spesati.com/images/menu/fish.png"/>
                    Fish                    <i class="fa fa-angle-down" aria-hidden="true"></i>
                    <ul class="sub-menu">
                        <li>
                            <a class="estDynamic" href="../fish/fresh-water.html">Fresh water</a>
                        </li>
                        <li>
                            <a class="estDynamic" href="../fish/salt-water.html">Salt water</a>
                        </li>
                        <li>
                            <a class="estDynamic" href="../fish/mussels.html">Mussels</a>
                        </li>
                        <li>
                            <a class="estDynamic" href="../fish/dried-and-salted.html">Dried and salted</a>
                        </li>
                        <li>
                            <a class="estDynamic" href="../fish/seafood-salad.html">Seafood salad</a>
                        </li>
                        <li>
                            <a class="estDynamic" href="../fish/prepared.html">Prepared</a>
                        </li>
                        <li>
                            <a class="estDynamic" href="../fish/specialty.html">Specialty</a>
                        </li>   
                        <li>
                            <a class="estDynamic" href="../fish/tuna-and-salmon.html">Tuna and salmon</a>
                        </li>
                    </ul>
                </li>
                <li>
                    <img src="../../cdn.spesati.com/images/menu/alcohol.png"/>
                    Wine beer and spirits                    <i class="fa fa-angle-down" aria-hidden="true"></i>
                    <ul class="sub-menu">
                        <li>
                            <a class="estDynamic" href="spirits-and-liquors.html">Alcohol</a>
                        </li>
                        <li>
                            <a class="estDynamic" href="bitters.html">Bitters</a>
                        </li>
                        <li>
                            <a class="estDynamic" href="aperatif.html">Aperatifs</a>
                        </li>
                        <li>
                            <a class="estDynamic" href="beer.html">Beer</a>
                        </li>
                        <li>
                            <a class="estDynamic" href="creams.html">Creams</a>
                        </li>
                        <li>
                            <a class="estDynamic" href="spirits.html">Spirits</a>
                        </li>
                        <li>
                            <a class="estDynamic" href="liquors.html">Liquors</a>
                        </li>
                        <li>
                            <a class="estDynamic" href="white-wine.html">White wine</a>
                        </li>
                        <li>
                            <a class="estDynamic" href="prosecco-wine.html">Prosecco wine</a>
                        </li>
                        <li>
                            <a class="estDynamic" href="rose-wine.html">Rose wine</a>
                        </li>
                        <li>
                            <a class="estDynamic" href="red-wine.html">Red wine</a>
                        </li>
                        <li>
                            <a class="estDynamic" href="specialty-wine.html">Special wine</a>
                        </li>
                        <li>
                            <a class="estDynamic" href="sparkling-wine.html">Sparkling wine</a>
                        </li>
                        <li>
                            <a class="estDynamic" href="vermentino-wine.html">Vermentino wine</a>
                        </li>
                    </ul>
                </li>
                <li>
                    <img src="../../cdn.spesati.com/images/menu/water-and-drinks.png"/>
                    Water and drinks                    <i class="fa fa-angle-down" aria-hidden="true"></i>
                    <ul class="sub-menu">
                        <li>
                            <a class="estDynamic" href="../water-and-drinks/san-martino.html">San Martino</a>
                        </li>
                        <li>
                            <a class="estDynamic" href="../water-and-drinks/water.html">Water</a>
                        </li>
                        <li>
                            <a class="estDynamic" href="../water-and-drinks/alpro.html">Alpro</a>
                        </li>
                        <li>
                            <a class="estDynamic" href="../water-and-drinks/fizzy-drinks.html">Fizzy drinks</a>
                        </li>
                        <li>
                            <a class="estDynamic" href="../water-and-drinks/coca-cola.html">Coca-Cola</a>
                        </li>
                        <li>
                            <a class="estDynamic" href="../water-and-drinks/energy-drink.html">Energy drink</a>
                        </li>
                        <li>
                            <a class="estDynamic" href="../water-and-drinks/syrups.html">Syrups</a>
                        </li>
                        <li>
                            <a class="estDynamic" href="../water-and-drinks/supplements.html">Supplements</a>
                        </li>
                        <li>
                            <a class="estDynamic" href="../water-and-drinks/instant-drinks.html">Instant drinks</a>
                        </li>
                        <li>
                            <a class="estDynamic" href="../water-and-drinks/juice.html">Juice</a>
                        </li>
                        <li>
                            <a class="estDynamic" href="../water-and-drinks/tea.html">Tea</a>
                        </li>
                    </ul>
                </li>
                <li>
                    <img src="../../cdn.spesati.com/images/menu/sweets.png"/>
                    Sweets                    <i class="fa fa-angle-down" aria-hidden="true"></i>
                    <ul class="sub-menu">
                        <li>
                            <a class="estDynamic" href="../sweets/bars-and-snacks.html">Bars and snacks</a>
                        </li>
                        <li>
                            <a class="estDynamic" href="../sweets/biscuits.html">Biscuits</a>
                        </li>
                        <li>
                            <a class="estDynamic" href="../sweets/brioches.html">Brioches</a>
                        </li>
                        <li>
                            <a class="estDynamic" href="../sweets/candy-and-chewing-gum.html">Candy and chewing gum</a>
                        </li>
                        <li>
                            <a class="estDynamic" href="../sweets/cereals.html">Cereals</a>
                        </li>
                        <li>
                            <a class="estDynamic" href="../sweets/chocolate.html">Chocolate</a>
                        </li>
                        <li>
                            <a class="estDynamic" href="../sweets/spreadable-creams.html">Spreads</a>
                        </li>
                        <li>
                            <a class="estDynamic" href="../sweets/dessert-toppings.html">Dessert toppings</a>
                        </li>
                        <li>
                            <a class="estDynamic" href="../sweets/jam.html">Jam</a>
                        </li>
                        <li>
                            <a class="estDynamic" href="../sweets/honey.html">Honey</a>
                        </li>
                        <li>
                            <a class="estDynamic" href="../sweets/panettoni-and-pandoro.html">Panettone and pandoro</a>
                        </li>
                        <li>
                            <a class="estDynamic" href="../sweets/pastry.html">Pastry</a>
                        </li>
                        <li>
                            <a class="estDynamic" href="../sweets/instant-dessert.html">Prepared</a>
                        </li>
                        <li>
                            <a class="estDynamic" href="../sweets/cakes-and-pies.html">Cakes and pies</a>
                        </li>
                        <li>
                            <a class="estDynamic" href="../sweets/easter-eggs-and-doves.html">Easter eggs and doves</a>
                        </li>
                    </ul>
                </li>
                <li>
                    <img src="../../cdn.spesati.com/images/menu/shelf.png"/>
                    Cupboard                    <i class="fa fa-angle-down" aria-hidden="true"></i>
                    <ul class="sub-menu">
                        <li>
                            <a class="estDynamic" href="../shelf/coffee.html">Coffee</a>
                        </li>
                        <li>
                            <a class="estDynamic" href="../shelf/gift-baskets.html">Gift baskets</a>
                        </li>
                        <li>
                            <a class="estDynamic" href="../shelf/stock-cubes.html">Nuts and preparations</a>
                        </li>
                        <li>
                            <a class="estDynamic" href="../shelf/flour-and-baking.html">Flour and baking</a>
                        </li>
                        <li>
                            <a class="estDynamic" href="../shelf/milk.html">Milk</a>
                        </li>
                        <li>
                            <a class="estDynamic" href="../shelf/oil-salt-vinegar.html">Oil, vinegar and salt</a>
                        </li>
                        <li>
                            <a class="estDynamic" href="../shelf/cream-and-bechamel.html">Cream and bechamel</a>
                        </li>
                        <li>
                            <a class="estDynamic" href="../shelf/crisps-and-pretzels.html">Crisps and pretzels</a>
                        </li>
                        <li>
                            <a class="estDynamic" href="../shelf/baby-and-infants-products.html">Early childhood products</a>
                        </li>
                        <li>
                            <a class="estDynamic" href="../shelf/rice.html">Rice</a>
                        </li>
                        <li>
                            <a class="estDynamic" href="../shelf/tins-and-preserves.html">Tins and Preserves</a>
                        </li>
                        <li>
                            <a class="estDynamic" href="../shelf/spices.html">Spices</a>
                        </li>
                        <li>
                            <a class="estDynamic" href="../shelf/sauces.html">Sauces</a>
                        </li>
                        <li>
                            <a class="estDynamic" href="../shelf/tea-and-infusions.html">Tea and infusions</a>
                        </li>
                        <li>
                            <a class="estDynamic" href="../shelf/eggs.html">Eggs</a>
                        </li>
                        <li>
                            <a class="estDynamic" href="../shelf/sugar-and-sweeteners.html">Sugar and sweeteners</a>
                        </li>
                    </ul>
                </li>
                <li>
                    <img src="../../cdn.spesati.com/images/menu/personal-care.png"/>
                    Personal care                    <i class="fa fa-angle-down" aria-hidden="true"></i>
                    <ul class="sub-menu">
                        <li>
                            <a class="estDynamic" href="../personal-care/accessories-and-cotton.html">Accessories and cotton</a>
                        </li>
                        <li>
                            <a class="estDynamic" href="../personal-care/feminine-care-incontinence-and-baby-diapers.html">Feminine incontinence and diapers</a>
                        </li>
                        <li>
                            <a class="estDynamic" href="../personal-care/shower-gel.html">Shower gel</a>
                        </li>
                        <li>
                            <a class="estDynamic" href="../personal-care/creams.html">Creams</a>
                        </li>
                        <li>
                            <a class="estDynamic" href="../personal-care/deodorant.html">Deodorant</a>
                        </li>
                        <li>
                            <a class="estDynamic" href="../personal-care/hair-removal.html">Hair removal</a>
                        </li>
                        <li>
                            <a class="estDynamic" href="../personal-care/disinfectants.html">Disinfectants</a>
                        </li>
                        <li>
                            <a class="estDynamic" href="../personal-care/oral-hygiene.html">Oral hygiene</a>
                        </li>
                        <li>
                            <a class="estDynamic" href="../personal-care/supplements-and-multivitamins.html">Supplements and multivitamins</a>
                        </li>
                        <li>
                            <a class="estDynamic" href="../personal-care/first-aid.html">First aid label</a>
                        </li>
                        <li>
                            <a class="estDynamic" href="../personal-care/beard-products.html">Beard products</a>
                        </li>
                        <li>
                            <a class="estDynamic" href="../personal-care/hairs-products.html">Hair products</a>
                        </li>
                        <li>
                            <a class="estDynamic" href="../personal-care/perfume.html">Perfumes</a>
                        </li>
                        <li>
                            <a class="estDynamic" href="../personal-care/wipes.html">Wipes</a>
                        </li>
                        <li>
                            <a class="estDynamic" href="../personal-care/soaps-and-body-wash.html">Soaps and body wash</a>
                        </li>
                        <li>
                            <a class="estDynamic" href="../personal-care/shampoo-and-conditioner.html">Shampoo and conditioner</a>
                        </li>
                    </ul>
                </li>
                <li>
                    <img src="../../cdn.spesati.com/images/menu/pellet-and-home.png"/>
                    Home and outdoors                    <i class="fa fa-angle-down" aria-hidden="true"></i>
                    <ul class="sub-menu">
                        <li>
                            <a class="estDynamic" href="../household-and-outdoors/distilled-water.html">Distilled water</a>
                        </li>
                        <li>
                            <a class="estDynamic" href="../household-and-outdoors/car-products.html">Cars</a>
                        </li>
                        <li>
                            <a class="estDynamic" href="../household-and-outdoors/bin-bags-and-buckets.html">Bin bags and buckets</a>
                        </li>
                        <li>
                            <a class="estDynamic" href="../household-and-outdoors/bleach-and-stain-removers.html">Bleach and stain removers</a>
                        </li>
                        <li>
                            <a class="estDynamic" href="../household-and-outdoors/candles.html">Candles</a>
                        </li>
                        <li>
                            <a class="estDynamic" href="../household-and-outdoors/kitchen-roll.html">Kitchen roll</a>
                        </li>
                        <li>
                            <a class="estDynamic" href="../household-and-outdoors/air-fresheners.html">Air fresheners</a>
                        </li>
                        <li>
                            <a class="estDynamic" href="../household-and-outdoors/laundry-accessories-and-detergent.html">Laundry detergent</a>
                        </li>
                        <li>
                            <a class="estDynamic" href="../household-and-outdoors/dishwasher-and-washing-up.html">Dishwasher and washing up</a>
                        </li>
                        <li>
                            <a class="estDynamic" href="../household-and-outdoors/gardening.html">Gardening</a>
                        </li>
                        <li>
                            <a class="estDynamic" href="../household-and-outdoors/light-bulbs-and-batteries.html">Lightbulbs and batteries</a>
                        </li>
                        <li>
                            <a class="estDynamic" href="../household-and-outdoors/pellet-and-bbq.html">Pellet and BBQ</a>
                        </li>
                        <li>
                            <a class="estDynamic" href="../household-and-outdoors/bathroom-products.html">Bathroom products</a>
                        </li>
                        <li>
                            <a class="estDynamic" href="../household-and-outdoors/home-and-furniture-products.html">Home and furniture products</a>
                        </li>
                        <li>
                            <a class="estDynamic" href="../household-and-outdoors/kitchen-products.html">Kitchen products</a>
                        </li>
                        <li>
                            <a class="estDynamic" href="../household-and-outdoors/window-and-floor-cleaners.html">Window and floor cleaner</a>
                        </li>
                        <li>
                            <a class="estDynamic" href="../household-and-outdoors/repellents.html">Repellents</a>
                        </li>
                        <li>
                            <a class="estDynamic" href="../household-and-outdoors/disposable-tableware.html">Disposable tableware</a>
                        </li>
                    </ul>
                </li>
                <li>
                    <img src="../../cdn.spesati.com/images/menu/animals.png"/>
                    Pets                    <i class="fa fa-angle-down" aria-hidden="true"></i>
                    <ul class="sub-menu">
                        <li>
                            <a class="estDynamic" href="../pets/pet-food-other-animals.html">Other animals pet food</a>
                        </li>
                        <li>
                            <a class="estDynamic" href="../pets/pet-food-dogs.html">Pet food dogs</a>
                        </li>
                        <li>
                            <a class="estDynamic" href="../pets/pet-food-cats.html">Pet food cats</a>
                        </li>
                        <li>
                            <a class="estDynamic" href="../pets/hygiene-and-cleaning.html">Hygiene and cleaning</a>
                        </li>
                    </ul>
                </li>
                <li>
                    <img src="../../cdn.spesati.com/images/menu/technology.png"/>
                    Technology                    <i class="fa fa-angle-down" aria-hidden="true"></i>
                    <ul class="sub-menu">
                        <li>
                            <a class="estDynamic" href="../technology/accessories.html">Accessories</a>
                        </li>
                        <li>
                            <a class="estDynamic" href="../technology/computer.html">Computer</a>
                        </li>
                        <li>
                            <a class="estDynamic" href="../technology/telephones.html">Telephones</a>
                        </li>
                        <li>
                            <a class="estDynamic" href="../technology/tv.html">TV</a>
                        </li>
                    </ul>
                </li>
                <li>
                    <img src="../../cdn.spesati.com/images/menu/gluten-free.png"/>
                    Gluten free                    <i class="fa fa-angle-down" aria-hidden="true"></i>
                    <ul class="sub-menu">
                        <li>
                            <a class="estDynamic" href="../gluten-free/frozen-foods.html">Frozen foods</a>
                        </li>
                        <li>
                            <a class="estDynamic" href="../gluten-free/beer.html">Beer</a>
                        </li>
                        <li>
                            <a class="estDynamic" href="../gluten-free/sweets.html">Sweets</a>
                        </li>
                        <li>
                            <a class="estDynamic" href="../gluten-free/bread-and-pasta.html">Bread and pasta</a>
                        </li>
                        <li>
                            <a class="estDynamic" href="../gluten-free/shelf.html">Cupboard</a>
                        </li>
                    </ul>
                </li>
                <li>
                    <img src="../../cdn.spesati.com/images/menu/lactose-free.png"/>
                    Lactose free                    <i class="fa fa-angle-down" aria-hidden="true"></i>
                    <ul class="sub-menu">
                        <li>
                            <a class="estDynamic" href="../lactose-free/frozen-foods.html">Frozen foods</a>
                        </li>
                        <li>
                            <a class="estDynamic" href="../lactose-free/sweets.html">Sweets</a>
                        </li>
                        <li>
                            <a class="estDynamic" href="../lactose-free/dairy-product.html">Dairy product</a>
                        </li>
                        <li>
                            <a class="estDynamic" href="../lactose-free/shelf.html">Cupboard</a>
                        </li>
                    </ul>
                </li>
                <li>
                    <img src="../../cdn.spesati.com/images/menu/special.png"/>
                    Special                    <i class="fa fa-angle-down" aria-hidden="true"></i>
                    <ul class="sub-menu">
                        <li>
                            <a class="estDynamic" href="../special/alpro.html">Alpro</a>
                        </li>
                        <li>
                            <a class="estDynamic" href="../special/organic.html">Biological</a>
                        </li>
                        <li>
                            <a class="estDynamic" href="../special/meat.html">Meat</a>
                        </li>
                        <li>
                            <a class="estDynamic" href="../special/wholegrain.html">Wholegrain</a>
                        </li>
                        <li>
                            <a class="estDynamic" href="../special/bread-and-pasta.html">Bread and pasta</a>
                        </li>
                        <li>
                            <a class="estDynamic" href="../special/vegan.html">Vegan</a>
                        </li>
                    </ul>
                </li>
                <li>
                    <img src="../../cdn.spesati.com/images/menu/sardinian-products.png"/>
                    Sardinian products                    <i class="fa fa-angle-down" aria-hidden="true"></i>
                    <ul class="sub-menu">
                        <li>
                            <a class="estDynamic" href="../sardinian-products/drinks.html">Drinks</a>
                        </li>
                        <li>
                            <a class="estDynamic" href="../sardinian-products/meat.html">Meat</a>
                        </li>
                        <li>
                            <a class="estDynamic" href="../sardinian-products/sweets.html">Sweets</a>
                        </li>
                        <li>
                            <a class="estDynamic" href="../sardinian-products/fruit-and-vegetables.html">Fruit and vegetables</a>
                        </li>
                        <li>
                            <a class="estDynamic" href="../sardinian-products/ichnusa.html">Ichnusa</a>
                        </li>
                        <li>
                            <a class="estDynamic" href="../sardinian-products/dairy-product.html">Dairy product</a>
                        </li>
                        <li>
                            <a class="estDynamic" href="../sardinian-products/bread-and-pasta.html">Bread and pasta</a>
                        </li>
                        <li>
                            <a class="estDynamic" href="../sardinian-products/fish.html">Fish</a>
                        </li>
                        <li>
                            <a class="estDynamic" href="../sardinian-products/cured-meat.html">Cured meat</a>
                        </li>
                        <li>
                            <a class="estDynamic" href="../sardinian-products/shelf.html">Cupboard</a>
                        </li>
                        <li>
                            <a class="estDynamic" href="../sardinian-products/vermentino-wine.html">Vermentino wine</a>
                        </li>
                        <li>
                            <a class="estDynamic" href="../sardinian-products/wine-beer-and-spirits.html">Wine beer and spirits</a>
                        </li>
                    </ul>
                </li>
            </ul>
        </li>
        <li>
            <a href="../about.html">About</a>
        </li>
        <li>
            <a href="../faq.html">Faq</a>
        </li>
        <li>
            <a href="../customer-care.html">Support</a>
        </li>
        <li>
            <a href="../news.html">Blog</a>
        </li>
        <li>
            <a href="../terms-and-conditions.html">Conditions</a>
        </li>
        <li>
            <a href="../privacy-policy.html">Privacy policy</a>
        </li>
        <li>
            <a href="../login.html">Login</a>
        </li>
        <li>
             <a href="../sign-up.html">Sign up</a>
        </li>
    </ul>
</div><section class="first">
    <div id="menuCategories" class="colLeft">
    <ul id="main_nav" >
        <li>
            <a class="estDynamic" href="../on-offer.html">
               <img src="../../cdn.spesati.com/images/menu/on-sale.png"/>
               On sale            </a>
            <i class="fa fa-angle-right" aria-hidden="true"></i>
            <ul class="sub-menu">
                <li>
    <a href="../tacchino-fesa-a-fette.html" class="estDynamic">Tacchino Fesa A Fette</a>
</li><li>
    <a href="../amaro-montenegro-15lt.html" class="estDynamic">Amaro Montenegro 1,5lt</a>
</li><li>
    <a href="../carbone-di-legna-sacco-10kg.html" class="estDynamic">Carbone Di Legna Sacco 10Kg</a>
</li><li>
    <a href="../filu-e-ferru-silvio-carta-70cl.html" class="estDynamic">Filu E Ferru Silvio Carta 70Cl</a>
</li><li>
    <a href="../braciole-suino-con-cotenna.html" class="estDynamic">Braciole Suino Con Cotenna</a>
</li><li>
    <a href="../bovino-adulto-polpa.html" class="estDynamic">Bovino Adulto Polpa</a>
</li><li>
    <a href="../vino-la-palma-cannonau-le-bombarde.html" class="estDynamic">Vino La Palma Cannonau Le Bombarde</a>
</li><li>
    <a href="../fettine-sceltissime-bovino-adulto.html" class="estDynamic">Fettine Sceltissime Bovino Adulto</a>
</li><li>
    <a href="../suino-fettine-scelte.html" class="estDynamic">Suino Fettine Scelte</a>
</li><li>
    <a href="../lavazza-caffe-qualita-rossa-2x250gr.html" class="estDynamic">Lavazza Caffé Qualità Rossa 2x250gr</a>
</li>                <li>
                    <a class="estDynamic" href="../on-offer.html">All products on sale</a>
                </li>
            </ul>
        </li>
        <li>
            <a class="estDynamic" href="../gift.html">
               <img src="../../cdn.spesati.com/images/menu/gift.png"/>
               Gifts            </a>
            <i class="fa fa-angle-right" aria-hidden="true"></i>
            <ul class="sub-menu">
                <li>
    <a href="../gift-card-da-150.html" class="estDynamic">Gift Card Da 150</a>
</li><li>
    <a href="../gift-card-da-100.html" class="estDynamic">Gift Card Da 100</a>
</li><li>
    <a href="../gift-card-da-50.html" class="estDynamic">Gift Card Da 50</a>
</li><li>
    <a href="../gift-card-da-25.html" class="estDynamic">Gift Card Da 25</a>
</li>                <li>
                    <a class="estDynamic" href="../gift.html">All products in the gifts category</a>
                </li>
            </ul>
        </li>
        <li>
            <a class="estDynamic" href="../gift-card.html">
               <img src="../../cdn.spesati.com/images/menu/gift-card.png"/>
               Gift card and discounts            </a>
            <i class="fa fa-angle-right" aria-hidden="true"></i>
            <ul class="sub-menu">
                <li>
    <a href="../gift-card-da-150.html">Gift Card Da 150</a>
</li><li>
    <a href="../gift-card-da-100.html">Gift Card Da 100</a>
</li><li>
    <a href="../gift-card-da-50.html">Gift Card Da 50</a>
</li><li>
    <a href="../gift-card-da-25.html">Gift Card Da 25</a>
</li>            </ul>
        </li>
        <li>
            <a class="estDynamic" href="../fruit-and-vegetables.html">
               <img src="../../cdn.spesati.com/images/menu/fuit-and-vegetables.png"/>
               Fruit and vegetables           </a>
            <i class="fa fa-angle-right" aria-hidden="true"></i>
            <ul class="sub-menu">
                <li>
                    <a class="estDynamic" href="../fruit-and-vegetables/pulses-and-beans.html">Cereals and pulses and beans</a>
                </li>
                <li>
                    <a class="estDynamic" href="../fruit-and-vegetables/fruit.html">Fruit</a>
                </li>
                <li>
                    <a class="estDynamic" href="../fruit-and-vegetables/canned-fruit.html">Canned fruit</a>
                </li>
                <li>
                    <a class="estDynamic" href="../fruit-and-vegetables/dried-fruit.html">Dried fruit</a>
                </li>
                <li>
                    <a class="estDynamic" href="../fruit-and-vegetables/ready-salads.html">Ready salads</a>
                </li>
                <li>
                    <a class="estDynamic" href="../fruit-and-vegetables/fresh-spices.html">Fresh spices</a>
                </li>
                <li>
                    <a class="estDynamic" href="../fruit-and-vegetables/vegetables.html">Vegetables and soy</a>
                </li>
            </ul>
        </li>
        <li>
            <a class="estDynamic" href="../fresh-products.html">
                <img src="../../cdn.spesati.com/images/menu/fresh-products.png"/>
                Fresh products            </a>
            <i class="fa fa-angle-right" aria-hidden="true"></i>
            <ul class="sub-menu">
                <li>
                    <a class="estDynamic" href="../fresh-products/margarine-and-butter.html">Butter and margarine</a>
                </li>
                <li>
                    <a class="estDynamic" href="../fresh-products/danone.html">Danone</a>
                </li>
                <li>
                    <a class="estDynamic" href="../fresh-products/dessert.html">Dessert</a>
                </li>
                <li>
                    <a class="estDynamic" href="../fresh-products/sweets.html">Sweets</a>
                </li>
                <li>
                    <a class="estDynamic" href="../fresh-products/dairy-products.html">Dairy product</a>
                </li>
                <li>
                    <a class="estDynamic" href="../fresh-products/bakery.html">Yeast</a>
                </li>
                <li>
                    <a class="estDynamic" href="../fresh-products/mascarpone.html">Mascarpone</a>
                </li>
                <li>
                    <a class="estDynamic" href="../fresh-products/snacks.html">Snacks</a>
                </li>
                <li>
                    <a class="estDynamic" href="../fresh-products/mozzarella.html">Mozzarella</a>
                </li>
                <li>
                    <a class="estDynamic" href="../fresh-products/pasta.html">Pasta</a>
                </li>
                <li>
                    <a class="estDynamic" href="../fresh-products/pesto-and-sauces.html">Pesto and sauces</a>
                </li>
                <li>
                    <a class="estDynamic" href="../fresh-products/ricotta-and-cheese.html">Ricotta and cheese</a>
                </li>
                <li>
                    <a class="estDynamic" href="../fresh-products/cured-meat.html">Cured meat</a>
                </li>
                <li>
                    <a class="estDynamic" href="../fresh-products/wurstel.html">Würstel</a>
                </li>
                <li>
                    <a class="estDynamic" href="../fresh-products/yogurt.html">Yogurt</a>
                </li>
            </ul>
        </li>
        <li>
            <a class="estDynamic" href="../frozen-foods.html">
                <img src="../../cdn.spesati.com/images/menu/frozen-foods.png"/>
                Frozen foods            </a>
            <i class="fa fa-angle-right" aria-hidden="true"></i>
            <ul class="sub-menu">
                <li>
                    <a class="estDynamic" href="../frozen-foods/meat.html">Meat</a>
                </li>
                <li>
                    <a class="estDynamic" href="../frozen-foods/ice-creams.html">Ice cream and sweet</a>
                </li>
                <li>
                    <a class="estDynamic" href="../frozen-foods/pasta.html">Pasta</a>
                </li>
                <li>
                    <a class="estDynamic" href="../frozen-foods/fish.html">Fish</a>
                </li>
                <li>
                    <a class="estDynamic" href="../frozen-foods/ready-meals.html">Ready meals</a>
                </li>
                <li>
                    <a class="estDynamic" href="../frozen-foods/pizzas.html">Pizzas</a>
                </li>
                <li>
                    <a class="estDynamic" href="../frozen-foods/vegetables.html">Vegetables and soy</a>
                </li>
            </ul>
        </li>
        <li>
            <a class="estDynamic" href="../bread-and-pasta.html">
                <img src="../../cdn.spesati.com/images/menu/bread-and-pasta.png"/>
                Bread and pasta            </a>
            <i class="fa fa-angle-right" aria-hidden="true"></i>
            <ul class="sub-menu">
                <li>
                    <a class="estDynamic" href="../bread-and-pasta/crackers.html">Crackers</a>
                </li>
                <li>
                    <a class="estDynamic" href="../bread-and-pasta/rusks.html">Rusks</a>
                </li>
                <li>
                    <a class="estDynamic" href="../bread-and-pasta/white-bread.html">White bread</a>
                </li>
                <li>
                    <a class="estDynamic" href="../bread-and-pasta/local-bread.html">Local bread</a>
                </li>
                <li>
                    <a class="estDynamic" href="../bread-and-pasta/soft-bread.html">Soft bread</a>
                </li>
                <li>
                    <a class="estDynamic" href="../bread-and-pasta/sardinian-bread.html">Sardinian bread</a>
                </li>
                <li>
                    <a class="estDynamic" href="../bread-and-pasta/bakery.html">Bakery</a>
                </li>
                <li>
                    <a class="estDynamic" href="../bread-and-pasta/pasta.html">Pasta</a>
                </li>
                <li>
                    <a class="estDynamic" href="../bread-and-pasta/fresh-pasta.html">Fresh pasta</a>
                </li>
            </ul>
        </li>
        <li>
            <a class="estDynamic" href="../meat.html">
                <img src="../../cdn.spesati.com/images/menu/meat.png"/>
                Meat            </a>
            <i class="fa fa-angle-right" aria-hidden="true"></i>
            <ul class="sub-menu">
                <li>
                    <a class="estDynamic" href="../meat/beef.html">Beef</a>
                </li>
                <li>
                    <a class="estDynamic" href="../meat/goat.html">Goat</a>
                </li>
                <li>
                    <a class="estDynamic" href="../meat/packaged-meat.html">Packaged meat</a>
                </li>
                <li>
                    <a class="estDynamic" href="../meat/rabbit.html">Rabbit</a>
                </li>
                <li>
                    <a class="estDynamic" href="../meat/horse.html">Horse</a>
                </li>
                <li>
                    <a class="estDynamic" href="../meat/pork.html">Pork</a>
                </li>
                <li>
                    <a class="estDynamic" href="../meat/lamb.html">Lamb</a>
                </li>
                <li>
                    <a class="estDynamic" href="../meat/poultry.html">Poultry</a>
                </li>
            </ul>
        </li>
        <li>
            <a class="estDynamic" href="../fish.html">
                <img src="../../cdn.spesati.com/images/menu/fish.png"/>
                Fish            </a>
            <i class="fa fa-angle-right" aria-hidden="true"></i>
            <ul class="sub-menu">
                <li>
                    <a class="estDynamic" href="../fish/fresh-water.html">Fresh water</a>
                </li>
                <li>
                    <a class="estDynamic" href="../fish/salt-water.html">Salt water</a>
                </li>
                <li>
                    <a class="estDynamic" href="../fish/mussels.html">Mussels</a>
                </li>
                <li>
                    <a class="estDynamic" href="../fish/dried-and-salted.html">Dried and salted</a>
                </li>
                <li>
                    <a class="estDynamic" href="../fish/seafood-salad.html">Seafood salad</a>
                </li>
                <li>
                    <a class="estDynamic" href="../fish/prepared.html">Prepared</a>
                </li>
                <li>
                    <a class="estDynamic" href="../fish/specialty.html">Specialty</a>
                </li>   
                <li>
                    <a class="estDynamic" href="../fish/tuna-and-salmon.html">Tuna and salmon</a>
                </li>
            </ul>
        </li>
        <li>
            <a class="estDynamic" href="../wine-beer-and-spirits.html">
                <img src="../../cdn.spesati.com/images/menu/alcohol.png"/>
                Wine beer and spirits            </a>
            <i class="fa fa-angle-right" aria-hidden="true"></i>
            <ul class="sub-menu">
                <li>
                    <a class="estDynamic" href="spirits-and-liquors.html">Alcohol</a>
                </li>
                <li>
                    <a class="estDynamic" href="bitters.html">Bitters</a>
                </li>
                <li>
                    <a class="estDynamic" href="aperatif.html">Aperatifs</a>
                </li>
                <li>
                    <a class="estDynamic" href="beer.html">Beer</a>
                </li>
                <li>
                    <a class="estDynamic" href="creams.html">Creams</a>
                </li>
                <li>
                    <a class="estDynamic" href="spirits.html">Spirits</a>
                </li>
                <li>
                    <a class="estDynamic" href="liquors.html">Liquors</a>
                </li>
                <li>
                    <a class="estDynamic" href="white-wine.html">White wine</a>
                </li>
                <li>
                    <a class="estDynamic" href="prosecco-wine.html">Prosecco wine</a>
                </li>
                <li>
                    <a class="estDynamic" href="rose-wine.html">Rose wine</a>
                </li>
                <li>
                    <a class="estDynamic" href="red-wine.html">Red wine</a>
                </li>
                <li>
                    <a class="estDynamic" href="specialty-wine.html">Special wine</a>
                </li>
                <li>
                    <a class="estDynamic" href="sparkling-wine.html">Sparkling wine</a>
                </li>
                <li>
                    <a class="estDynamic" href="vermentino-wine.html">Vermentino wine</a>
                </li>
            </ul>
        </li>
        <li>
            <a class="estDynamic" href="../water-and-drinks.html">
                <img src="../../cdn.spesati.com/images/menu/water-and-drinks.png"/>
                Water and drinks            </a>
            <i class="fa fa-angle-right" aria-hidden="true"></i>
            <ul class="sub-menu">
                <li>
                    <a class="estDynamic" href="../water-and-drinks/san-martino.html">San Martino</a>
                </li>
                <li>
                    <a class="estDynamic" href="../water-and-drinks/water.html">Water</a>
                </li>
                <li>
                    <a class="estDynamic" href="../water-and-drinks/alpro.html">Alpro</a>
                </li>
                <li>
                    <a class="estDynamic" href="../water-and-drinks/fizzy-drinks.html">Fizzy drinks</a>
                </li>
                <li>
                    <a class="estDynamic" href="../water-and-drinks/coca-cola.html">Coca-Cola</a>
                </li>
                <li>
                    <a class="estDynamic" href="../water-and-drinks/energy-drink.html">Energy drink</a>
                </li>
                <li>
                    <a class="estDynamic" href="../water-and-drinks/syrups.html">Syrups</a>
                </li>
                <li>
                    <a class="estDynamic" href="../water-and-drinks/supplements.html">Supplements</a>
                </li>
                <li>
                    <a class="estDynamic" href="../water-and-drinks/instant-drinks.html">Instant drinks</a>
                </li>
                <li>
                    <a class="estDynamic" href="../water-and-drinks/juice.html">Juice</a>
                </li>
                <li>
                    <a class="estDynamic" href="../water-and-drinks/tea.html">Tea</a>
                </li>
            </ul>
        </li>
        <li>
            <a class="estDynamic" href="../sweets.html">
                <img src="../../cdn.spesati.com/images/menu/sweets.png"/>
                Sweets            </a>
            <i class="fa fa-angle-right" aria-hidden="true"></i>
            <ul class="sub-menu">
                <li>
                    <a class="estDynamic" href="../sweets/bars-and-snacks.html">Bars and snacks</a>
                </li>
                <li>
                    <a class="estDynamic" href="../sweets/biscuits.html">Biscuits</a>
                </li>
                <li>
                    <a class="estDynamic" href="../sweets/brioches.html">Brioches</a>
                </li>
                <li>
                    <a class="estDynamic" href="../sweets/candy-and-chewing-gum.html">Candy and chewing gum</a>
                </li>
                <li>
                    <a class="estDynamic" href="../sweets/cereals.html">Cereals</a>
                </li>
                <li>
                    <a class="estDynamic" href="../sweets/chocolate.html">Chocolate</a>
                </li>
                <li>
                    <a class="estDynamic" href="../sweets/spreadable-creams.html">Spreads</a>
                </li>
                <li>
                    <a class="estDynamic" href="../sweets/dessert-toppings.html">Dessert toppings</a>
                </li>
                <li>
                    <a class="estDynamic" href="../sweets/jam.html">Jam</a>
                </li>
                <li>
                    <a class="estDynamic" href="../sweets/honey.html">Honey</a>
                </li>
                <li>
                    <a class="estDynamic" href="../sweets/panettoni-and-pandoro.html">Panettone and pandoro</a>
                </li>
                <li>
                    <a class="estDynamic" href="../sweets/pastry.html">Pastry</a>
                </li>
                <li>
                    <a class="estDynamic" href="../sweets/instant-dessert.html">Prepared</a>
                </li>
                <li>
                    <a class="estDynamic" href="../sweets/cakes-and-pies.html">Cakes and pies</a>
                </li>
                <li>
                    <a class="estDynamic" href="../sweets/easter-eggs-and-doves.html">Easter eggs and doves</a>
                </li>
            </ul>
        </li>
        <li>
            <a class="estDynamic" href="../shelf.html">
                <img src="../../cdn.spesati.com/images/menu/shelf.png"/>
                Cupboard            </a>
            <i class="fa fa-angle-right" aria-hidden="true"></i>
            <ul class="sub-menu">
                <li>
                    <a class="estDynamic" href="../shelf/coffee.html">Coffee</a>
                </li>
                <li>
                    <a class="estDynamic" href="../shelf/gift-baskets.html">Gift baskets</a>
                </li>
                <li>
                    <a class="estDynamic" href="../shelf/stock-cubes.html">Nuts and preparations</a>
                </li>
                <li>
                    <a class="estDynamic" href="../shelf/flour-and-baking.html">Flour and baking</a>
                </li>
                <li>
                    <a class="estDynamic" href="../shelf/milk.html">Milk</a>
                </li>
                <li>
                    <a class="estDynamic" href="../shelf/oil-salt-vinegar.html">Oil, vinegar and salt</a>
                </li>
                <li>
                    <a class="estDynamic" href="../shelf/cream-and-bechamel.html">Cream and bechamel</a>
                </li>
                <li>
                    <a class="estDynamic" href="../shelf/crisps-and-pretzels.html">Crisps and pretzels</a>
                </li>
                <li>
                    <a class="estDynamic" href="../shelf/baby-and-infants-products.html">Early childhood products</a>
                </li>
                <li>
                    <a class="estDynamic" href="../shelf/rice.html">Rice</a>
                </li>
                <li>
                    <a class="estDynamic" href="../shelf/tins-and-preserves.html">Tins and Preserves</a>
                </li>
                <li>
                    <a class="estDynamic" href="../shelf/spices.html">Spices</a>
                </li>
                <li>
                    <a class="estDynamic" href="../shelf/sauces.html">Sauces</a>
                </li>
                <li>
                    <a class="estDynamic" href="../shelf/tea-and-infusions.html">Tea and infusions</a>
                </li>
                <li>
                    <a class="estDynamic" href="../shelf/eggs.html">Eggs</a>
                </li>
                <li>
                    <a class="estDynamic" href="../shelf/sugar-and-sweeteners.html">Sugar and sweeteners</a>
                </li>
            </ul>
        </li>
        <li>
            <a class="estDynamic" href="../personal-care.html">
                <img src="../../cdn.spesati.com/images/menu/personal-care.png"/>
                Personal care            </a>
            <i class="fa fa-angle-right" aria-hidden="true"></i>
            <ul class="sub-menu">
                <li>
                    <a class="estDynamic" href="../personal-care/accessories-and-cotton.html">Accessories and cotton</a>
                </li>
                <li>
                    <a class="estDynamic" href="../personal-care/feminine-care-incontinence-and-baby-diapers.html">Feminine incontinence and diapers</a>
                </li>
                <li>
                    <a class="estDynamic" href="../personal-care/shower-gel.html">Shower gel</a>
                </li>
                <li>
                    <a class="estDynamic" href="../personal-care/creams.html">Creams</a>
                </li>
                <li>
                    <a class="estDynamic" href="../personal-care/deodorant.html">Deodorant</a>
                </li>
                <li>
                    <a class="estDynamic" href="../personal-care/hair-removal.html">Hair removal</a>
                </li>
                <li>
                    <a class="estDynamic" href="../personal-care/disinfectants.html">Disinfectants</a>
                </li>
                <li>
                    <a class="estDynamic" href="../personal-care/oral-hygiene.html">Oral hygiene</a>
                </li>
                <li>
                    <a class="estDynamic" href="../personal-care/supplements-and-multivitamins.html">Supplements and multivitamins</a>
                </li>
                <li>
                    <a class="estDynamic" href="../personal-care/first-aid.html">First aid label</a>
                </li>
                <li>
                    <a class="estDynamic" href="../personal-care/beard-products.html">Beard products</a>
                </li>
                <li>
                    <a class="estDynamic" href="../personal-care/hairs-products.html">Hair products</a>
                </li>
                <li>
                    <a class="estDynamic" href="../personal-care/perfume.html">Perfumes</a>
                </li>
                <li>
                    <a class="estDynamic" href="../personal-care/wipes.html">Wipes</a>
                </li>
                <li>
                    <a class="estDynamic" href="../personal-care/soaps-and-body-wash.html">Soaps and body wash</a>
                </li>
                <li>
                    <a class="estDynamic" href="../personal-care/shampoo-and-conditioner.html">Shampoo and conditioner</a>
                </li>
            </ul>
        </li>
        <li>
            <a class="estDynamic" href="../household-and-outdoors.html">
                <img src="../../cdn.spesati.com/images/menu/pellet-and-home.png"/>
                Home and outdoors 
            </a>
            <i class="fa fa-angle-right" aria-hidden="true"></i>
            <ul class="sub-menu">
                <li>
                    <a class="estDynamic" href="../household-and-outdoors/distilled-water.html">Distilled water</a>
                </li>
                <li>
                    <a class="estDynamic" href="../household-and-outdoors/car-products.html">Cars</a>
                </li>
                <li>
                    <a class="estDynamic" href="../household-and-outdoors/bin-bags-and-buckets.html">Bin bags and buckets</a>
                </li>
                <li>
                    <a class="estDynamic" href="../household-and-outdoors/bleach-and-stain-removers.html">Bleach and stain removers</a>
                </li>
                <li>
                    <a class="estDynamic" href="../household-and-outdoors/candles.html">Candles</a>
                </li>
                <li>
                    <a class="estDynamic" href="../household-and-outdoors/kitchen-roll.html">Kitchen roll</a>
                </li>
                <li>
                    <a class="estDynamic" href="../household-and-outdoors/air-fresheners.html">Air fresheners</a>
                </li>
                <li>
                    <a class="estDynamic" href="../household-and-outdoors/laundry-accessories-and-detergent.html">Laundry detergent</a>
                </li>
                <li>
                    <a class="estDynamic" href="../household-and-outdoors/dishwasher-and-washing-up.html">Dishwasher and washing up</a>
                </li>
                <li>
                    <a class="estDynamic" href="../household-and-outdoors/gardening.html">Gardening</a>
                </li>
                <li>
                    <a class="estDynamic" href="../household-and-outdoors/light-bulbs-and-batteries.html">Lightbulbs and batteries</a>
                </li>
                <li>
                    <a class="estDynamic" href="../household-and-outdoors/pellet-and-bbq.html">Pellet and BBQ</a>
                </li>
                <li>
                    <a class="estDynamic" href="../household-and-outdoors/bathroom-products.html">Bathroom products</a>
                </li>
                <li>
                    <a class="estDynamic" href="../household-and-outdoors/home-and-furniture-products.html">Home and furniture products</a>
                </li>
                <li>
                    <a class="estDynamic" href="../household-and-outdoors/kitchen-products.html">Kitchen products</a>
                </li>
                <li>
                    <a class="estDynamic" href="../household-and-outdoors/window-and-floor-cleaners.html">Window and floor cleaner</a>
                </li>
                <li>
                    <a class="estDynamic" href="../household-and-outdoors/repellents.html">Repellents</a>
                </li>
                <li>
                    <a class="estDynamic" href="../household-and-outdoors/disposable-tableware.html">Disposable tableware</a>
                </li>
            </ul>
        </li>
        <li>
            <a class="estDynamic" href="../pet.html">
                <img src="../../cdn.spesati.com/images/menu/animals.png"/>
                Pets            </a>
            <i class="fa fa-angle-right" aria-hidden="true"></i>
            <ul class="sub-menu">
                <li>
                    <a class="estDynamic" href="../pets/pet-food-other-animals.html">Other animals pet food</a>
                </li>
                <li>
                    <a class="estDynamic" href="../pets/pet-food-dogs.html">Pet food dogs</a>
                </li>
                <li>
                    <a class="estDynamic" href="../pets/pet-food-cats.html">Pet food cats</a>
                </li>
                <li>
                    <a class="estDynamic" href="../pets/hygiene-and-cleaning.html">Hygiene and cleaning</a>
                </li>
            </ul>
        </li>
        <li>
            <a class="estDynamic" href="../technology.html">
                <img src="../../cdn.spesati.com/images/menu/technology.png"/>
                Technology            </a>
            <i class="fa fa-angle-right" aria-hidden="true"></i>
            <ul class="sub-menu">
                <li>
                    <a class="estDynamic" href="../technology/accessories.html">Accessories</a>
                </li>
                <li>
                    <a class="estDynamic" href="../technology/computer.html">Computer</a>
                </li>
                <li>
                    <a class="estDynamic" href="../technology/telephones.html">Telephones</a>
                </li>
                <li>
                    <a class="estDynamic" href="../technology/tv.html">TV</a>
                </li>
            </ul>
        </li>
        <li>
            <a class="estDynamic" href="../gluten-free.html">
                <img src="../../cdn.spesati.com/images/menu/gluten-free.png"/>
                Gluten free            </a>
            <i class="fa fa-angle-right" aria-hidden="true"></i>
            <ul class="sub-menu">
                <li>
                    <a class="estDynamic" href="../gluten-free/frozen-foods.html">Frozen foods</a>
                </li>
                <li>
                    <a class="estDynamic" href="../gluten-free/beer.html">Beer</a>
                </li>
                <li>
                    <a class="estDynamic" href="../gluten-free/sweets.html">Sweets</a>
                </li>
                <li>
                    <a class="estDynamic" href="../gluten-free/bread-and-pasta.html">Bread and pasta</a>
                </li>
                <li>
                    <a class="estDynamic" href="../gluten-free/shelf.html">Cupboard</a>
                </li>
            </ul>
        </li>
        <li>
            <a class="estDynamic" href="../lactose-free.html">
                <img src="../../cdn.spesati.com/images/menu/lactose-free.png"/>
                Lactose free            </a>
            <i class="fa fa-angle-right" aria-hidden="true"></i>
            <ul class="sub-menu">
                <li>
                    <a class="estDynamic" href="../lactose-free/frozen-foods.html">Frozen foods</a>
                </li>
                <li>
                    <a class="estDynamic" href="../lactose-free/sweets.html">Sweets</a>
                </li>
                <li>
                    <a class="estDynamic" href="../lactose-free/dairy-product.html">Dairy product</a>
                </li>
                <li>
                    <a class="estDynamic" href="../lactose-free/shelf.html">Cupboard</a>
                </li>
            </ul>
        </li>
        <li>
            <a class="estDynamic" href="../special.html">
                <img src="../../cdn.spesati.com/images/menu/special.png"/>
                Special            </a>
            <i class="fa fa-angle-right" aria-hidden="true"></i>
            <ul class="sub-menu">
                <li>
                    <a class="estDynamic" href="../special/alpro.html">Alpro</a>
                </li>
                <li>
                    <a class="estDynamic" href="../special/organic.html">Biological</a>
                </li>
                <li>
                    <a class="estDynamic" href="../special/meat.html">Meat</a>
                </li>
                <li>
                    <a class="estDynamic" href="../special/wholegrain.html">Wholegrain</a>
                </li>
                <li>
                    <a class="estDynamic" href="../special/bread-and-pasta.html">Bread and pasta</a>
                </li>
                <li>
                    <a class="estDynamic" href="../special/vegan.html">Vegan</a>
                </li>
            </ul>
        </li>
        <li>
            <a class="estDynamic" href="../sardinian-products.html">
                <img src="../../cdn.spesati.com/images/menu/sardinian-products.png"/>
                Sardinian products            </a>
            <i class="fa fa-angle-right" aria-hidden="true"></i>
            <ul class="sub-menu">
                <li>
                    <a class="estDynamic" href="../sardinian-products/drinks.html">Drinks</a>
                </li>
                <li>
                    <a class="estDynamic" href="../sardinian-products/meat.html">Meat</a>
                </li>
                <li>
                    <a class="estDynamic" href="../sardinian-products/sweets.html">Sweets</a>
                </li>
                <li>
                    <a class="estDynamic" href="../sardinian-products/fruit-and-vegetables.html">Fruit and vegetables</a>
                </li>
                <li>
                    <a class="estDynamic" href="../sardinian-products/ichnusa.html">Ichnusa</a>
                </li>
                <li>
                    <a class="estDynamic" href="../sardinian-products/dairy-product.html">Dairy product</a>
                </li>
                <li>
                    <a class="estDynamic" href="../sardinian-products/bread-and-pasta.html">Bread and pasta</a>
                </li>
                <li>
                    <a class="estDynamic" href="../sardinian-products/fish.html">Fish</a>
                </li>
                <li>
                    <a class="estDynamic" href="../sardinian-products/cured-meat.html">Cured meat</a>
                </li>
                <li>
                    <a class="estDynamic" href="../sardinian-products/shelf.html">Cupboard</a>
                </li>
                <li>
                    <a class="estDynamic" href="../sardinian-products/vermentino-wine.html">Vermentino wine</a>
                </li>
                <li>
                    <a class="estDynamic" href="../sardinian-products/wine-beer-and-spirits.html">Wine beer and spirits</a>
                </li>
            </ul>
        </li>
    </ul>
</div>    <div class="colRight">
        <div class="title mobile">
	<a href="../wine-beer-and-spirits.html"><i class="fa red fa-angle-left fa-3x mobile" aria-hidden="true"></i></a>
	<h2>
		<b>
			sparkling wine		</b>
	</h2>
</div>

<div class="breadcrumb bgGrey internal">
	<p>
		<b>
			<a href="../index.html">Home</a>
												&gt; <a href="../wine-beer-and-spirits.html">Wine beer and spirits</a>
																&gt; Sparkling wine									</b>
	</p>
	<div>
		<p>Order by</p>
		<select name="orderProd" id="orderProd">
			<option disabled="disabled" selected="selected">- Choose -</option>
			<option value="nameAsc">Name (A - Z)</option>
			<option value="nameDes">Name (Z - A)</option>
			<option value="priceHigh">Price - High to low</option>
			<option value="priceLow">Price - Low to high</option>
			<option value="soldAsc">Best Selling</option>
			<option value="available">Availability</option>
		</select>
	</div>
</div>
        <div class="containerProduct">
            <script type='text/javascript'>var track = '{"event":"ViewContent", "type":"category", "id":"Vino", "subids":["Spumante"], "url":"https://www.spesati.com/wine-beer-and-spirits/sparkling-wine"}';</script>
<script>
gtag('event', 'select_content', {content_type: 'category', item_id: 'Vino'});gtag('event', 'select_content', {content_type: 'category', item_id: 'Spumante'});
</script>
<div class="left product prod1"
        data-name="Spumante Brut Torbato Sella & Mosca Cuvee 75Cl"
        data-price="13.04"
        data-id="3595"
        data-available="yes"
        data-category="421"
        data-bestselling="">
    <a href="../spumante-brut-torbato-sella-mosca-cuvee-75cl.html">
        <div style="background-image: url('../../cdn.spesati.com/images/products/s290/spumante-brut-torbato-01.jpg')">
            <div class="hover"></div>
            
            <div class="stickers"></div>
        </div>
    </a>
    <div>
        <h4><a href="../spumante-brut-torbato-sella-mosca-cuvee-75cl.html"><b>Spumante Brut Torbato Sella & Mosca Cuvee 75Cl</b></a></h4>
        <p class="description">0.75 Lt</p>
        <p class="right price"><b>13.04 €</b></p>
        <p class="right unitPrice">17.39 € per litre</p>
    </div>
    <div class="contButton">
    <a class="button bgRed white addToCart" href="#">Add</a>
</div>
</div><div class="left product prod2"
        data-name="Pinot Chardonnay Brut Villa Miazzi"
        data-price="5.84"
        data-id="3585"
        data-available="yes"
        data-category="421"
        data-bestselling="">
    <a href="../pinot-chardonnay-brut-villa-miazzi.html">
        <div style="background-image: url('../../cdn.spesati.com/images/products/cc206482/pinot-chardonnay-brut.jpg')">
            <div class="hover"></div>
            
            <div class="stickers"></div>
        </div>
    </a>
    <div>
        <h4><a href="../pinot-chardonnay-brut-villa-miazzi.html"><b>Pinot Chardonnay Brut Villa Miazzi</b></a></h4>
        <p class="description">0.75 Lt</p>
        <p class="right price"><b>5.84 €</b></p>
        <p class="right unitPrice">7.78 € per litre</p>
    </div>
    <div class="contButton">
    <a class="button bgRed white addToCart" href="#">Add</a>
</div>
</div><div class="left product prod3"
        data-name="Contri Spumante Brut 75 Cl"
        data-price="2.49"
        data-id="5344"
        data-available="yes"
        data-category="421"
        data-bestselling="">
    <a href="../contri-spumante-brut-75-cl.html">
        <div style="background-image: url('../../cdn.spesati.com/images/products/6893501/contri-spumante-brut-01.jpg')">
            <div class="hover"></div>
            
            <div class="stickers"></div>
        </div>
    </a>
    <div>
        <h4><a href="../contri-spumante-brut-75-cl.html"><b>Contri Spumante Brut 75 Cl</b></a></h4>
        <p class="description">0.75 Lt</p>
        <p class="right price"><b>2.49 €</b></p>
        <p class="right unitPrice">3.32 € per litre</p>
    </div>
    <div class="contButton">
    <a class="button bgRed white addToCart" href="#">Add</a>
</div>
</div><div class="left product prod4"
        data-name="Vino Dolia Moscato Doc"
        data-price="9.49"
        data-id="3680"
        data-available="yes"
        data-category="421"
        data-bestselling="">
    <a href="../vino-dolia-moscato-doc.html">
        <div style="background-image: url('../../cdn.spesati.com/images/products/560401/vino-dolia-moscato-01.jpg')">
            <div class="hover"></div>
            
            <div class="stickers"><img class="left" src="../../cdn.spesati.com/images/layout/sardinian.png" /></div>
        </div>
    </a>
    <div>
        <h4><a href="../vino-dolia-moscato-doc.html"><b>Vino Dolia Moscato Doc</b></a></h4>
        <p class="description">0.5 Lt</p>
        <p class="right price"><b>9.49 €</b></p>
        <p class="right unitPrice">18.98 € per litre</p>
    </div>
    <div class="contButton">
    <a class="button bgRed white addToCart" href="#">Add</a>
</div>
</div><div class="left product prod5"
        data-name="Moscato di Sardegna Mancini 75 cl"
        data-price="6.79"
        data-id="3732"
        data-available="yes"
        data-category="421"
        data-bestselling="2">
    <a href="../moscato-di-sardegna-mancini-75-cl.html">
        <div style="background-image: url('../../cdn.spesati.com/images/products/2522201/moscato-di-sardegna-01.jpg')">
            <div class="hover"></div>
            <p class="arrow bgRed white">Best Seller</p>
            <div class="stickers"><img class="left" src="../../cdn.spesati.com/images/layout/sardinian.png" /></div>
        </div>
    </a>
    <div>
        <h4><a href="../moscato-di-sardegna-mancini-75-cl.html"><b>Moscato di Sardegna Mancini 75 cl</b></a></h4>
        <p class="description">0.75 Lt</p>
        <p class="right price"><b>6.79 €</b></p>
        <p class="right unitPrice">9.05 € per litre</p>
    </div>
    <div class="contButton">
    <a class="button bgRed white addToCart" href="#">Add</a>
</div>
</div><div class="left product prod6"
        data-name="Spumante Slittari Malvasia Bosa 75 Cl"
        data-price="16.99"
        data-id="4556"
        data-available="yes"
        data-category="421"
        data-bestselling="">
    <a href="../spumante-slittari-malvasia-bosa-75-cl.html">
        <div style="background-image: url('../../cdn.spesati.com/images/products/209871/spumante-slittari-malvasia-01.jpg')">
            <div class="hover"></div>
            
            <div class="stickers"><img class="left" src="../../cdn.spesati.com/images/layout/sardinian.png" /></div>
        </div>
    </a>
    <div>
        <h4><a href="../spumante-slittari-malvasia-bosa-75-cl.html"><b>Spumante Slittari Malvasia Bosa 75 Cl</b></a></h4>
        <p class="description">0.75 Lt</p>
        <p class="right price"><b>16.99 €</b></p>
        <p class="right unitPrice">22.66 € per litre</p>
    </div>
    <div class="contButton">
    <a class="button bgRed white addToCart" href="#">Add</a>
</div>
</div><div class="left product prod7"
        data-name="Spumante Su Entu Brut Rose 75Cl"
        data-price="11.50"
        data-id="7214"
        data-available="yes"
        data-category="421"
        data-bestselling="">
    <a href="../spumante-su-entu-brut-rose-75cl.html">
        <div style="background-image: url('../../cdn.spesati.com/images/products/209815/spumante-su-entu-01.jpg')">
            <div class="hover"></div>
            
            <div class="stickers"><img class="left" src="../../cdn.spesati.com/images/layout/sardinian.png" /></div>
        </div>
    </a>
    <div>
        <h4><a href="../spumante-su-entu-brut-rose-75cl.html"><b>Spumante Su Entu Brut Rose 75Cl</b></a></h4>
        <p class="description">0.75 Lt</p>
        <p class="right price"><b>11.50 €</b></p>
        <p class="right unitPrice">15.34 € per litre</p>
    </div>
    <div class="contButton">
    <a class="button bgRed white addToCart" href="#">Add</a>
</div>
</div><div class="left product prod8"
        data-name="Spumante Su Entu Brut 75Cl"
        data-price="11.50"
        data-id="7212"
        data-available="yes"
        data-category="421"
        data-bestselling="">
    <a href="../spumante-su-entu-brut-75cl.html">
        <div style="background-image: url('../../cdn.spesati.com/images/products/209813/spumante-su-entu-01.jpg')">
            <div class="hover"></div>
            
            <div class="stickers"><img class="left" src="../../cdn.spesati.com/images/layout/sardinian.png" /></div>
        </div>
    </a>
    <div>
        <h4><a href="../spumante-su-entu-brut-75cl.html"><b>Spumante Su Entu Brut 75Cl</b></a></h4>
        <p class="description">0.75 Lt</p>
        <p class="right price"><b>11.50 €</b></p>
        <p class="right unitPrice">15.34 € per litre</p>
    </div>
    <div class="contButton">
    <a class="button bgRed white addToCart" href="#">Add</a>
</div>
</div><div class="left product prod9"
        data-name="Spumante Aragosta Rose Brut 75Cl"
        data-price="6.59"
        data-id="7215"
        data-available="yes"
        data-category="421"
        data-bestselling="">
    <a href="../spumante-aragosta-rose-brut-75cl.html">
        <div style="background-image: url('../../cdn.spesati.com/images/products/209708/spumante-aragosta-rose-01.jpg')">
            <div class="hover"></div>
            
            <div class="stickers"><img class="left" src="../../cdn.spesati.com/images/layout/sardinian.png" /></div>
        </div>
    </a>
    <div>
        <h4><a href="../spumante-aragosta-rose-brut-75cl.html"><b>Spumante Aragosta Rose Brut 75Cl</b></a></h4>
        <p class="description">0.75 Lt</p>
        <p class="right price"><b>6.59 €</b></p>
        <p class="right unitPrice">8.78 € per litre</p>
    </div>
    <div class="contButton">
    <a class="button bgRed white addToCart" href="#">Add</a>
</div>
</div><div class="left product prod10"
        data-name="Spumante Mancini Pinot Chardonnay"
        data-price="6.29"
        data-id="7213"
        data-available="yes"
        data-category="421"
        data-bestselling="">
    <a href="../spumante-mancini-pinot-chardonnay.html">
        <div style="background-image: url('../../cdn.spesati.com/images/products/209705/spumante-mancini-pinot-01.jpg')">
            <div class="hover"></div>
            
            <div class="stickers"><img class="left" src="../../cdn.spesati.com/images/layout/sardinian.png" /></div>
        </div>
    </a>
    <div>
        <h4><a href="../spumante-mancini-pinot-chardonnay.html"><b>Spumante Mancini Pinot Chardonnay</b></a></h4>
        <p class="description">0.75 Lt</p>
        <p class="right price"><b>6.29 €</b></p>
        <p class="right unitPrice">8.38 € per litre</p>
    </div>
    <div class="contButton">
    <a class="button bgRed white addToCart" href="#">Add</a>
</div>
</div><div class="left product prod11"
        data-name="Spumante Astoria Ribolla Villa Miazzi 75Cl"
        data-price="7.93"
        data-id="7210"
        data-available="yes"
        data-category="421"
        data-bestselling="">
    <a href="../spumante-astoria-ribolla-villa-miazzi-75cl.html">
        <div style="background-image: url('../../cdn.spesati.com/images/products/209618/spumante-astoria-ribolla-01.jpg')">
            <div class="hover"></div>
            
            <div class="stickers"></div>
        </div>
    </a>
    <div>
        <h4><a href="../spumante-astoria-ribolla-villa-miazzi-75cl.html"><b>Spumante Astoria Ribolla Villa Miazzi 75Cl</b></a></h4>
        <p class="description">0.75 Lt</p>
        <p class="right price"><b>7.93 €</b></p>
        <p class="right unitPrice">10.57 € per litre</p>
    </div>
    <div class="contButton">
    <a class="button bgRed white addToCart" href="#">Add</a>
</div>
</div><div class="left product prod12"
        data-name="Spumante Villa Selli Cuvee Brut 75 Cl"
        data-price="4.89"
        data-id="4557"
        data-available="yes"
        data-category="421"
        data-bestselling="">
    <a href="../spumante-villa-selli-cuvee-brut-75-cl.html">
        <div style="background-image: url('../../cdn.spesati.com/images/products/209588/spumante-villa-selli-01.jpg')">
            <div class="hover"></div>
            
            <div class="stickers"></div>
        </div>
    </a>
    <div>
        <h4><a href="../spumante-villa-selli-cuvee-brut-75-cl.html"><b>Spumante Villa Selli Cuvee Brut 75 Cl</b></a></h4>
        <p class="description">0.75 Lt</p>
        <p class="right price"><b>4.89 €</b></p>
        <p class="right unitPrice">6.51 € per litre</p>
    </div>
    <div class="contButton">
    <a class="button bgRed white addToCart" href="#">Add</a>
</div>
</div><div class="left product prod13"
        data-name="Spumante Aragosta Brut Santa Maria La Palma 75Cl"
        data-price="6.59"
        data-id="7219"
        data-available="yes"
        data-category="421"
        data-bestselling="">
    <a href="../spumante-aragosta-brut-santa-maria-la-palma-75cl.html">
        <div style="background-image: url('../../cdn.spesati.com/images/products/209468/spumante-aragosta-brut-01.jpg')">
            <div class="hover"></div>
            
            <div class="stickers"><img class="left" src="../../cdn.spesati.com/images/layout/sardinian.png" /></div>
        </div>
    </a>
    <div>
        <h4><a href="../spumante-aragosta-brut-santa-maria-la-palma-75cl.html"><b>Spumante Aragosta Brut Santa Maria La Palma 75Cl</b></a></h4>
        <p class="description">0.75 Lt</p>
        <p class="right price"><b>6.59 €</b></p>
        <p class="right unitPrice">8.78 € per litre</p>
    </div>
    <div class="contButton">
    <a class="button bgRed white addToCart" href="#">Add</a>
</div>
</div><div class="left product prod14"
        data-name="Spumante Contini Attilio Rosè 75Cl"
        data-price="9.99"
        data-id="7211"
        data-available="yes"
        data-category="421"
        data-bestselling="">
    <a href="../spumante-contini-attilio-rose-75cl.html">
        <div style="background-image: url('../../cdn.spesati.com/images/products/209177/spumante-contini-attilio-01.jpg')">
            <div class="hover"></div>
            
            <div class="stickers"><img class="left" src="../../cdn.spesati.com/images/layout/sardinian.png" /></div>
        </div>
    </a>
    <div>
        <h4><a href="../spumante-contini-attilio-rose-75cl.html"><b>Spumante Contini Attilio Rosè 75Cl</b></a></h4>
        <p class="description">0.75 Lt</p>
        <p class="right price"><b>9.99 €</b></p>
        <p class="right unitPrice">13.32 € per litre</p>
    </div>
    <div class="contButton">
    <a class="button bgRed white addToCart" href="#">Add</a>
</div>
</div><div class="left product prod15"
        data-name="Spumante Santa Maria La Palma Akenta Doc 75Cl"
        data-price="10.99"
        data-id="7218"
        data-available="yes"
        data-category="421"
        data-bestselling="">
    <a href="../spumante-santa-maria-la-palma-akenta-doc-75cl.html">
        <div style="background-image: url('../../cdn.spesati.com/images/products/208197/spumante-santa-maria-01.jpg')">
            <div class="hover"></div>
            
            <div class="stickers"><img class="left" src="../../cdn.spesati.com/images/layout/sardinian.png" /></div>
        </div>
    </a>
    <div>
        <h4><a href="../spumante-santa-maria-la-palma-akenta-doc-75cl.html"><b>Spumante Santa Maria La Palma Akenta Doc 75Cl</b></a></h4>
        <p class="description">0.75 Lt</p>
        <p class="right price"><b>10.99 €</b></p>
        <p class="right unitPrice">14.65 € per litre</p>
    </div>
    <div class="contButton">
    <a class="button bgRed white addToCart" href="#">Add</a>
</div>
</div><div class="left product prod16"
        data-name="Spum Tosti Brach Acqui Docg 75"
        data-price="5.99"
        data-id="34804"
        data-available="yes"
        data-category="421"
        data-bestselling="">
    <a href="../spum-tosti-brach-acqui-docg-75.html">
        <div style="background-image: url('../../cdn.spesati.com/images/products/000721416/tosti-brachetto-dacqui-docg-dolce-75-cl-01.png')">
            <div class="hover"></div>
            
            <div class="stickers"></div>
        </div>
    </a>
    <div>
        <h4><a href="../spum-tosti-brach-acqui-docg-75.html"><b>Spum Tosti Brach Acqui Docg 75</b></a></h4>
        <p class="description">Tosti Brachetto d'Acqui DOCG Dolce 75 cl</p>
        <p class="right price"><b>5.99 €</b></p>
        <p class="right unitPrice">7.99 € per litre</p>
    </div>
    <div class="contButton">
    <a class="button bgRed white addToCart" href="#">Add</a>
</div>
</div><div class="left product prod17"
        data-name="Spum Antinori Cuvee' Royale 75"
        data-price="32.03"
        data-id="29098"
        data-available="yes"
        data-category="421"
        data-bestselling="">
    <a href="../spum-antinori-cuvee-royale-75.html">
        <div style="background-image: url('../../cdn.spesati.com/images/products/000210331/marchese-antinori-tenuta-montenisa-cuvee-royale-750-ml-01.png')">
            <div class="hover"></div>
            
            <div class="stickers"></div>
        </div>
    </a>
    <div>
        <h4><a href="../spum-antinori-cuvee-royale-75.html"><b>Spum Antinori Cuvee' Royale 75</b></a></h4>
        <p class="description">Marchese Antinori Tenuta Montenisa Cuvée Royale 750 ml</p>
        <p class="right price"><b>32.03 €</b></p>
        <p class="right unitPrice">42.71 € per litre</p>
    </div>
    <div class="contButton">
    <a class="button bgRed white addToCart" href="#">Add</a>
</div>
</div><div class="left product prod18"
        data-name="Spum Freschello Extra Dry 75cl"
        data-price="3.69"
        data-id="28962"
        data-available="yes"
        data-category="421"
        data-bestselling="">
    <a href="../spum-freschello-extra-dry-75cl.html">
        <div style="background-image: url('../../cdn.spesati.com/images/products/000209674/freschello-vino-spumante-extra-dry-075-l-01.png')">
            <div class="hover"></div>
            
            <div class="stickers"></div>
        </div>
    </a>
    <div>
        <h4><a href="../spum-freschello-extra-dry-75cl.html"><b>Spum Freschello Extra Dry 75cl</b></a></h4>
        <p class="description">freschello Vino Spumante Extra Dry 0,75 l</p>
        <p class="right price"><b>3.69 €</b></p>
        <p class="right unitPrice">4.92 € per litre</p>
    </div>
    <div class="contButton">
    <a class="button bgRed white addToCart" href="#">Add</a>
</div>
</div><div class="left product prod19"
        data-name="Spumante astoria yu sushi sparkling 75"
        data-price="9.04"
        data-id="5162"
        data-available="yes"
        data-category="421"
        data-bestselling="">
    <a href="../spumante-astoria-yu-sushi-sparkling-75.html">
        <div style="background-image: url('../../cdn.spesati.com/images/products/000209517/astoria-yu-sushi-sparkling-75-cl-01.png')">
            <div class="hover"></div>
            
            <div class="stickers"></div>
        </div>
    </a>
    <div>
        <h4><a href="../spumante-astoria-yu-sushi-sparkling-75.html"><b>Spumante astoria yu sushi sparkling 75</b></a></h4>
        <p class="description">Astoria Yu Sushi Sparkling 75 cl</p>
        <p class="right price"><b>9.04 €</b></p>
        <p class="right unitPrice">12.05 € per kg</p>
    </div>
    <div class="contButton">
    <a class="button bgRed white addToCart" href="#">Add</a>
</div>
</div><div class="left product prod20"
        data-name="Spum Astoria 9.5no Alcool 75cl"
        data-price="6.39"
        data-id="65442"
        data-available="yes"
        data-category="421"
        data-bestselling="">
    <a href="../spum-astoria-95no-alcool-75cl.html">
        <div style="background-image: url('../../cdn.spesati.com/images/products/000209199/astoria-95-alcohol-free-zerotondo-75-cl-01.png')">
            <div class="hover"></div>
            
            <div class="stickers"></div>
        </div>
    </a>
    <div>
        <h4><a href="../spum-astoria-95no-alcool-75cl.html"><b>Spum Astoria 9.5no Alcool 75cl</b></a></h4>
        <p class="description">Astoria 9.5 Alcohol Free zerotondo 75 cl</p>
        <p class="right price"><b>6.39 €</b></p>
        <p class="right unitPrice">8.52 € per litre</p>
    </div>
    <div class="contButton">
    <a class="button bgRed white addToCart" href="#">Add</a>
</div>
</div><div class="left product prod21"
        data-name="Spum Rocca Dei F Rosso 75 Cl"
        data-price="3.89"
        data-id="28773"
        data-available="yes"
        data-category="421"
        data-bestselling="">
    <a href="../spum-rocca-dei-f-rosso-75-cl.html">
        <div style="background-image: url('../../cdn.spesati.com/images/products/000209119/rocca-dei-forti-rosso-dolce-vino-spumante-75-cl-01.png')">
            <div class="hover"></div>
            
            <div class="stickers"></div>
        </div>
    </a>
    <div>
        <h4><a href="../spum-rocca-dei-f-rosso-75-cl.html"><b>Spum Rocca Dei F Rosso 75 Cl</b></a></h4>
        <p class="description">Rocca dei Forti Rosso Dolce Vino Spumante 75 cl</p>
        <p class="right price"><b>3.89 €</b></p>
        <p class="right unitPrice">5.19 € per litre</p>
    </div>
    <div class="contButton">
    <a class="button bgRed white addToCart" href="#">Add</a>
</div>
</div><div class="left product prod22"
        data-name="Spumante Sella & Mosca Brut Torbato"
        data-price="7.99"
        data-id="3590"
        data-available="yes"
        data-category="421"
        data-bestselling="">
    <a href="../spumante-sella-mosca-brut-torbato.html">
        <div style="background-image: url('../../cdn.spesati.com/images/products/000209056/sella-mosca-torbato-brut-vino-spumante-75-cl-01.png')">
            <div class="hover"></div>
            
            <div class="stickers"><img class="left" src="../../cdn.spesati.com/images/layout/sardinian.png" /></div>
        </div>
    </a>
    <div>
        <h4><a href="../spumante-sella-mosca-brut-torbato.html"><b>Spumante Sella & Mosca Brut Torbato</b></a></h4>
        <p class="description">Sella & Mosca Torbato Brut Vino Spumante 75 cl</p>
        <p class="right price"><b>7.99 €</b></p>
        <p class="right unitPrice">10.65 € per litre</p>
    </div>
    <div class="contButton">
    <a class="button bgRed white addToCart" href="#">Add</a>
</div>
</div><div class="left product prod23"
        data-name="Spum Cinzano Brachetto D'acqui"
        data-price="13.18"
        data-id="28710"
        data-available="yes"
        data-category="421"
        data-bestselling="">
    <a href="../spum-cinzano-brachetto-dacqui.html">
        <div style="background-image: url('../../cdn.spesati.com/images/products/000208216/cinzano-brachetto-dacqui-docg-75-cl-01.png')">
            <div class="hover"></div>
            
            <div class="stickers"></div>
        </div>
    </a>
    <div>
        <h4><a href="../spum-cinzano-brachetto-dacqui.html"><b>Spum Cinzano Brachetto D'acqui</b></a></h4>
        <p class="description">Cinzano Brachetto d'Acqui D.O.C.G. 75 cl</p>
        <p class="right price"><b>13.18 €</b></p>
        <p class="right unitPrice">17.57 € per litre</p>
    </div>
    <div class="contButton">
    <a class="button bgRed white addToCart" href="#">Add</a>
</div>
</div><div class="left product prod24"
        data-name="Spum.ferrari Rose' 75cl"
        data-price="22.90"
        data-id="28685"
        data-available="yes"
        data-category="421"
        data-bestselling="">
    <a href="../spumferrari-rose-75cl.html">
        <div style="background-image: url('../../cdn.spesati.com/images/products/000208175/ferrari-rose-trentodoc-075-l-01.png')">
            <div class="hover"></div>
            
            <div class="stickers"></div>
        </div>
    </a>
    <div>
        <h4><a href="../spumferrari-rose-75cl.html"><b>Spum.ferrari Rose' 75cl</b></a></h4>
        <p class="description">Ferrari Rosé Trentodoc 0,75 l</p>
        <p class="right price"><b>22.90 €</b></p>
        <p class="right unitPrice">30.54 € per litre</p>
    </div>
    <div class="contButton">
    <a class="button bgRed white addToCart" href="#">Add</a>
</div>
</div><div class="left product prod25"
        data-name="Spum.ferrari Demi Sec 75cl"
        data-price="26.77"
        data-id="28684"
        data-available="yes"
        data-category="421"
        data-bestselling="">
    <a href="../spumferrari-demi-sec-75cl.html">
        <div style="background-image: url('../../cdn.spesati.com/images/products/000208174/ferrari-demi-sec-trentodoc-075-l-01.png')">
            <div class="hover"></div>
            
            <div class="stickers"></div>
        </div>
    </a>
    <div>
        <h4><a href="../spumferrari-demi-sec-75cl.html"><b>Spum.ferrari Demi Sec 75cl</b></a></h4>
        <p class="description">Ferrari Demi-Sec Trentodoc 0,75 l</p>
        <p class="right price"><b>26.77 €</b></p>
        <p class="right unitPrice">35.70 € per litre</p>
    </div>
    <div class="contButton">
    <a class="button bgRed white addToCart" href="#">Add</a>
</div>
</div><div class="left product prod26"
        data-name="Spum.berlucchi Brut Magnum"
        data-price="36.90"
        data-id="28683"
        data-available="yes"
        data-category="421"
        data-bestselling="">
    <a href="../spumberlucchi-brut-magnum.html">
        <div style="background-image: url('../../cdn.spesati.com/images/products/000208172/berlucchi-cuvee-imperiale-franciacorta-docg-brut-15-l-01.png')">
            <div class="hover"></div>
            
            <div class="stickers"></div>
        </div>
    </a>
    <div>
        <h4><a href="../spumberlucchi-brut-magnum.html"><b>Spum.berlucchi Brut Magnum</b></a></h4>
        <p class="description">Berlucchi Cuvée Imperiale Franciacorta D.O.C.G. Brut 1,5 L</p>
        <p class="right price"><b>36.90 €</b></p>
        <p class="right unitPrice">24.60 € per litre</p>
    </div>
    <div class="contButton">
    <a class="button bgRed white addToCart" href="#">Add</a>
</div>
</div><div class="left product prod27"
        data-name="Spumante Berlucchi Rosè Imperiale 75 Cl"
        data-price="19.90"
        data-id="5616"
        data-available="yes"
        data-category="421"
        data-bestselling="1">
    <a href="../spumante-berlucchi-rose-imperiale-75-cl.html">
        <div style="background-image: url('../../cdn.spesati.com/images/products/000208170/berlucchi-cuvee-imperiale-franciacorta-max-rose-docg-extra-dry-750-ml-01.png')">
            <div class="hover"></div>
            <p class="arrow bgRed white">Best Seller</p>
            <div class="stickers"></div>
        </div>
    </a>
    <div>
        <h4><a href="../spumante-berlucchi-rose-imperiale-75-cl.html"><b>Spumante Berlucchi Rosè Imperiale 75 Cl</b></a></h4>
        <p class="description">Berlucchi Cuvée Imperiale Franciacorta Max Rosé D.O.C.G. Extra Dry 750 mL</p>
        <p class="right price"><b>19.90 €</b></p>
        <p class="right unitPrice">26.54 € per litre</p>
    </div>
    <div class="contButton">
    <a class="button bgRed white addToCart" href="#">Add</a>
</div>
</div><div class="left product prod28"
        data-name="Spumante Berlucchi Brut Imperiale 75Cl"
        data-price="14.90"
        data-id="3584"
        data-available="yes"
        data-category="421"
        data-bestselling="">
    <a href="../spumante-berlucchi-brut-imperiale-75cl.html">
        <div style="background-image: url('../../cdn.spesati.com/images/products/000208169/berlucchi-cuvee-imperiale-franciacorta-docg-brut-750-ml-01.png')">
            <div class="hover"></div>
            
            <div class="stickers"></div>
        </div>
    </a>
    <div>
        <h4><a href="../spumante-berlucchi-brut-imperiale-75cl.html"><b>Spumante Berlucchi Brut Imperiale 75Cl</b></a></h4>
        <p class="description">Berlucchi Cuvée Imperiale Franciacorta D.O.C.G. Brut 750 mL</p>
        <p class="right price"><b>14.90 €</b></p>
        <p class="right unitPrice">19.86 € per litre</p>
    </div>
    <div class="contButton">
    <a class="button bgRed white addToCart" href="#">Add</a>
</div>
</div><div class="left product prod29"
        data-name="Spum.ferrari Brut Perle' 75cl"
        data-price="35.90"
        data-id="28682"
        data-available="yes"
        data-category="421"
        data-bestselling="">
    <a href="../spumferrari-brut-perle-75cl.html">
        <div style="background-image: url('../../cdn.spesati.com/images/products/000208167/ferrari-perle-trentodoc-brut-075-l-01.png')">
            <div class="hover"></div>
            
            <div class="stickers"></div>
        </div>
    </a>
    <div>
        <h4><a href="../spumferrari-brut-perle-75cl.html"><b>Spum.ferrari Brut Perle' 75cl</b></a></h4>
        <p class="description">Ferrari Perlé Trentodoc Brut 0,75 l</p>
        <p class="right price"><b>35.90 €</b></p>
        <p class="right unitPrice">47.86 € per litre</p>
    </div>
    <div class="contButton">
    <a class="button bgRed white addToCart" href="#">Add</a>
</div>
</div><div class="left product prod30"
        data-name="Spum.ferrari Brut Magnum"
        data-price="39.90"
        data-id="28681"
        data-available="yes"
        data-category="421"
        data-bestselling="">
    <a href="../spumferrari-brut-magnum.html">
        <div style="background-image: url('../../cdn.spesati.com/images/products/000208164/ferrari-brut-trentodoc-15-l-01.png')">
            <div class="hover"></div>
            
            <div class="stickers"></div>
        </div>
    </a>
    <div>
        <h4><a href="../spumferrari-brut-magnum.html"><b>Spum.ferrari Brut Magnum</b></a></h4>
        <p class="description">Ferrari Brut Trentodoc 1,5 l</p>
        <p class="right price"><b>39.90 €</b></p>
        <p class="right unitPrice">26.60 € per litre</p>
    </div>
    <div class="contButton">
    <a class="button bgRed white addToCart" href="#">Add</a>
</div>
</div><div class="left product prod31"
        data-name="Spum Ferrari Brut 75cl C-astuc"
        data-price="14.99"
        data-id="28680"
        data-available="yes"
        data-category="421"
        data-bestselling="">
    <a href="../spum-ferrari-brut-75cl-c-astuc.html">
        <div style="background-image: url('../../cdn.spesati.com/images/products/000208163/ferrari-brut-trentodoc-075-l-01.png')">
            <div class="hover"></div>
            
            <div class="stickers"></div>
        </div>
    </a>
    <div>
        <h4><a href="../spum-ferrari-brut-75cl-c-astuc.html"><b>Spum Ferrari Brut 75cl C-astuc</b></a></h4>
        <p class="description">Ferrari Brut Trentodoc 0,75 l</p>
        <p class="right price"><b>14.99 €</b></p>
        <p class="right unitPrice">19.98 € per litre</p>
    </div>
    <div class="contButton">
    <a class="button bgRed white addToCart" href="#">Add</a>
</div>
</div><div class="left product prod32"
        data-name="Spum.ferrari Maximum Brut 75cl"
        data-price="22.99"
        data-id="28676"
        data-available="yes"
        data-category="421"
        data-bestselling="">
    <a href="../spumferrari-maximum-brut-75cl.html">
        <div style="background-image: url('../../cdn.spesati.com/images/products/000208159/ferrari-maximum-brut-trentodoc-075-l-01.png')">
            <div class="hover"></div>
            
            <div class="stickers"></div>
        </div>
    </a>
    <div>
        <h4><a href="../spumferrari-maximum-brut-75cl.html"><b>Spum.ferrari Maximum Brut 75cl</b></a></h4>
        <p class="description">Ferrari Maximum Brut Trentodoc 0,75 l</p>
        <p class="right price"><b>22.99 €</b></p>
        <p class="right unitPrice">30.66 € per litre</p>
    </div>
    <div class="contButton">
    <a class="button bgRed white addToCart" href="#">Add</a>
</div>
</div><div class="left product prod33"
        data-name="Spum Rocca Dei F Brut 75 Cl"
        data-price="3.89"
        data-id="28659"
        data-available="yes"
        data-category="421"
        data-bestselling="">
    <a href="../spum-rocca-dei-f-brut-75-cl.html">
        <div style="background-image: url('../../cdn.spesati.com/images/products/000208120/rocca-dei-forti-vino-spumante-brut-75-cl-01.png')">
            <div class="hover"></div>
            
            <div class="stickers"></div>
        </div>
    </a>
    <div>
        <h4><a href="../spum-rocca-dei-f-brut-75-cl.html"><b>Spum Rocca Dei F Brut 75 Cl</b></a></h4>
        <p class="description">Rocca dei Forti Vino Spumante Brut 75 cl</p>
        <p class="right price"><b>3.89 €</b></p>
        <p class="right unitPrice">5.19 € per litre</p>
    </div>
    <div class="contButton">
    <a class="button bgRed white addToCart" href="#">Add</a>
</div>
</div><div class="left product prod34"
        data-name="Spum Rocca Dei F Dolce 75 Cl"
        data-price="3.89"
        data-id="28657"
        data-available="yes"
        data-category="421"
        data-bestselling="">
    <a href="../spum-rocca-dei-f-dolce-75-cl.html">
        <div style="background-image: url('../../cdn.spesati.com/images/products/000208118/rocca-dei-forti-vino-spumante-dolce-75-cl-01.png')">
            <div class="hover"></div>
            
            <div class="stickers"></div>
        </div>
    </a>
    <div>
        <h4><a href="../spum-rocca-dei-f-dolce-75-cl.html"><b>Spum Rocca Dei F Dolce 75 Cl</b></a></h4>
        <p class="description">Rocca dei Forti Vino Spumante Dolce 75 cl</p>
        <p class="right price"><b>3.89 €</b></p>
        <p class="right unitPrice">5.19 € per litre</p>
    </div>
    <div class="contButton">
    <a class="button bgRed white addToCart" href="#">Add</a>
</div>
</div><div class="left product prod35"
        data-name="Spumante Gran Cinzano"
        data-price="5.74"
        data-id="3588"
        data-available="yes"
        data-category="421"
        data-bestselling="">
    <a href="../spumante-gran-cinzano.html">
        <div style="background-image: url('../../cdn.spesati.com/images/products/000208116/cinzano-sweet-edition-vino-spumante-dolce-75-cl-01.png')">
            <div class="hover"></div>
            
            <div class="stickers"></div>
        </div>
    </a>
    <div>
        <h4><a href="../spumante-gran-cinzano.html"><b>Spumante Gran Cinzano</b></a></h4>
        <p class="description">Cinzano Sweet Edition Vino Spumante Dolce 75 cl</p>
        <p class="right price"><b>5.74 €</b></p>
        <p class="right unitPrice">7.65 € per litre</p>
    </div>
    <div class="contButton">
    <a class="button bgRed white addToCart" href="#">Add</a>
</div>
</div><div class="left product prod36"
        data-name="Spum Cinzano Asti Docg 75cl"
        data-price="7.99"
        data-id="28656"
        data-available="yes"
        data-category="421"
        data-bestselling="">
    <a href="../spum-cinzano-asti-docg-75cl.html">
        <div style="background-image: url('../../cdn.spesati.com/images/products/000208115/cinzano-asti-docg-75-cl-01.png')">
            <div class="hover"></div>
            
            <div class="stickers"></div>
        </div>
    </a>
    <div>
        <h4><a href="../spum-cinzano-asti-docg-75cl.html"><b>Spum Cinzano Asti Docg 75cl</b></a></h4>
        <p class="description">Cinzano Asti D.O.C.G. 75 cl</p>
        <p class="right price"><b>7.99 €</b></p>
        <p class="right unitPrice">10.65 € per litre</p>
    </div>
    <div class="contButton">
    <a class="button bgRed white addToCart" href="#">Add</a>
</div>
</div><div class="left product prod37"
        data-name="Spum Chandon Garden Spritz 75"
        data-price="22.46"
        data-id="78396"
        data-available="yes"
        data-category="421"
        data-bestselling="">
    <a href="../spum-chandon-garden-spritz-75.html">
        <div style="background-image: url('../../cdn.spesati.com/images/products/000205256/chandon-garden-spritz-750-ml-01.png')">
            <div class="hover"></div>
            
            <div class="stickers"></div>
        </div>
    </a>
    <div>
        <h4><a href="../spum-chandon-garden-spritz-75.html"><b>Spum Chandon Garden Spritz 75</b></a></h4>
        <p class="description">Chandon Garden Spritz 750 ml</p>
        <p class="right price"><b>22.46 €</b></p>
        <p class="right unitPrice">14.97 € per litre</p>
    </div>
    <div class="contButton">
    <a class="button bgRed white addToCart" href="#">Add</a>
</div>
</div><div class="left product prod38"
        data-name="Spum S.&m.brut Rose Torbato75c"
        data-price="9.04"
        data-id="76104"
        data-available="yes"
        data-category="421"
        data-bestselling="">
    <a href="../spum-smbrut-rose-torbato75c.html">
        <div style="background-image: url('../../cdn.spesati.com/images/products/000205210/sella-mosca-torbato-brut-vino-spumante-75-cl-01.png')">
            <div class="hover"></div>
            
            <div class="stickers"></div>
        </div>
    </a>
    <div>
        <h4><a href="../spum-smbrut-rose-torbato75c.html"><b>Spum S.&m.brut Rose Torbato75c</b></a></h4>
        <p class="description">Sella & Mosca Torbato Brut Vino Spumante 75 cl</p>
        <p class="right price"><b>9.04 €</b></p>
        <p class="right unitPrice">12.05 € per litre</p>
    </div>
    <div class="contButton">
    <a class="button bgRed white addToCart" href="#">Add</a>
</div>
</div><div class="left product prod39"
        data-name="Spum.ferrari Brut Ris.giulio F"
        data-price="305.97"
        data-id="35185"
        data-available="yes"
        data-category="421"
        data-bestselling="">
    <a href="../spumferrari-brut-risgiulio-f.html">
        <div style="background-image: url('../../cdn.spesati.com/images/products/missing-image/missing-image.jpg')">
            <div class="hover"></div>
            
            <div class="stickers"></div>
        </div>
    </a>
    <div>
        <h4><a href="../spumferrari-brut-risgiulio-f.html"><b>Spum.ferrari Brut Ris.giulio F</b></a></h4>
        <p class="description">0.75 Lt</p>
        <p class="right price"><b>305.97 €</b></p>
        <p class="right unitPrice">407.97 € per litre</p>
    </div>
    <div class="contButton">
    <a class="button bgRed white addToCart" href="#">Add</a>
</div>
</div><div class="left product prod40"
        data-name="Spum.bellavista Alma Magnum Br"
        data-price="65.00"
        data-id="35186"
        data-available="yes"
        data-category="421"
        data-bestselling="">
    <a href="../spumbellavista-alma-magnum-br.html">
        <div style="background-image: url('../../cdn.spesati.com/images/products/missing-image/missing-image.jpg')">
            <div class="hover"></div>
            
            <div class="stickers"></div>
        </div>
    </a>
    <div>
        <h4><a href="../spumbellavista-alma-magnum-br.html"><b>Spum.bellavista Alma Magnum Br</b></a></h4>
        <p class="description">1.5 Lt</p>
        <p class="right price"><b>65.00 €</b></p>
        <p class="right unitPrice">43.33 € per litre</p>
    </div>
    <div class="contButton">
    <a class="button bgRed white addToCart" href="#">Add</a>
</div>
</div><div class="left product prod41"
        data-name="Prosecco Sup Brut Valdob 75cl"
        data-price="11.38"
        data-id="67932"
        data-available="yes"
        data-category="421"
        data-bestselling="">
    <a href="../prosecco-sup-brut-valdob-75cl.html">
        <div style="background-image: url('../../cdn.spesati.com/images/products/missing-image/missing-image.jpg')">
            <div class="hover"></div>
            
            <div class="stickers"></div>
        </div>
    </a>
    <div>
        <h4><a href="../prosecco-sup-brut-valdob-75cl.html"><b>Prosecco Sup Brut Valdob 75cl</b></a></h4>
        <p class="description">0.75 Lt</p>
        <p class="right price"><b>11.38 €</b></p>
        <p class="right unitPrice">15.18 € per litre</p>
    </div>
    <div class="contButton">
    <a class="button bgRed white addToCart" href="#">Add</a>
</div>
</div><div class="left product prod42"
        data-name="Prosecco Sup Extradry Vald 75c"
        data-price="11.38"
        data-id="67935"
        data-available="yes"
        data-category="421"
        data-bestselling="">
    <a href="../prosecco-sup-extradry-vald-75c.html">
        <div style="background-image: url('../../cdn.spesati.com/images/products/missing-image/missing-image.jpg')">
            <div class="hover"></div>
            
            <div class="stickers"></div>
        </div>
    </a>
    <div>
        <h4><a href="../prosecco-sup-extradry-vald-75c.html"><b>Prosecco Sup Extradry Vald 75c</b></a></h4>
        <p class="description">0.75 Lt</p>
        <p class="right price"><b>11.38 €</b></p>
        <p class="right unitPrice">15.18 € per litre</p>
    </div>
    <div class="contButton">
    <a class="button bgRed white addToCart" href="#">Add</a>
</div>
</div><div class="left product prod43"
        data-name="Spum Sm La Pal Ake Rose Doc 75"
        data-price="9.99"
        data-id="68763"
        data-available="yes"
        data-category="421"
        data-bestselling="">
    <a href="../spum-sm-la-pal-ake-rose-doc-75.html">
        <div style="background-image: url('../../cdn.spesati.com/images/products/missing-image/missing-image.jpg')">
            <div class="hover"></div>
            
            <div class="stickers"></div>
        </div>
    </a>
    <div>
        <h4><a href="../spum-sm-la-pal-ake-rose-doc-75.html"><b>Spum Sm La Pal Ake Rose Doc 75</b></a></h4>
        <p class="description">0.75 Lt</p>
        <p class="right price"><b>9.99 €</b></p>
        <p class="right unitPrice">13.32 € per litre</p>
    </div>
    <div class="contButton">
    <a class="button bgRed white addToCart" href="#">Add</a>
</div>
</div><div class="left product prod44"
        data-name="Conf S.m.l.p. You&me Akenta"
        data-price="39.90"
        data-id="71664"
        data-available="yes"
        data-category="421"
        data-bestselling="">
    <a href="../conf-smlp-youme-akenta.html">
        <div style="background-image: url('../../cdn.spesati.com/images/products/missing-image/missing-image.jpg')">
            <div class="hover"></div>
            
            <div class="stickers"></div>
        </div>
    </a>
    <div>
        <h4><a href="../conf-smlp-youme-akenta.html"><b>Conf S.m.l.p. You&me Akenta</b></a></h4>
        <p class="description">1.5 Lt</p>
        <p class="right price"><b>39.90 €</b></p>
        <p class="right unitPrice">26.60 € per litre</p>
    </div>
    <div class="contButton">
    <a class="button bgRed white addToCart" href="#">Add</a>
</div>
</div><div class="left product prod45"
        data-name="Spum 958 Santero Pop Art 75cl"
        data-price="7.10"
        data-id="76643"
        data-available="yes"
        data-category="421"
        data-bestselling="">
    <a href="../spum-958-santero-pop-art-75cl.html">
        <div style="background-image: url('../../cdn.spesati.com/images/products/missing-image/missing-image.jpg')">
            <div class="hover"></div>
            
            <div class="stickers"></div>
        </div>
    </a>
    <div>
        <h4><a href="../spum-958-santero-pop-art-75cl.html"><b>Spum 958 Santero Pop Art 75cl</b></a></h4>
        <p class="description">0.75 Lt</p>
        <p class="right price"><b>7.10 €</b></p>
        <p class="right unitPrice">9.47 € per litre</p>
    </div>
    <div class="contButton">
    <a class="button bgRed white addToCart" href="#">Add</a>
</div>
</div><div class="left product prod46"
        data-name="Spuman.birbante Rose'asinara75"
        data-price="12.81"
        data-id="78177"
        data-available="yes"
        data-category="421"
        data-bestselling="">
    <a href="../spumanbirbante-roseasinara75.html">
        <div style="background-image: url('../../cdn.spesati.com/images/products/missing-image/missing-image.jpg')">
            <div class="hover"></div>
            
            <div class="stickers"></div>
        </div>
    </a>
    <div>
        <h4><a href="../spumanbirbante-roseasinara75.html"><b>Spuman.birbante Rose'asinara75</b></a></h4>
        <p class="description">0.75 Lt</p>
        <p class="right price"><b>12.81 €</b></p>
        <p class="right unitPrice">17.08 € per litre</p>
    </div>
    <div class="contButton">
    <a class="button bgRed white addToCart" href="#">Add</a>
</div>
</div><div class="left product prod47"
        data-name="Spum Chandon Garden Spritz 1.5"
        data-price="52.15"
        data-id="78393"
        data-available="yes"
        data-category="421"
        data-bestselling="">
    <a href="../spum-chandon-garden-spritz-15.html">
        <div style="background-image: url('../../cdn.spesati.com/images/products/missing-image/missing-image.jpg')">
            <div class="hover"></div>
            
            <div class="stickers"></div>
        </div>
    </a>
    <div>
        <h4><a href="../spum-chandon-garden-spritz-15.html"><b>Spum Chandon Garden Spritz 1.5</b></a></h4>
        <p class="description">1.5 Lt</p>
        <p class="right price"><b>52.15 €</b></p>
        <p class="right unitPrice">34.77 € per litre</p>
    </div>
    <div class="contButton">
    <a class="button bgRed white addToCart" href="#">Add</a>
</div>
</div><div class="left product prod48"
        data-name="Pros Rgd Vald Sup Docg Exd 75c"
        data-price="8.99"
        data-id="78399"
        data-available="yes"
        data-category="421"
        data-bestselling="">
    <a href="../pros-rgd-vald-sup-docg-exd-75c.html">
        <div style="background-image: url('../../cdn.spesati.com/images/products/missing-image/missing-image.jpg')">
            <div class="hover"></div>
            
            <div class="stickers"></div>
        </div>
    </a>
    <div>
        <h4><a href="../pros-rgd-vald-sup-docg-exd-75c.html"><b>Pros Rgd Vald Sup Docg Exd 75c</b></a></h4>
        <p class="description">0.75 Lt</p>
        <p class="right price"><b>8.99 €</b></p>
        <p class="right unitPrice">11.99 € per litre</p>
    </div>
    <div class="contButton">
    <a class="button bgRed white addToCart" href="#">Add</a>
</div>
</div><div class="left product prod49"
        data-name="Prosecc Rdg Vald Brut Docg 75c"
        data-price="8.99"
        data-id="78402"
        data-available="yes"
        data-category="421"
        data-bestselling="">
    <a href="../prosecc-rdg-vald-brut-docg-75c.html">
        <div style="background-image: url('../../cdn.spesati.com/images/products/missing-image/missing-image.jpg')">
            <div class="hover"></div>
            
            <div class="stickers"></div>
        </div>
    </a>
    <div>
        <h4><a href="../prosecc-rdg-vald-brut-docg-75c.html"><b>Prosecc Rdg Vald Brut Docg 75c</b></a></h4>
        <p class="description">0.75 Lt</p>
        <p class="right price"><b>8.99 €</b></p>
        <p class="right unitPrice">11.99 € per litre</p>
    </div>
    <div class="contButton">
    <a class="button bgRed white addToCart" href="#">Add</a>
</div>
</div><div class="left product prod50"
        data-name="Spum.ferrari Maximum Rose' 75c"
        data-price="29.90"
        data-id="78955"
        data-available="yes"
        data-category="421"
        data-bestselling="">
    <a href="../spumferrari-maximum-rose-75c.html">
        <div style="background-image: url('../../cdn.spesati.com/images/products/missing-image/missing-image.jpg')">
            <div class="hover"></div>
            
            <div class="stickers"></div>
        </div>
    </a>
    <div>
        <h4><a href="../spumferrari-maximum-rose-75c.html"><b>Spum.ferrari Maximum Rose' 75c</b></a></h4>
        <p class="description">0.75 Lt</p>
        <p class="right price"><b>29.90 €</b></p>
        <p class="right unitPrice">39.87 € per litre</p>
    </div>
    <div class="contButton">
    <a class="button bgRed white addToCart" href="#">Add</a>
</div>
</div><div class="left product prod51"
        data-name="Spum. Ferrari Perle' Zero 75cl"
        data-price="49.90"
        data-id="79069"
        data-available="yes"
        data-category="421"
        data-bestselling="">
    <a href="../spum-ferrari-perle-zero-75cl.html">
        <div style="background-image: url('../../cdn.spesati.com/images/products/missing-image/missing-image.jpg')">
            <div class="hover"></div>
            
            <div class="stickers"></div>
        </div>
    </a>
    <div>
        <h4><a href="../spum-ferrari-perle-zero-75cl.html"><b>Spum. Ferrari Perle' Zero 75cl</b></a></h4>
        <p class="description">0.75 Lt</p>
        <p class="right price"><b>49.90 €</b></p>
        <p class="right unitPrice">66.54 € per litre</p>
    </div>
    <div class="contButton">
    <a class="button bgRed white addToCart" href="#">Add</a>
</div>
</div><div class="left product prod52"
        data-name="Spum S.&m. Oscari Torbato 75cl"
        data-price="19.99"
        data-id="84893"
        data-available="yes"
        data-category="421"
        data-bestselling="">
    <a href="../spum-sm-oscari-torbato-75cl.html">
        <div style="background-image: url('../../cdn.spesati.com/images/products/missing-image/missing-image.jpg')">
            <div class="hover"></div>
            
            <div class="stickers"></div>
        </div>
    </a>
    <div>
        <h4><a href="../spum-sm-oscari-torbato-75cl.html"><b>Spum S.&m. Oscari Torbato 75cl</b></a></h4>
        <p class="description">0.75 Lt</p>
        <p class="right price"><b>19.99 €</b></p>
        <p class="right unitPrice">26.66 € per litre</p>
    </div>
    <div class="contButton">
    <a class="button bgRed white addToCart" href="#">Add</a>
</div>
</div><div class="left product prod53"
        data-name="Spum Sm La Palma Akenta Doc1,5"
        data-price="22.90"
        data-id="87524"
        data-available="yes"
        data-category="421"
        data-bestselling="">
    <a href="../spum-sm-la-palma-akenta-doc15.html">
        <div style="background-image: url('../../cdn.spesati.com/images/products/missing-image/missing-image.jpg')">
            <div class="hover"></div>
            
            <div class="stickers"></div>
        </div>
    </a>
    <div>
        <h4><a href="../spum-sm-la-palma-akenta-doc15.html"><b>Spum Sm La Palma Akenta Doc1,5</b></a></h4>
        <p class="description">1.5 Lt</p>
        <p class="right price"><b>22.90 €</b></p>
        <p class="right unitPrice">15.26 € per litre</p>
    </div>
    <div class="contButton">
    <a class="button bgRed white addToCart" href="#">Add</a>
</div>
</div><div class="left product prod54"
        data-name="Spum Bellussi Blanc De Noir 75"
        data-price="16.32"
        data-id="88956"
        data-available="yes"
        data-category="421"
        data-bestselling="">
    <a href="../spum-bellussi-blanc-de-noir-75.html">
        <div style="background-image: url('../../cdn.spesati.com/images/products/missing-image/missing-image.jpg')">
            <div class="hover"></div>
            
            <div class="stickers"></div>
        </div>
    </a>
    <div>
        <h4><a href="../spum-bellussi-blanc-de-noir-75.html"><b>Spum Bellussi Blanc De Noir 75</b></a></h4>
        <p class="description">0.75 Lt</p>
        <p class="right price"><b>16.32 €</b></p>
        <p class="right unitPrice">21.76 € per litre</p>
    </div>
    <div class="contButton">
    <a class="button bgRed white addToCart" href="#">Add</a>
</div>
</div><div class="left product prod55"
        data-name="Spum Contri Dolce Gr Dess 75cl"
        data-price="2.59"
        data-id="28661"
        data-available="yes"
        data-category="421"
        data-bestselling="">
    <a href="../spum-contri-dolce-gr-dess-75cl.html">
        <div style="background-image: url('../../cdn.spesati.com/images/products/missing-image/missing-image.jpg')">
            <div class="hover"></div>
            
            <div class="stickers"></div>
        </div>
    </a>
    <div>
        <h4><a href="../spum-contri-dolce-gr-dess-75cl.html"><b>Spum Contri Dolce Gr Dess 75cl</b></a></h4>
        <p class="description">0.75 Lt</p>
        <p class="right price"><b>2.59 €</b></p>
        <p class="right unitPrice">3.45 € per litre</p>
    </div>
    <div class="contButton">
    <a class="button bgRed white addToCart" href="#">Add</a>
</div>
</div><div class="left product prod56"
        data-name="Spum.ferrari Brut 6lt"
        data-price="358.13"
        data-id="28677"
        data-available="yes"
        data-category="421"
        data-bestselling="">
    <a href="../spumferrari-brut-6lt.html">
        <div style="background-image: url('../../cdn.spesati.com/images/products/missing-image/missing-image.jpg')">
            <div class="hover"></div>
            
            <div class="stickers"></div>
        </div>
    </a>
    <div>
        <h4><a href="../spumferrari-brut-6lt.html"><b>Spum.ferrari Brut 6lt</b></a></h4>
        <p class="description">6 Lt</p>
        <p class="right price"><b>358.13 €</b></p>
        <p class="right unitPrice">59.68 € per litre</p>
    </div>
    <div class="contButton">
    <a class="button bgRed white addToCart" href="#">Add</a>
</div>
</div><div class="left product prod57"
        data-name="Spum.ferrari Brut 3lt"
        data-price="129.00"
        data-id="28678"
        data-available="yes"
        data-category="421"
        data-bestselling="">
    <a href="../spumferrari-brut-3lt.html">
        <div style="background-image: url('../../cdn.spesati.com/images/products/missing-image/missing-image.jpg')">
            <div class="hover"></div>
            
            <div class="stickers"></div>
        </div>
    </a>
    <div>
        <h4><a href="../spumferrari-brut-3lt.html"><b>Spum.ferrari Brut 3lt</b></a></h4>
        <p class="description">3 Lt</p>
        <p class="right price"><b>129.00 €</b></p>
        <p class="right unitPrice">43.01 € per litre</p>
    </div>
    <div class="contButton">
    <a class="button bgRed white addToCart" href="#">Add</a>
</div>
</div><div class="left product prod58"
        data-name="Spum Ferrari Perle'bianco 75as"
        data-price="43.91"
        data-id="28688"
        data-available="yes"
        data-category="421"
        data-bestselling="">
    <a href="../spum-ferrari-perlebianco-75as.html">
        <div style="background-image: url('../../cdn.spesati.com/images/products/missing-image/missing-image.jpg')">
            <div class="hover"></div>
            
            <div class="stickers"></div>
        </div>
    </a>
    <div>
        <h4><a href="../spum-ferrari-perlebianco-75as.html"><b>Spum Ferrari Perle'bianco 75as</b></a></h4>
        <p class="description">0.75 Lt</p>
        <p class="right price"><b>43.91 €</b></p>
        <p class="right unitPrice">58.55 € per litre</p>
    </div>
    <div class="contButton">
    <a class="button bgRed white addToCart" href="#">Add</a>
</div>
</div><div class="left product prod59"
        data-name="Spum.prosecco Villa Sandi Cl75"
        data-price="13.49"
        data-id="28698"
        data-available="yes"
        data-category="421"
        data-bestselling="">
    <a href="../spumprosecco-villa-sandi-cl75.html">
        <div style="background-image: url('../../cdn.spesati.com/images/products/missing-image/missing-image.jpg')">
            <div class="hover"></div>
            
            <div class="stickers"></div>
        </div>
    </a>
    <div>
        <h4><a href="../spumprosecco-villa-sandi-cl75.html"><b>Spum.prosecco Villa Sandi Cl75</b></a></h4>
        <p class="description">0.75 Lt</p>
        <p class="right price"><b>13.49 €</b></p>
        <p class="right unitPrice">17.98 € per litre</p>
    </div>
    <div class="contButton">
    <a class="button bgRed white addToCart" href="#">Add</a>
</div>
</div><div class="left product prod60"
        data-name="Spum.prosecco Villa S. Fresco"
        data-price="10.43"
        data-id="28699"
        data-available="yes"
        data-category="421"
        data-bestselling="">
    <a href="../spumprosecco-villa-s-fresco.html">
        <div style="background-image: url('../../cdn.spesati.com/images/products/missing-image/missing-image.jpg')">
            <div class="hover"></div>
            
            <div class="stickers"></div>
        </div>
    </a>
    <div>
        <h4><a href="../spumprosecco-villa-s-fresco.html"><b>Spum.prosecco Villa S. Fresco</b></a></h4>
        <p class="description">0.75 Lt</p>
        <p class="right price"><b>10.43 €</b></p>
        <p class="right unitPrice">13.91 € per litre</p>
    </div>
    <div class="contButton">
    <a class="button bgRed white addToCart" href="#">Add</a>
</div>
</div><div class="left product prod61"
        data-name="Spum.prosecco Villa S Cartizze"
        data-price="25.12"
        data-id="28702"
        data-available="yes"
        data-category="421"
        data-bestselling="">
    <a href="../spumprosecco-villa-s-cartizze.html">
        <div style="background-image: url('../../cdn.spesati.com/images/products/missing-image/missing-image.jpg')">
            <div class="hover"></div>
            
            <div class="stickers"></div>
        </div>
    </a>
    <div>
        <h4><a href="../spumprosecco-villa-s-cartizze.html"><b>Spum.prosecco Villa S Cartizze</b></a></h4>
        <p class="description">0.75 Lt</p>
        <p class="right price"><b>25.12 €</b></p>
        <p class="right unitPrice">33.49 € per litre</p>
    </div>
    <div class="contButton">
    <a class="button bgRed white addToCart" href="#">Add</a>
</div>
</div><div class="left product prod62"
        data-name="Spum.prosecco Villa S Cuvee'"
        data-price="14.93"
        data-id="28704"
        data-available="yes"
        data-category="421"
        data-bestselling="">
    <a href="../spumprosecco-villa-s-cuvee.html">
        <div style="background-image: url('../../cdn.spesati.com/images/products/missing-image/missing-image.jpg')">
            <div class="hover"></div>
            
            <div class="stickers"></div>
        </div>
    </a>
    <div>
        <h4><a href="../spumprosecco-villa-s-cuvee.html"><b>Spum.prosecco Villa S Cuvee'</b></a></h4>
        <p class="description">0.75 Lt</p>
        <p class="right price"><b>14.93 €</b></p>
        <p class="right unitPrice">19.91 € per litre</p>
    </div>
    <div class="contButton">
    <a class="button bgRed white addToCart" href="#">Add</a>
</div>
</div><div class="left product prod63"
        data-name="Spum.prosecco Villa S. 1,5lt"
        data-price="31.66"
        data-id="28706"
        data-available="yes"
        data-category="421"
        data-bestselling="">
    <a href="../spumprosecco-villa-s-15lt.html">
        <div style="background-image: url('../../cdn.spesati.com/images/products/missing-image/missing-image.jpg')">
            <div class="hover"></div>
            
            <div class="stickers"></div>
        </div>
    </a>
    <div>
        <h4><a href="../spumprosecco-villa-s-15lt.html"><b>Spum.prosecco Villa S. 1,5lt</b></a></h4>
        <p class="description">1.5 Lt</p>
        <p class="right price"><b>31.66 €</b></p>
        <p class="right unitPrice">21.11 € per litre</p>
    </div>
    <div class="contButton">
    <a class="button bgRed white addToCart" href="#">Add</a>
</div>
</div><div class="left product prod64"
        data-name="Spum.bellavista Alma Brut Cuve"
        data-price="34.90"
        data-id="28717"
        data-available="yes"
        data-category="421"
        data-bestselling="">
    <a href="../spumbellavista-alma-brut-cuve.html">
        <div style="background-image: url('../../cdn.spesati.com/images/products/missing-image/missing-image.jpg')">
            <div class="hover"></div>
            
            <div class="stickers"></div>
        </div>
    </a>
    <div>
        <h4><a href="../spumbellavista-alma-brut-cuve.html"><b>Spum.bellavista Alma Brut Cuve</b></a></h4>
        <p class="description">0.75 Lt</p>
        <p class="right price"><b>34.90 €</b></p>
        <p class="right unitPrice">46.53 € per litre</p>
    </div>
    <div class="contButton">
    <a class="button bgRed white addToCart" href="#">Add</a>
</div>
</div><div class="left product prod65"
        data-name="Spum.bellavista Brut Rose'"
        data-price="49.90"
        data-id="28718"
        data-available="yes"
        data-category="421"
        data-bestselling="">
    <a href="../spumbellavista-brut-rose.html">
        <div style="background-image: url('../../cdn.spesati.com/images/products/missing-image/missing-image.jpg')">
            <div class="hover"></div>
            
            <div class="stickers"></div>
        </div>
    </a>
    <div>
        <h4><a href="../spumbellavista-brut-rose.html"><b>Spum.bellavista Brut Rose'</b></a></h4>
        <p class="description">0.75 Lt</p>
        <p class="right price"><b>49.90 €</b></p>
        <p class="right unitPrice">66.54 € per litre</p>
    </div>
    <div class="contButton">
    <a class="button bgRed white addToCart" href="#">Add</a>
</div>
</div><div class="left product prod66"
        data-name="Spum.bellavista Alma Br Cuv 3l"
        data-price="336.39"
        data-id="28720"
        data-available="yes"
        data-category="421"
        data-bestselling="">
    <a href="../spumbellavista-alma-br-cuv-3l.html">
        <div style="background-image: url('../../cdn.spesati.com/images/products/missing-image/missing-image.jpg')">
            <div class="hover"></div>
            
            <div class="stickers"></div>
        </div>
    </a>
    <div>
        <h4><a href="../spumbellavista-alma-br-cuv-3l.html"><b>Spum.bellavista Alma Br Cuv 3l</b></a></h4>
        <p class="description">3 Lt</p>
        <p class="right price"><b>336.39 €</b></p>
        <p class="right unitPrice">112.13 € per litre</p>
    </div>
    <div class="contButton">
    <a class="button bgRed white addToCart" href="#">Add</a>
</div>
</div><div class="left product prod67"
        data-name="Spum.bellav V.morett2008 75ast"
        data-price="110.00"
        data-id="28723"
        data-available="yes"
        data-category="421"
        data-bestselling="">
    <a href="../spumbellav-vmorett2008-75ast.html">
        <div style="background-image: url('../../cdn.spesati.com/images/products/missing-image/missing-image.jpg')">
            <div class="hover"></div>
            
            <div class="stickers"></div>
        </div>
    </a>
    <div>
        <h4><a href="../spumbellav-vmorett2008-75ast.html"><b>Spum.bellav V.morett2008 75ast</b></a></h4>
        <p class="description">0.75 Lt</p>
        <p class="right price"><b>110.00 €</b></p>
        <p class="right unitPrice">146.67 € per litre</p>
    </div>
    <div class="contButton">
    <a class="button bgRed white addToCart" href="#">Add</a>
</div>
</div><div class="left product prod68"
        data-name="Spum.bellav Saten Brut 75clast"
        data-price="49.90"
        data-id="28725"
        data-available="yes"
        data-category="421"
        data-bestselling="">
    <a href="../spumbellav-saten-brut-75clast.html">
        <div style="background-image: url('../../cdn.spesati.com/images/products/missing-image/missing-image.jpg')">
            <div class="hover"></div>
            
            <div class="stickers"></div>
        </div>
    </a>
    <div>
        <h4><a href="../spumbellav-saten-brut-75clast.html"><b>Spum.bellav Saten Brut 75clast</b></a></h4>
        <p class="description">0.75 Lt</p>
        <p class="right price"><b>49.90 €</b></p>
        <p class="right unitPrice">66.54 € per litre</p>
    </div>
    <div class="contButton">
    <a class="button bgRed white addToCart" href="#">Add</a>
</div>
</div><div class="left product prod69"
        data-name="Spum Cuvee Ca' Del Bosco 75 Cl"
        data-price="46.90"
        data-id="28727"
        data-available="yes"
        data-category="421"
        data-bestselling="">
    <a href="../spum-cuvee-ca-del-bosco-75-cl.html">
        <div style="background-image: url('../../cdn.spesati.com/images/products/missing-image/missing-image.jpg')">
            <div class="hover"></div>
            
            <div class="stickers"></div>
        </div>
    </a>
    <div>
        <h4><a href="../spum-cuvee-ca-del-bosco-75-cl.html"><b>Spum Cuvee Ca' Del Bosco 75 Cl</b></a></h4>
        <p class="description">0.75 Lt</p>
        <p class="right price"><b>46.90 €</b></p>
        <p class="right unitPrice">62.54 € per litre</p>
    </div>
    <div class="contButton">
    <a class="button bgRed white addToCart" href="#">Add</a>
</div>
</div><div class="left product prod70"
        data-name="Spum Contadi Castaldi Brut 75c"
        data-price="15.90"
        data-id="28736"
        data-available="yes"
        data-category="421"
        data-bestselling="">
    <a href="../spum-contadi-castaldi-brut-75c.html">
        <div style="background-image: url('../../cdn.spesati.com/images/products/missing-image/missing-image.jpg')">
            <div class="hover"></div>
            
            <div class="stickers"></div>
        </div>
    </a>
    <div>
        <h4><a href="../spum-contadi-castaldi-brut-75c.html"><b>Spum Contadi Castaldi Brut 75c</b></a></h4>
        <p class="description">0.75 Lt</p>
        <p class="right price"><b>15.90 €</b></p>
        <p class="right unitPrice">21.20 € per litre</p>
    </div>
    <div class="contButton">
    <a class="button bgRed white addToCart" href="#">Add</a>
</div>
</div><div class="left product prod71"
        data-name="Spum Contadi Castaldi Sate 75c"
        data-price="29.60"
        data-id="28737"
        data-available="yes"
        data-category="421"
        data-bestselling="">
    <a href="../spum-contadi-castaldi-sate-75c.html">
        <div style="background-image: url('../../cdn.spesati.com/images/products/missing-image/missing-image.jpg')">
            <div class="hover"></div>
            
            <div class="stickers"></div>
        </div>
    </a>
    <div>
        <h4><a href="../spum-contadi-castaldi-sate-75c.html"><b>Spum Contadi Castaldi Sate 75c</b></a></h4>
        <p class="description">0.75 Lt</p>
        <p class="right price"><b>29.60 €</b></p>
        <p class="right unitPrice">39.47 € per litre</p>
    </div>
    <div class="contButton">
    <a class="button bgRed white addToCart" href="#">Add</a>
</div>
</div><div class="left product prod72"
        data-name="Spumante Karagnanj Brut 75 Cl"
        data-price="22.90"
        data-id="28757"
        data-available="yes"
        data-category="421"
        data-bestselling="">
    <a href="../spumante-karagnanj-brut-75-cl.html">
        <div style="background-image: url('../../cdn.spesati.com/images/products/missing-image/missing-image.jpg')">
            <div class="hover"></div>
            
            <div class="stickers"></div>
        </div>
    </a>
    <div>
        <h4><a href="../spumante-karagnanj-brut-75-cl.html"><b>Spumante Karagnanj Brut 75 Cl</b></a></h4>
        <p class="description">0.75 Lt</p>
        <p class="right price"><b>22.90 €</b></p>
        <p class="right unitPrice">30.54 € per litre</p>
    </div>
    <div class="contButton">
    <a class="button bgRed white addToCart" href="#">Add</a>
</div>
</div><div class="left product prod73"
        data-name="Spum S.&m.brut Di Torbato Magn"
        data-price="15.90"
        data-id="28758"
        data-available="yes"
        data-category="421"
        data-bestselling="">
    <a href="../spum-smbrut-di-torbato-magn.html">
        <div style="background-image: url('../../cdn.spesati.com/images/products/missing-image/missing-image.jpg')">
            <div class="hover"></div>
            
            <div class="stickers"></div>
        </div>
    </a>
    <div>
        <h4><a href="../spum-smbrut-di-torbato-magn.html"><b>Spum S.&m.brut Di Torbato Magn</b></a></h4>
        <p class="description">1.5 Lt</p>
        <p class="right price"><b>15.90 €</b></p>
        <p class="right unitPrice">10.60 € per litre</p>
    </div>
    <div class="contButton">
    <a class="button bgRed white addToCart" href="#">Add</a>
</div>
</div><div class="left product prod74"
        data-name="Spum Contini Attilio Brut 1.5c"
        data-price="37.61"
        data-id="28792"
        data-available="yes"
        data-category="421"
        data-bestselling="">
    <a href="../spum-contini-attilio-brut-15c.html">
        <div style="background-image: url('../../cdn.spesati.com/images/products/missing-image/missing-image.jpg')">
            <div class="hover"></div>
            
            <div class="stickers"></div>
        </div>
    </a>
    <div>
        <h4><a href="../spum-contini-attilio-brut-15c.html"><b>Spum Contini Attilio Brut 1.5c</b></a></h4>
        <p class="description">1.5 Lt</p>
        <p class="right price"><b>37.61 €</b></p>
        <p class="right unitPrice">25.07 € per litre</p>
    </div>
    <div class="contButton">
    <a class="button bgRed white addToCart" href="#">Add</a>
</div>
</div><div class="left product prod75"
        data-name="Spum Monti Moscato 75cl"
        data-price="6.49"
        data-id="28858"
        data-available="yes"
        data-category="421"
        data-bestselling="">
    <a href="../spum-monti-moscato-75cl.html">
        <div style="background-image: url('../../cdn.spesati.com/images/products/missing-image/missing-image.jpg')">
            <div class="hover"></div>
            
            <div class="stickers"></div>
        </div>
    </a>
    <div>
        <h4><a href="../spum-monti-moscato-75cl.html"><b>Spum Monti Moscato 75cl</b></a></h4>
        <p class="description">0.75 Lt</p>
        <p class="right price"><b>6.49 €</b></p>
        <p class="right unitPrice">8.65 € per litre</p>
    </div>
    <div class="contButton">
    <a class="button bgRed white addToCart" href="#">Add</a>
</div>
</div><div class="left product prod76"
        data-name="Spum Gallura Moscato Doc 75cl"
        data-price="13.90"
        data-id="28913"
        data-available="yes"
        data-category="421"
        data-bestselling="">
    <a href="../spum-gallura-moscato-doc-75cl.html">
        <div style="background-image: url('../../cdn.spesati.com/images/products/missing-image/missing-image.jpg')">
            <div class="hover"></div>
            
            <div class="stickers"></div>
        </div>
    </a>
    <div>
        <h4><a href="../spum-gallura-moscato-doc-75cl.html"><b>Spum Gallura Moscato Doc 75cl</b></a></h4>
        <p class="description">0.75 Lt</p>
        <p class="right price"><b>13.90 €</b></p>
        <p class="right unitPrice">18.53 € per litre</p>
    </div>
    <div class="contButton">
    <a class="button bgRed white addToCart" href="#">Add</a>
</div>
</div><div class="left product prod77"
        data-name="Spum Mogoro Brut Anastasia 75c"
        data-price="9.79"
        data-id="28960"
        data-available="yes"
        data-category="421"
        data-bestselling="">
    <a href="../spum-mogoro-brut-anastasia-75c.html">
        <div style="background-image: url('../../cdn.spesati.com/images/products/missing-image/missing-image.jpg')">
            <div class="hover"></div>
            
            <div class="stickers"></div>
        </div>
    </a>
    <div>
        <h4><a href="../spum-mogoro-brut-anastasia-75c.html"><b>Spum Mogoro Brut Anastasia 75c</b></a></h4>
        <p class="description">0.75 Lt</p>
        <p class="right price"><b>9.79 €</b></p>
        <p class="right unitPrice">13.05 € per litre</p>
    </div>
    <div class="contButton">
    <a class="button bgRed white addToCart" href="#">Add</a>
</div>
</div><div class="left product prod78"
        data-name="Spum S.&m.brut Torb Cuvee Magn"
        data-price="26.84"
        data-id="29003"
        data-available="yes"
        data-category="421"
        data-bestselling="">
    <a href="../spum-smbrut-torb-cuvee-magn.html">
        <div style="background-image: url('../../cdn.spesati.com/images/products/missing-image/missing-image.jpg')">
            <div class="hover"></div>
            
            <div class="stickers"></div>
        </div>
    </a>
    <div>
        <h4><a href="../spum-smbrut-torb-cuvee-magn.html"><b>Spum S.&m.brut Torb Cuvee Magn</b></a></h4>
        <p class="description">0.15 Lt</p>
        <p class="right price"><b>26.84 €</b></p>
        <p class="right unitPrice">178.93 € per litre</p>
    </div>
    <div class="contButton">
    <a class="button bgRed white addToCart" href="#">Add</a>
</div>
</div><div class="left product prod79"
        data-name="Spum.march Antin Blanc D Bla75"
        data-price="27.90"
        data-id="29086"
        data-available="yes"
        data-category="421"
        data-bestselling="">
    <a href="../spummarch-antin-blanc-d-bla75.html">
        <div style="background-image: url('../../cdn.spesati.com/images/products/missing-image/missing-image.jpg')">
            <div class="hover"></div>
            
            <div class="stickers"></div>
        </div>
    </a>
    <div>
        <h4><a href="../spummarch-antin-blanc-d-bla75.html"><b>Spum.march Antin Blanc D Bla75</b></a></h4>
        <p class="description">0.75 Lt</p>
        <p class="right price"><b>27.90 €</b></p>
        <p class="right unitPrice">37.20 € per litre</p>
    </div>
    <div class="contButton">
    <a class="button bgRed white addToCart" href="#">Add</a>
</div>
</div><div class="left product prod80"
        data-name="Spum Lamberti Extra Dry 75 Cl"
        data-price="5.48"
        data-id="29153"
        data-available="yes"
        data-category="421"
        data-bestselling="">
    <a href="../spum-lamberti-extra-dry-75-cl.html">
        <div style="background-image: url('../../cdn.spesati.com/images/products/missing-image/missing-image.jpg')">
            <div class="hover"></div>
            
            <div class="stickers"></div>
        </div>
    </a>
    <div>
        <h4><a href="../spum-lamberti-extra-dry-75-cl.html"><b>Spum Lamberti Extra Dry 75 Cl</b></a></h4>
        <p class="description">0.75 Lt</p>
        <p class="right price"><b>5.48 €</b></p>
        <p class="right unitPrice">7.30 € per litre</p>
    </div>
    <div class="contButton">
    <a class="button bgRed white addToCart" href="#">Add</a>
</div>
</div><div class="left product prod81"
        data-name="Spum Bolla Cuvee Brut 75 Cl"
        data-price="8.69"
        data-id="29154"
        data-available="yes"
        data-category="421"
        data-bestselling="">
    <a href="../spum-bolla-cuvee-brut-75-cl.html">
        <div style="background-image: url('../../cdn.spesati.com/images/products/missing-image/missing-image.jpg')">
            <div class="hover"></div>
            
            <div class="stickers"></div>
        </div>
    </a>
    <div>
        <h4><a href="../spum-bolla-cuvee-brut-75-cl.html"><b>Spum Bolla Cuvee Brut 75 Cl</b></a></h4>
        <p class="description">0.75 Lt</p>
        <p class="right price"><b>8.69 €</b></p>
        <p class="right unitPrice">11.59 € per litre</p>
    </div>
    <div class="contButton">
    <a class="button bgRed white addToCart" href="#">Add</a>
</div>
</div><div class="left product prod82"
        data-name="Spum Brut Argiolas Tagliam 75c"
        data-price="14.29"
        data-id="29218"
        data-available="yes"
        data-category="421"
        data-bestselling="">
    <a href="../spum-brut-argiolas-tagliam-75c.html">
        <div style="background-image: url('../../cdn.spesati.com/images/products/missing-image/missing-image.jpg')">
            <div class="hover"></div>
            
            <div class="stickers"></div>
        </div>
    </a>
    <div>
        <h4><a href="../spum-brut-argiolas-tagliam-75c.html"><b>Spum Brut Argiolas Tagliam 75c</b></a></h4>
        <p class="description">0.75 Lt</p>
        <p class="right price"><b>14.29 €</b></p>
        <p class="right unitPrice">19.06 € per litre</p>
    </div>
    <div class="contButton">
    <a class="button bgRed white addToCart" href="#">Add</a>
</div>
</div><div class="left product prod83"
        data-name="Spumante Aristanis Brut 75 Cl"
        data-price="12.52"
        data-id="28885"
        data-available="no"
        data-category="421"
        data-bestselling="">
    <a href="../spumante-aristanis-brut-75-cl.html">
        <div style="background-image: url('../../cdn.spesati.com/images/products/000209433/aristanis-vino-spumante-di-qualita-metodo-classico-brut-0-75-l-01.png')">
            <div class="hover"></div>
            
            <div class="stickers"></div>
        </div>
    </a>
    <div>
        <h4><a href="../spumante-aristanis-brut-75-cl.html"><b>Spumante Aristanis Brut 75 Cl</b></a></h4>
        <p class="description">Aristanis Vino Spumante di Qualità Metodo Classico Brut 0,75 l</p>
        <p class="right price"><b>12.52 €</b></p>
        <p class="right unitPrice">16.69 € per litre</p>
    </div>
    <div class="notAvailable">
    <a class="button bgDarkGrey white" href="../spumante-aristanis-brut-75-cl.html">Not available</a>
</div>
</div><div class="left product prod84"
        data-name="Spum Argiolas Metodo Cla 75 Cl"
        data-price="40.26"
        data-id="29225"
        data-available="no"
        data-category="421"
        data-bestselling="">
    <a href="../spum-argiolas-metodo-cla-75-cl.html">
        <div style="background-image: url('../../cdn.spesati.com/images/products/missing-image/missing-image.jpg')">
            <div class="hover"></div>
            
            <div class="stickers"></div>
        </div>
    </a>
    <div>
        <h4><a href="../spum-argiolas-metodo-cla-75-cl.html"><b>Spum Argiolas Metodo Cla 75 Cl</b></a></h4>
        <p class="description">0.75 Lt</p>
        <p class="right price"><b>40.26 €</b></p>
        <p class="right unitPrice">53.68 € per litre</p>
    </div>
    <div class="notAvailable">
    <a class="button bgDarkGrey white" href="../spum-argiolas-metodo-cla-75-cl.html">Not available</a>
</div>
</div><div class="left product prod85"
        data-name="Ca' Del Bosco P.cuvee 150cl"
        data-price="89.00"
        data-id="60633"
        data-available="no"
        data-category="421"
        data-bestselling="">
    <a href="../ca-del-bosco-pcuvee-150cl.html">
        <div style="background-image: url('../../cdn.spesati.com/images/products/missing-image/missing-image.jpg')">
            <div class="hover"></div>
            
            <div class="stickers"></div>
        </div>
    </a>
    <div>
        <h4><a href="../ca-del-bosco-pcuvee-150cl.html"><b>Ca' Del Bosco P.cuvee 150cl</b></a></h4>
        <p class="description">1 piece</p>
        <p class="right price"><b>89.00 €</b></p>
        <p class="right unitPrice">89.00 € per piece</p>
    </div>
    <div class="notAvailable">
    <a class="button bgDarkGrey white" href="../ca-del-bosco-pcuvee-150cl.html">Not available</a>
</div>
</div><div class="left product prod86"
        data-name="Spum. Ferrari Perle' Nero 75cl"
        data-price="69.00"
        data-id="79072"
        data-available="no"
        data-category="421"
        data-bestselling="">
    <a href="../spum-ferrari-perle-nero-75cl.html">
        <div style="background-image: url('../../cdn.spesati.com/images/products/missing-image/missing-image.jpg')">
            <div class="hover"></div>
            
            <div class="stickers"></div>
        </div>
    </a>
    <div>
        <h4><a href="../spum-ferrari-perle-nero-75cl.html"><b>Spum. Ferrari Perle' Nero 75cl</b></a></h4>
        <p class="description">0.75 Lt</p>
        <p class="right price"><b>69.00 €</b></p>
        <p class="right unitPrice">92.00 € per litre</p>
    </div>
    <div class="notAvailable">
    <a class="button bgDarkGrey white" href="../spum-ferrari-perle-nero-75cl.html">Not available</a>
</div>
</div><div class="left product prod87"
        data-name="Spum Cagliari 4 Mori Ex Dry 75"
        data-price="8.22"
        data-id="88853"
        data-available="no"
        data-category="421"
        data-bestselling="">
    <a href="../spum-cagliari-4-mori-ex-dry-75.html">
        <div style="background-image: url('../../cdn.spesati.com/images/products/missing-image/missing-image.jpg')">
            <div class="hover"></div>
            
            <div class="stickers"></div>
        </div>
    </a>
    <div>
        <h4><a href="../spum-cagliari-4-mori-ex-dry-75.html"><b>Spum Cagliari 4 Mori Ex Dry 75</b></a></h4>
        <p class="description">0.75 Lt</p>
        <p class="right price"><b>8.22 €</b></p>
        <p class="right unitPrice">10.97 € per litre</p>
    </div>
    <div class="notAvailable">
    <a class="button bgDarkGrey white" href="../spum-cagliari-4-mori-ex-dry-75.html">Not available</a>
</div>
</div><div class="left product prod88"
        data-name="Spum.ferrari Brut 9lt"
        data-price="497.04"
        data-id="28679"
        data-available="no"
        data-category="421"
        data-bestselling="">
    <a href="../spumferrari-brut-9lt.html">
        <div style="background-image: url('../../cdn.spesati.com/images/products/missing-image/missing-image.jpg')">
            <div class="hover"></div>
            
            <div class="stickers"></div>
        </div>
    </a>
    <div>
        <h4><a href="../spumferrari-brut-9lt.html"><b>Spum.ferrari Brut 9lt</b></a></h4>
        <p class="description">9 Lt</p>
        <p class="right price"><b>497.04 €</b></p>
        <p class="right unitPrice">55.23 € per litre</p>
    </div>
    <div class="notAvailable">
    <a class="button bgDarkGrey white" href="../spumferrari-brut-9lt.html">Not available</a>
</div>
</div><div class="left product prod89"
        data-name="Spum.opere T. Brut Villa Sandi"
        data-price="14.69"
        data-id="28705"
        data-available="no"
        data-category="421"
        data-bestselling="">
    <a href="../spumopere-t-brut-villa-sandi.html">
        <div style="background-image: url('../../cdn.spesati.com/images/products/missing-image/missing-image.jpg')">
            <div class="hover"></div>
            
            <div class="stickers"></div>
        </div>
    </a>
    <div>
        <h4><a href="../spumopere-t-brut-villa-sandi.html"><b>Spum.opere T. Brut Villa Sandi</b></a></h4>
        <p class="description">0.75 Lt</p>
        <p class="right price"><b>14.69 €</b></p>
        <p class="right unitPrice">19.58 € per litre</p>
    </div>
    <div class="notAvailable">
    <a class="button bgDarkGrey white" href="../spumopere-t-brut-villa-sandi.html">Not available</a>
</div>
</div><div class="left product prod90"
        data-name="Spum.bellavista Alma Br Cuv 6l"
        data-price="618.70"
        data-id="28721"
        data-available="no"
        data-category="421"
        data-bestselling="">
    <a href="../spumbellavista-alma-br-cuv-6l.html">
        <div style="background-image: url('../../cdn.spesati.com/images/products/missing-image/missing-image.jpg')">
            <div class="hover"></div>
            
            <div class="stickers"></div>
        </div>
    </a>
    <div>
        <h4><a href="../spumbellavista-alma-br-cuv-6l.html"><b>Spum.bellavista Alma Br Cuv 6l</b></a></h4>
        <p class="description">6 Lt</p>
        <p class="right price"><b>618.70 €</b></p>
        <p class="right unitPrice">103.11 € per litre</p>
    </div>
    <div class="notAvailable">
    <a class="button bgDarkGrey white" href="../spumbellavista-alma-br-cuv-6l.html">Not available</a>
</div>
</div><div class="left product prod91"
        data-name="Spum.bellav Pas Opere' 75clast"
        data-price="54.90"
        data-id="28724"
        data-available="no"
        data-category="421"
        data-bestselling="">
    <a href="../spumbellav-pas-opere-75clast.html">
        <div style="background-image: url('../../cdn.spesati.com/images/products/missing-image/missing-image.jpg')">
            <div class="hover"></div>
            
            <div class="stickers"></div>
        </div>
    </a>
    <div>
        <h4><a href="../spumbellav-pas-opere-75clast.html"><b>Spum.bellav Pas Opere' 75clast</b></a></h4>
        <p class="description">0.75 Lt</p>
        <p class="right price"><b>54.90 €</b></p>
        <p class="right unitPrice">73.20 € per litre</p>
    </div>
    <div class="notAvailable">
    <a class="button bgDarkGrey white" href="../spumbellav-pas-opere-75clast.html">Not available</a>
</div>
</div><div class="left product prod92"
        data-name="Spum Monti Brut 75cl"
        data-price="7.14"
        data-id="28855"
        data-available="no"
        data-category="421"
        data-bestselling="">
    <a href="../spum-monti-brut-75cl.html">
        <div style="background-image: url('../../cdn.spesati.com/images/products/missing-image/missing-image.jpg')">
            <div class="hover"></div>
            
            <div class="stickers"></div>
        </div>
    </a>
    <div>
        <h4><a href="../spum-monti-brut-75cl.html"><b>Spum Monti Brut 75cl</b></a></h4>
        <p class="description">0.75 Lt</p>
        <p class="right price"><b>7.14 €</b></p>
        <p class="right unitPrice">9.52 € per litre</p>
    </div>
    <div class="notAvailable">
    <a class="button bgDarkGrey white" href="../spum-monti-brut-75cl.html">Not available</a>
</div>
</div>        </div>
    </div>
</section>
<div class="footer">
    <div class="bgDarkGrey"></div>
    <footer>
        <div class="left bgDarkGrey">
            <a id="logoFooter" href="../index.html" class="estDynamic">
                <img src="../../cdn.spesati.com/images/layout/logo-eng.png" alt="Spesati.com" />
                <h2 class="red">Grocery Delivery</h2>
            </a>
            <a class="button bgRed white mobile" href="tel:390707968318">Phone order</a>
            <a class="button bgRed white desktop" href="../news/2020-04-07/news-on-spesati-the-telephone-order-service-is-active.html">Phone order</a>
            <a class="button bgRed white" href="../cdn-cgi/l/email-protection.html#fb92959d94bb888b9e889a8f92d5989496">Send mail</a>
            <div id="social">
                <a class="left" href="https://www.facebook.com/spesati/" rel="external" target="_blank">
                    <span class="facebook bgRed fa-stack fa-lg">
                        <i class="fa fa-facebook fa-stack-1x "></i>
                    </span>
                </a>
                <a class="right" href="https://twitter.com/spesati" rel="external" target="_blank">
                    <span class="twitter bgRed fa-stack fa-lg">
                        <i class="fa fa-twitter fa-stack-1x "></i>
                    </span>
                </a>
            </div>
            <p>Copyright 2024 Spesati.com </p>
            
                    <p>All rights reserved</p>
                    <p>SPESATI SRL</p>
                    <p>Corso Vittorio Veneto 15/I, 07026, Olbia</p>
                    <p>CF e P.Iva: 02772380909</p>
                        </div>
        <div class="center bgRed">
            <div class="top">
                <h3>Categories</h3>
                <div class="col">
                    <ul>
                        <li>
                            <a href="#" class="estDynamic">On sale</a>
                        </li>
                        <li>
                            <a href="../fruit-and-vegetables.html" class="estDynamic">Fruit and vegetables</a>
                        </li>
                        <li>
                            <a href="../fresh-products.html" class="estDynamic">Fresh products</a>
                        </li>
                        <li>
                            <a href="../frozen-foods.html" class="estDynamic">Frozen foods</a>
                        </li>
                        <li>
                            <a href="../bread-and-pasta.html" class="estDynamic">Bread and pasta</a>
                        </li>
                        <li>
                            <a href="../meat.html" class="estDynamic">Meat</a>
                        </li>
                        <li>
                            <a href="../fish.html" class="estDynamic">Fish</a>
                        </li>
                    </ul>
                </div>
                <div class="col">
                    <ul>
                        <li>
                            <a href="../wine-beer-and-spirits.html" class="estDynamic">Wine beer and spirits</a>
                        </li>
                        <li>
                            <a href="../water-and-drinks.html" class="estDynamic">Water and drinks</a>
                        </li>
                        <li>
                            <a href="../sweets.html" class="estDynamic">Sweets</a>
                        </li>
                        <li>
                            <a href="../shelf.html" class="estDynamic">Cupboard</a>
                        </li>
                        <li>
                            <a href="../personal-care.html" class="estDynamic">Personal care</a>
                        </li>
                        <li>
                            <a href="../household-and-outdoors.html" class="estDynamic">Home and outdoors</a>
                        </li>
                        <li>
                            <a href="../pet.html" class="estDynamic">Pets</a>
                        </li>
                    </ul>
                </div>
                <div class="col">
                    <ul>
                        <li>
                            <a href="../technology.html" class="estDynamic">Technology</a>
                        </li>
                        <li>
                            <a href="../gluten-free.html" class="estDynamic">Gluten free</a>
                        </li>
                        <li>
                            <a href="../lactose-free.html" class="estDynamic">Lactose free</a>
                        </li>
                        <li>
                            <a href="../special.html" class="estDynamic">Special</a>
                        </li>
                        <li>
                            <a href="../sardinian-products.html" class="estDynamic">Sardinian products</a>
                        </li>
                    </ul>
                </div>
            </div>
            <div class="bottom bgRed">
                <div class="left">
                    <h3>Delivery payment</h3>
                    <div>
                        <i class="fa fa-money fa-3x" aria-hidden="true"></i>
                        <p>Cash</p>
                    </div>
                    <div>
                        <i class="fa fa-credit-card fa-3x" aria-hidden="true"></i>
                        <p>Bancomat or card</p>
                    </div>
                </div>
                <div class="right">
                    <h3>Online payment</h3>
                    <div>
                        <i class="fa fa-credit-card fa-3x" aria-hidden="true"></i>
                        <p>Credit or debit card <span class="red">online</span></p>
                    </div>
                    <div>
                        <i class="fa fa-paypal fa-3x" aria-hidden="true"></i>
                        <p>PayPal</p>
                    </div>
                    <div>
                        <i class="fa fa-university fa-3x" aria-hidden="true"></i>
                        <p>Bank transfer</p>
                    </div>
                </div>
            </div>
        </div>
        <div class="right bgRed">
            <div>
                <i class="fa fa-truck fa-flip-horizontal"></i>
                <a class="button bgYellow white" href="../delivery-prices.html">Delivery prices</a>
                
                    <h3>Home delivery:</h3>
                    <p><b>Monday to Saturday</b></p>
                    <p><b>9:00 to 20:00</b></p>
                    <p><b>Minimum order:</b> 29€</p>
                    <p><b>Delivery starting from:</b> 3,50€</p>
                            </div>
            <ul>
                <li>
                    <a href="../delivery-prices.html">Delivery prices</a>
                </li>
                <li>
                    <a href="../about.html">About</a>
                </li>
                <li>
                    <a href="../faq.html">Faq</a>
                </li>
                <li>
                    <a href="../customer-care.html">Support</a>
                </li>
                <li>
                    <a href="../news.html">Blog</a>
                </li>
                <li>
                    <a href="../terms-and-conditions.html">Conditions</a>
                </li>
                <li>
                    <a href="../privacy-policy.html">Privacy policy</a>
                </li>
                <li>
                    <a href="../legal-warranty.html">Legal guarantee</a>
                </li>
            </ul>
        </div>
    </footer>
    <div class="bgRed"></div>
</div>
<!--Start of Tawk.to Script-->
<script data-cfasync="false" src="../cdn-cgi/scripts/5c5dd728/cloudflare-static/email-decode.min.js"></script><script type="text/javascript">
var Tawk_API=Tawk_API||{}, Tawk_LoadStart=new Date();
(function(){
var s1=document.createElement("script"),s0=document.getElementsByTagName("script")[0];
s1.async=true;
s1.src='https://embed.tawk.to/59e86945c28eca75e4626ed9/default';
s1.charset='UTF-8';
s1.setAttribute('crossorigin','*');
s0.parentNode.insertBefore(s1,s0);
})();
</script>
<!--End of Tawk.to Script-->

<!-- Here are parked a few translatable strings, useful for Javascript rendering -->
<div id="js-texts" hidden>
    <input type="hidden" name="save_cart_notice" value="Saving your cart it will be possible to reload it next time you come for shopping">
    <input type="hidden" name="save_cart_notice_title" value="Want to save your cart?">
    <input type="hidden" name="save_cart_ok" value="Save">
    <input type="hidden" name="save_cart_ko" value="Don't Save">
    <input type="hidden" name="reload_cart" value="The Reload Order function allows you to top up your last cart to make a New Order. Warning: do not use this function to add products to the last order. At this time it is not possible to modify an order placed previously.">
</div>

<!-- new site and login popup -->
</body>
<!-- Mirrored from www.spesati.com/wine-beer-and-spirits/sparkling-wine by HTTrack Website Copier/3.x [XR&CO'2014], Fri, 23 Feb 2024 18:17:45 GMT -->
</html>