<!DOCTYPE html><html lang="en">
<!-- Mirrored from www.spesati.com/wine-beer-and-spirits/specialty-wine by HTTrack Website Copier/3.x [XR&CO'2014], Fri, 23 Feb 2024 18:15:51 GMT -->
<!-- Added by HTTrack --><meta http-equiv="content-type" content="text/html;charset=utf-8" /><!-- /Added by HTTrack -->
<head>
    <title>Special wine - Wine beer and spirits - Spesati.com</title>
    <meta http-equiv="Content-Type" content="text/html; charset=UTF-8" />
    <meta name="description" content="" />
    <meta name="keywords" content="" />
    <link href="../images/favicon.ico" rel="shortcut icon" type="image/x-icon" />
    <meta name="author" content="www.dodify.com" /><link rel="canonical" href="specialty-wine.html" /><link rel="alternate" hreflang="en" href="specialty-wine.html" /><link rel="alternate" hreflang="it" href="https://www.spesati.it/vino-birra-e-alcolici/vino-speciale" /><link href="../../cdnjs.cloudflare.com/ajax/libs/meyer-reset/2.0/reset.min.css" rel="stylesheet" type="text/css" /><link href="../../cdnjs.cloudflare.com/ajax/libs/font-awesome/6.5.1/css/all.min.css" rel="stylesheet" type="text/css" /><link href="https://fonts.googleapis.com/css?family=Montserrat:400,700" rel="stylesheet" type="text/css" /><link href="../../cdnjs.cloudflare.com/ajax/libs/fancybox/2.1.5/jquery.fancybox.min.css" rel="stylesheet" type="text/css" /><link href="../style/mainbea6.css?v=7" rel="stylesheet" type="text/css" /><link href="../style/lightslider.css" rel="stylesheet" type="text/css" /><link href="../style/categories.css" rel="stylesheet" type="text/css" /><script src="../../cdnjs.cloudflare.com/ajax/libs/jquery/3.6.1/jquery.min.js" type="text/javascript"></script><script src="../../ajax.googleapis.com/ajax/libs/jquery/1.11.0/jquery.min.js" type="text/javascript"></script><script src="http://unpkg.com/@floating-ui/core@0.4.0" type="text/javascript"></script><script src="http://unpkg.com/@floating-ui/dom@0.2.0" type="text/javascript"></script><script src="../../cdnjs.cloudflare.com/ajax/libs/fancybox/2.1.5/jquery.fancybox.min.js" type="text/javascript"></script><script src="../js/menu.js" type="text/javascript"></script><script src="../js/interfaceb6f5.js?v=10" type="text/javascript"></script><script src="../js/spesati.lightslider.min.js" type="text/javascript"></script><meta name="viewport" content="width=device-width, initial-scale=1, maximum-scale=1" /><meta name = "format-detection" content = "telephone=no">
<!-- Facebook Pixel Code -->
<script>
  !function(f,b,e,v,n,t,s)
  {if(f.fbq)return;n=f.fbq=function(){n.callMethod?
  n.callMethod.apply(n,arguments):n.queue.push(arguments)};
  if(!f._fbq)f._fbq=n;n.push=n;n.loaded=!0;n.version='2.0';
  n.queue=[];t=b.createElement(e);t.async=!0;
  t.src=v;s=b.getElementsByTagName(e)[0];
  s.parentNode.insertBefore(t,s)}(window, document,'script',
  '../../connect.facebook.net/en_US/fbevents.js');
  fbq('init', '792335014180667');
  fbq('track', 'PageView');
</script>
<noscript>
    <img height="1" width="1" style="display:none" src="https://www.facebook.com/tr?id=792335014180667&amp;ev=PageView&amp;noscript=1" />
</noscript>
<!-- End Facebook Pixel Code -->

<!-- GA4 -->
<script async src="https://www.googletagmanager.com/gtag/js?id=G-SSS6NRNXL0"></script>
<script>
  window.dataLayer = window.dataLayer || [];
  function gtag(){dataLayer.push(arguments);}
  gtag('js', new Date());
  gtag('config', 'AW-976671669');
  gtag('config', 'G-SSS6NRNXL0');
</script>
<!-- Elements for PWA deploy -->
<link rel="manifest" href="../manifest.json">
<meta name="theme-color" media="(prefers-color-scheme: light)" content="white">
<meta name="theme-color" media="(prefers-color-scheme: dark)"  content="black">
<link href=../images/icon-192.png rel=apple-touch-icon sizes="192x192">
<!-- Establishment logic -->
<script>var pageEstablishment = "Olbia"; var estDefaultPages = true</script>
    <!--[if lt IE 9]>
        <script src="https://cdnjs.cloudflare.com/ajax/libs/html5shiv/3.7.3/html5shiv.min.js" type="text/javascript"></script>
    <![endif]--><script type="text/javascript">
$(document).ready(function() {
    // Check if exists cookie
    if(document.cookie.indexOf("cookieAccepted") < 0) {
        var cookieText = '<div id=\"cookie\"><p>This site uses cookies. Cookies are used for ads personalisation. <a href=\"/privacy-policy\">More info</a></p><button id=\"cookieConsent\" type=\"button\">Accept</button></div>';
        $("body").append($(
            cookieText
        ));
        $('#cookie').css({
            'width'           : '100%',
            'text-align'      : 'center',
            'color'           : '#FFFFFF',
            'background-color': '#000000', 
            'opacity'         : '.8', 
            'position'        : 'fixed', 
            'bottom'          : '0',
            'padding'         : '.5em 0',
            'z-index'         : '999'
        });
        $('#cookie > *').css({
            'display': 'inline'
        });
        $('#cookie a').css({
            'color'          : '#FFFFFF',
            'text-decoration': 'underline',
            'margin-right'   : '2%'
        });
        $('#cookieConsent').click(function() {
            // Set cookie
            var expiry = new Date();
            expiry.setTime(expiry.getTime() + (365 * 24 * 60 * 60 * 1000));
            document.cookie = "cookieAccepted=yes; expires=" + expiry.toGMTString() + "; path=/; domain=.spesati.com";
            $('#cookie').css({'display': 'none'});
        });
    }
});
</script></head><body><script type="text/javascript">
    var addText = "Add";
    var slider  = null;
    $(document).ready(function() {
        slider = $('#cartSlider').lightSlider({
            controls: false,
            item:13,
            loop:false,
            slideMove:1,
            easing: 'cubic-bezier(0.25, 0, 0.25, 1)',
            speed:600,
            responsive : [
                {
                    breakpoint:1400,
                    settings: {
                        item:12,
                        slideMove:1,
                    }
                },
                {
                    breakpoint:1200,
                    settings: {
                        item:11,
                        slideMove:1,
                    }
                },
                {
                    breakpoint:1080,
                    settings: {
                        item:14,
                        slideMove:1,
                    }
                },
                {
                    breakpoint:800,
                    settings: {
                        item:12,
                        slideMove:1,
                    }
                }
            ]
        });
        $('.lSPager').css("display","none");
        $('.lSAction').css("display","block");
        $('#goToPrevSlide').on('click', function () {
            slider.goToPrevSlide();
        });
        $('#goToNextSlide').on('click', function () {
            slider.goToNextSlide();
        });
    });

</script>
<div id="header" class="bgYellow">
    <header>
        <a class="menu" href="#"><i class="fa red fa-bars fa-2x"></i></a>
        <a id="logo" class="colLeft estDynamic" href="../index.html">
            <img src="../../cdn.spesati.com/images/layout/logo-eng.png" alt="Spesati.com" />
            <h2 class="red">Grocery Delivery</h2>
        </a>
        <div class="colRight">
            <div id="controls" class="right">
                <p id="establishmentControls">
                    <span class="establishmentWarning"><i class="fa-solid fa-triangle-exclamation red" title="Stai visualizzando i prodotti disponibili in una zona diversa. Se vuoi cambiare zona, cliccan qui"></i>&nbsp;&nbsp;</span>
                    Shopping from <b><a id="establishment" href="#"></a></b> <span id="estAddress">for </span> <a href="../change-establishment.html">(<i class="fa-solid fa-pencil"></i> Change)</a> <span class="establishmentWarning">but viewing <b>Olbia</b></span>
                </p>
                <p><a href="https://www.spesati.it/vino-birra-e-alcolici/vino-speciale" class="black switch-site">Versione italiana</a></p>                
            </div>
            <div>
                <form id="search" action="https://www.spesati.com/search" method="post" class="left">
                    <fieldset>
                        <div>
                            <input type="text" name="searchBox" id="searchBox" placeholder="Search for a product"></input>
                            <input id="searchButton" type="submit" name="searchButton" class="button bgRed white left" value="Find" />
                        </div>
                    </fieldset>
                </form>
                <div class="center left">
                    <a class="button bgRed white log-in" href="../login.html">Login</a>
                    <a class="button bgRed white sign-up" href="../sign-up.html">Sign up</a>
                    <a class="button bgRed white profile" href="../profile.html">Profile</a>
                    <a class="button bgRed white log-out" href="../index.html" data-endpoint-check-cart="https://api.spesati.com/cart/check">Logout</a>
                </div>
                <div class="right user-function-icons">
                    <a class="red left account"><i class="fa fa-user fa-3x"></i></a>
                    <div id="dropdown">
                        <a class="log-in button bgRed white" href="../login.html">Login</a>
                        <a class="sign-up button bgRed white" href="../sign-up.html">Sign up</a>
                        <a class="profile button bgRed white" href="../profile.html">Profile</a>
                        <a class="log-out button bgRed white" href="../index.html">Logout</a>
                    </div>

                    <div class="cart left">
                        <i class="fa fa-sm fa-shopping-cart red" aria-hidden="true" id="shipping-cart-button"></i>
                        <p id="cartQuantity"></p>
                    </div>

                    <a class="right" href="../cart.html"><p class="black" id="cartTotal"></p></a>
                </div>
            </div>
                            <div id="previewCart">
                    <i id="goToPrevSlide" class="yellow fa fa-angle-left fa-2x" aria-hidden="true"></i>
                    <div><ul id="cartSlider"></ul></div>
                    <i id="goToNextSlide" class="yellow fa fa-angle-right fa-2x" aria-hidden="true"></i>
                </div>
                    </div>
    </header>

    <div id="shipping-cart-options" data-inited="false">
        <a href="../cart.html" class="goto-cart">checkout</a>
        <a href="#" data-endpoint-auth="https://api.spesati.com/cart/save" data-endpoint-noauth="/login" class="save-cart">save</a>
        <a href="#" data-endpoint-auth="https://api.spesati.com/cart/load" class="load-cart">load</a>
    </div>
</div>
<div id="menuCategoriesMobile" class="mobile bgRed">
    <div class="closeMenu">
        <i class="fa fa-times fa-2x white"></i>
        Close
    </div>
    <ul class="bgRed white">
        <div id="langMobile" class="right">
        <a href="https://www.spesati.it/vino-birra-e-alcolici/vino-speciale" class="white switch-site"><p>Versione italiana</p></a>    </div>
        <li><a>Categories</a>
            <ul class="bgWhite">
                <li>
                    <img src="../../cdn.spesati.com/images/menu/on-sale.png"/>
                    On sale                    <i class="fa fa-angle-down" aria-hidden="true"></i>
                    <ul class="sub-menu">
                    <li>
    <a href="../tacchino-fesa-a-fette.html">Tacchino Fesa A Fette</a>
</li><li>
    <a href="../amaro-montenegro-15lt.html">Amaro Montenegro 1,5lt</a>
</li><li>
    <a href="../carbone-di-legna-sacco-10kg.html">Carbone Di Legna Sacco 10Kg</a>
</li><li>
    <a href="../filu-e-ferru-silvio-carta-70cl.html">Filu E Ferru Silvio Carta 70Cl</a>
</li><li>
    <a href="../braciole-suino-con-cotenna.html">Braciole Suino Con Cotenna</a>
</li><li>
    <a href="../bovino-adulto-polpa.html">Bovino Adulto Polpa</a>
</li><li>
    <a href="../vino-la-palma-cannonau-le-bombarde.html">Vino La Palma Cannonau Le Bombarde</a>
</li><li>
    <a href="../fettine-sceltissime-bovino-adulto.html">Fettine Sceltissime Bovino Adulto</a>
</li><li>
    <a href="../suino-fettine-scelte.html">Suino Fettine Scelte</a>
</li><li>
    <a href="../lavazza-caffe-qualita-rossa-2x250gr.html">Lavazza Caffé Qualità Rossa 2x250gr</a>
</li>                        <li>
                            <a class="estDynamic" href="../on-offer.html">All products on sale</a>
                        </li>
                    </ul>
                </li>
                <li>
                    <img src="../../cdn.spesati.com/images/menu/gift.png"/>
                    Gifts                    <i class="fa fa-angle-down" aria-hidden="true"></i>
                    <ul class="sub-menu">
                        <li>
    <a href="../gift-card-da-150.html">Gift Card Da 150</a>
</li><li>
    <a href="../gift-card-da-100.html">Gift Card Da 100</a>
</li><li>
    <a href="../gift-card-da-50.html">Gift Card Da 50</a>
</li><li>
    <a href="../gift-card-da-25.html">Gift Card Da 25</a>
</li>                        <li>
                            <a class="estDynamic" href="../gift.html">All products in the gifts category</a>
                        </li>
                    </ul>
                </li>
                <li>
                    <img src="../../cdn.spesati.com/images/menu/gift-card.png"/>
                    Gift card and discounts                    <i class="fa fa-angle-down" aria-hidden="true"></i>
                    <ul class="sub-menu">
                        <li>
    <a href="../gift-card-da-150.html">Gift Card Da 150</a>
</li><li>
    <a href="../gift-card-da-100.html">Gift Card Da 100</a>
</li><li>
    <a href="../gift-card-da-50.html">Gift Card Da 50</a>
</li><li>
    <a href="../gift-card-da-25.html">Gift Card Da 25</a>
</li>                    </ul>
                </li>
                <li>
                    <img src="../../cdn.spesati.com/images/menu/fuit-and-vegetables.png"/>
                    Fruit and vegetables                    <i class="fa fa-angle-down" aria-hidden="true"></i>
                    <ul class="sub-menu">
                        <li>
                            <a class="estDynamic" href="../fruit-and-vegetables/pulses-and-beans.html">Cereals and pulses and beans</a>
                        </li>
                        <li>
                            <a class="estDynamic" href="../fruit-and-vegetables/fruit.html">Fruit</a>
                        </li>
                        <li>
                            <a class="estDynamic" href="../fruit-and-vegetables/canned-fruit.html">Canned fruit</a>
                        </li>
                        <li>
                            <a class="estDynamic" href="../fruit-and-vegetables/dried-fruit.html">Dried fruit</a>
                        </li>
                        <li>
                            <a class="estDynamic" href="../fruit-and-vegetables/ready-salads.html">Ready salads</a>
                        </li>
                        <li>
                            <a class="estDynamic" href="../fruit-and-vegetables/fresh-spices.html">Fresh spices</a>
                        </li>
                        <li>
                            <a class="estDynamic" href="../fruit-and-vegetables/vegetables.html">Vegetables and soy</a>
                        </li>
                    </ul>
                </li>
                <li>
                    <img src="../../cdn.spesati.com/images/menu/fresh-products.png"/>
                    Fresh products                    <i class="fa fa-angle-down" aria-hidden="true"></i>
                    <ul class="sub-menu">
                        <li>
                            <a class="estDynamic" href="../fresh-products/margarine-and-butter.html">Butter and margarine</a>
                        </li>
                        <li>
                            <a class="estDynamic" href="../fresh-products/danone.html">Danone</a>
                        </li>
                        <li>
                            <a class="estDynamic" href="../fresh-products/dessert.html">Dessert</a>
                        </li>
                        <li>
                            <a class="estDynamic" href="../fresh-products/sweets.html">Sweets</a>
                        </li>
                        <li>
                            <a class="estDynamic" href="../fresh-products/dairy-products.html">Dairy product</a>
                        </li>
                        <li>
                            <a class="estDynamic" href="../fresh-products/bakery.html">Yeast</a>
                        </li>
                        <li>
                            <a class="estDynamic" href="../fresh-products/mascarpone.html">Mascarpone</a>
                        </li>
                        <li>
                            <a class="estDynamic" href="../fresh-products/snacks.html">Snacks</a>
                        </li>
                        <li>
                            <a class="estDynamic" href="../fresh-products/mozzarella.html">Mozzarella</a>
                        </li>
                        <li>
                            <a class="estDynamic" href="../fresh-products/pasta.html">Pasta</a>
                        </li>
                        <li>
                            <a class="estDynamic" href="../fresh-products/pesto-and-sauces.html">Pesto and sauces</a>
                        </li>
                        <li>
                            <a class="estDynamic" href="../fresh-products/ricotta-and-cheese.html">Ricotta and cheese</a>
                        </li>
                        <li>
                            <a class="estDynamic" href="../fresh-products/cured-meat.html">Cured meat</a>
                        </li>
                        <li>
                            <a class="estDynamic" href="../fresh-products/wurstel.html">Würstel</a>
                        </li>
                        <li>
                            <a class="estDynamic" href="../fresh-products/yogurt.html">Yogurt</a>
                        </li>
                    </ul>
                </li>
                <li>
                    <img src="../../cdn.spesati.com/images/menu/frozen-foods.png"/>
                    Frozen foods                    <i class="fa fa-angle-down" aria-hidden="true"></i>
                    <ul class="sub-menu">
                        <li>
                            <a class="estDynamic" href="../frozen-foods/meat.html">Meat</a>
                        </li>
                        <li>
                            <a class="estDynamic" href="../frozen-foods/ice-creams.html">Ice cream and sweet</a>
                        </li>
                        <li>
                            <a class="estDynamic" href="../frozen-foods/pasta.html">Pasta</a>
                        </li>
                        <li>
                            <a class="estDynamic" href="../frozen-foods/fish.html">Fish</a>
                        </li>
                        <li>
                            <a class="estDynamic" href="../frozen-foods/ready-meals.html">Ready meals</a>
                        </li>
                        <li>
                            <a class="estDynamic" href="../frozen-foods/pizzas.html">Pizzas</a>
                        </li>
                        <li>
                            <a class="estDynamic" href="../frozen-foods/vegetables.html">Vegetables and soy</a>
                        </li>
                    </ul>
                </li>
                <li>
                    <img src="../../cdn.spesati.com/images/menu/bread-and-pasta.png"/>
                    Bread and pasta                    <i class="fa fa-angle-down" aria-hidden="true"></i>
                    <ul class="sub-menu">
                        <li>
                            <a class="estDynamic" href="../bread-and-pasta/crackers.html">Crackers</a>
                        </li>
                        <li>
                            <a class="estDynamic" href="../bread-and-pasta/rusks.html">Rusks</a>
                        </li>
                        <li>
                            <a class="estDynamic" href="../bread-and-pasta/white-bread.html">White bread</a>
                        </li>
                        <li>
                            <a class="estDynamic" href="../bread-and-pasta/local-bread.html">Local bread</a>
                        </li>
                        <li>
                            <a class="estDynamic" href="../bread-and-pasta/soft-bread.html">Soft bread</a>
                        </li>
                        <li>
                            <a class="estDynamic" href="../bread-and-pasta/sardinian-bread.html">Sardinian bread</a>
                        </li>
                        <li>
                            <a class="estDynamic" href="../bread-and-pasta/bakery.html">Bakery</a>
                        </li>
                        <li>
                            <a class="estDynamic" href="../bread-and-pasta/pasta.html">Pasta</a>
                        </li>
                        <li>
                            <a class="estDynamic" href="../bread-and-pasta/fresh-pasta.html">Fresh pasta</a>
                        </li>
                    </ul>
                </li>
                <li>
                    <img src="../../cdn.spesati.com/images/menu/meat.png"/>
                    Meat                    <i class="fa fa-angle-down" aria-hidden="true"></i>
                    <ul class="sub-menu">
                        <li>
                            <a class="estDynamic" href="../meat/beef.html">Beef</a>
                        </li>
                        <li>
                            <a class="estDynamic" href="../meat/goat.html">Goat</a>
                        </li>
                        <li>
                            <a class="estDynamic" href="../meat/packaged-meat.html">Packaged meat</a>
                        </li>
                        <li>
                            <a class="estDynamic" href="../meat/rabbit.html">Rabbit</a>
                        </li>
                        <li>
                            <a class="estDynamic" href="../meat/horse.html">Horse</a>
                        </li>
                        <li>
                            <a class="estDynamic" href="../meat/pork.html">Pork</a>
                        </li>
                        <li>
                            <a class="estDynamic" href="../meat/lamb.html">Lamb</a>
                        </li>
                        <li>
                            <a class="estDynamic" href="../meat/poultry.html">Poultry</a>
                        </li>
                    </ul>
                </li>
                <li>
                    <img src="../../cdn.spesati.com/images/menu/fish.png"/>
                    Fish                    <i class="fa fa-angle-down" aria-hidden="true"></i>
                    <ul class="sub-menu">
                        <li>
                            <a class="estDynamic" href="../fish/fresh-water.html">Fresh water</a>
                        </li>
                        <li>
                            <a class="estDynamic" href="../fish/salt-water.html">Salt water</a>
                        </li>
                        <li>
                            <a class="estDynamic" href="../fish/mussels.html">Mussels</a>
                        </li>
                        <li>
                            <a class="estDynamic" href="../fish/dried-and-salted.html">Dried and salted</a>
                        </li>
                        <li>
                            <a class="estDynamic" href="../fish/seafood-salad.html">Seafood salad</a>
                        </li>
                        <li>
                            <a class="estDynamic" href="../fish/prepared.html">Prepared</a>
                        </li>
                        <li>
                            <a class="estDynamic" href="../fish/specialty.html">Specialty</a>
                        </li>   
                        <li>
                            <a class="estDynamic" href="../fish/tuna-and-salmon.html">Tuna and salmon</a>
                        </li>
                    </ul>
                </li>
                <li>
                    <img src="../../cdn.spesati.com/images/menu/alcohol.png"/>
                    Wine beer and spirits                    <i class="fa fa-angle-down" aria-hidden="true"></i>
                    <ul class="sub-menu">
                        <li>
                            <a class="estDynamic" href="spirits-and-liquors.html">Alcohol</a>
                        </li>
                        <li>
                            <a class="estDynamic" href="bitters.html">Bitters</a>
                        </li>
                        <li>
                            <a class="estDynamic" href="aperatif.html">Aperatifs</a>
                        </li>
                        <li>
                            <a class="estDynamic" href="beer.html">Beer</a>
                        </li>
                        <li>
                            <a class="estDynamic" href="creams.html">Creams</a>
                        </li>
                        <li>
                            <a class="estDynamic" href="spirits.html">Spirits</a>
                        </li>
                        <li>
                            <a class="estDynamic" href="liquors.html">Liquors</a>
                        </li>
                        <li>
                            <a class="estDynamic" href="white-wine.html">White wine</a>
                        </li>
                        <li>
                            <a class="estDynamic" href="prosecco-wine.html">Prosecco wine</a>
                        </li>
                        <li>
                            <a class="estDynamic" href="rose-wine.html">Rose wine</a>
                        </li>
                        <li>
                            <a class="estDynamic" href="red-wine.html">Red wine</a>
                        </li>
                        <li>
                            <a class="estDynamic" href="specialty-wine.html">Special wine</a>
                        </li>
                        <li>
                            <a class="estDynamic" href="sparkling-wine.html">Sparkling wine</a>
                        </li>
                        <li>
                            <a class="estDynamic" href="vermentino-wine.html">Vermentino wine</a>
                        </li>
                    </ul>
                </li>
                <li>
                    <img src="../../cdn.spesati.com/images/menu/water-and-drinks.png"/>
                    Water and drinks                    <i class="fa fa-angle-down" aria-hidden="true"></i>
                    <ul class="sub-menu">
                        <li>
                            <a class="estDynamic" href="../water-and-drinks/san-martino.html">San Martino</a>
                        </li>
                        <li>
                            <a class="estDynamic" href="../water-and-drinks/water.html">Water</a>
                        </li>
                        <li>
                            <a class="estDynamic" href="../water-and-drinks/alpro.html">Alpro</a>
                        </li>
                        <li>
                            <a class="estDynamic" href="../water-and-drinks/fizzy-drinks.html">Fizzy drinks</a>
                        </li>
                        <li>
                            <a class="estDynamic" href="../water-and-drinks/coca-cola.html">Coca-Cola</a>
                        </li>
                        <li>
                            <a class="estDynamic" href="../water-and-drinks/energy-drink.html">Energy drink</a>
                        </li>
                        <li>
                            <a class="estDynamic" href="../water-and-drinks/syrups.html">Syrups</a>
                        </li>
                        <li>
                            <a class="estDynamic" href="../water-and-drinks/supplements.html">Supplements</a>
                        </li>
                        <li>
                            <a class="estDynamic" href="../water-and-drinks/instant-drinks.html">Instant drinks</a>
                        </li>
                        <li>
                            <a class="estDynamic" href="../water-and-drinks/juice.html">Juice</a>
                        </li>
                        <li>
                            <a class="estDynamic" href="../water-and-drinks/tea.html">Tea</a>
                        </li>
                    </ul>
                </li>
                <li>
                    <img src="../../cdn.spesati.com/images/menu/sweets.png"/>
                    Sweets                    <i class="fa fa-angle-down" aria-hidden="true"></i>
                    <ul class="sub-menu">
                        <li>
                            <a class="estDynamic" href="../sweets/bars-and-snacks.html">Bars and snacks</a>
                        </li>
                        <li>
                            <a class="estDynamic" href="../sweets/biscuits.html">Biscuits</a>
                        </li>
                        <li>
                            <a class="estDynamic" href="../sweets/brioches.html">Brioches</a>
                        </li>
                        <li>
                            <a class="estDynamic" href="../sweets/candy-and-chewing-gum.html">Candy and chewing gum</a>
                        </li>
                        <li>
                            <a class="estDynamic" href="../sweets/cereals.html">Cereals</a>
                        </li>
                        <li>
                            <a class="estDynamic" href="../sweets/chocolate.html">Chocolate</a>
                        </li>
                        <li>
                            <a class="estDynamic" href="../sweets/spreadable-creams.html">Spreads</a>
                        </li>
                        <li>
                            <a class="estDynamic" href="../sweets/dessert-toppings.html">Dessert toppings</a>
                        </li>
                        <li>
                            <a class="estDynamic" href="../sweets/jam.html">Jam</a>
                        </li>
                        <li>
                            <a class="estDynamic" href="../sweets/honey.html">Honey</a>
                        </li>
                        <li>
                            <a class="estDynamic" href="../sweets/panettoni-and-pandoro.html">Panettone and pandoro</a>
                        </li>
                        <li>
                            <a class="estDynamic" href="../sweets/pastry.html">Pastry</a>
                        </li>
                        <li>
                            <a class="estDynamic" href="../sweets/instant-dessert.html">Prepared</a>
                        </li>
                        <li>
                            <a class="estDynamic" href="../sweets/cakes-and-pies.html">Cakes and pies</a>
                        </li>
                        <li>
                            <a class="estDynamic" href="../sweets/easter-eggs-and-doves.html">Easter eggs and doves</a>
                        </li>
                    </ul>
                </li>
                <li>
                    <img src="../../cdn.spesati.com/images/menu/shelf.png"/>
                    Cupboard                    <i class="fa fa-angle-down" aria-hidden="true"></i>
                    <ul class="sub-menu">
                        <li>
                            <a class="estDynamic" href="../shelf/coffee.html">Coffee</a>
                        </li>
                        <li>
                            <a class="estDynamic" href="../shelf/gift-baskets.html">Gift baskets</a>
                        </li>
                        <li>
                            <a class="estDynamic" href="../shelf/stock-cubes.html">Nuts and preparations</a>
                        </li>
                        <li>
                            <a class="estDynamic" href="../shelf/flour-and-baking.html">Flour and baking</a>
                        </li>
                        <li>
                            <a class="estDynamic" href="../shelf/milk.html">Milk</a>
                        </li>
                        <li>
                            <a class="estDynamic" href="../shelf/oil-salt-vinegar.html">Oil, vinegar and salt</a>
                        </li>
                        <li>
                            <a class="estDynamic" href="../shelf/cream-and-bechamel.html">Cream and bechamel</a>
                        </li>
                        <li>
                            <a class="estDynamic" href="../shelf/crisps-and-pretzels.html">Crisps and pretzels</a>
                        </li>
                        <li>
                            <a class="estDynamic" href="../shelf/baby-and-infants-products.html">Early childhood products</a>
                        </li>
                        <li>
                            <a class="estDynamic" href="../shelf/rice.html">Rice</a>
                        </li>
                        <li>
                            <a class="estDynamic" href="../shelf/tins-and-preserves.html">Tins and Preserves</a>
                        </li>
                        <li>
                            <a class="estDynamic" href="../shelf/spices.html">Spices</a>
                        </li>
                        <li>
                            <a class="estDynamic" href="../shelf/sauces.html">Sauces</a>
                        </li>
                        <li>
                            <a class="estDynamic" href="../shelf/tea-and-infusions.html">Tea and infusions</a>
                        </li>
                        <li>
                            <a class="estDynamic" href="../shelf/eggs.html">Eggs</a>
                        </li>
                        <li>
                            <a class="estDynamic" href="../shelf/sugar-and-sweeteners.html">Sugar and sweeteners</a>
                        </li>
                    </ul>
                </li>
                <li>
                    <img src="../../cdn.spesati.com/images/menu/personal-care.png"/>
                    Personal care                    <i class="fa fa-angle-down" aria-hidden="true"></i>
                    <ul class="sub-menu">
                        <li>
                            <a class="estDynamic" href="../personal-care/accessories-and-cotton.html">Accessories and cotton</a>
                        </li>
                        <li>
                            <a class="estDynamic" href="../personal-care/feminine-care-incontinence-and-baby-diapers.html">Feminine incontinence and diapers</a>
                        </li>
                        <li>
                            <a class="estDynamic" href="../personal-care/shower-gel.html">Shower gel</a>
                        </li>
                        <li>
                            <a class="estDynamic" href="../personal-care/creams.html">Creams</a>
                        </li>
                        <li>
                            <a class="estDynamic" href="../personal-care/deodorant.html">Deodorant</a>
                        </li>
                        <li>
                            <a class="estDynamic" href="../personal-care/hair-removal.html">Hair removal</a>
                        </li>
                        <li>
                            <a class="estDynamic" href="../personal-care/disinfectants.html">Disinfectants</a>
                        </li>
                        <li>
                            <a class="estDynamic" href="../personal-care/oral-hygiene.html">Oral hygiene</a>
                        </li>
                        <li>
                            <a class="estDynamic" href="../personal-care/supplements-and-multivitamins.html">Supplements and multivitamins</a>
                        </li>
                        <li>
                            <a class="estDynamic" href="../personal-care/first-aid.html">First aid label</a>
                        </li>
                        <li>
                            <a class="estDynamic" href="../personal-care/beard-products.html">Beard products</a>
                        </li>
                        <li>
                            <a class="estDynamic" href="../personal-care/hairs-products.html">Hair products</a>
                        </li>
                        <li>
                            <a class="estDynamic" href="../personal-care/perfume.html">Perfumes</a>
                        </li>
                        <li>
                            <a class="estDynamic" href="../personal-care/wipes.html">Wipes</a>
                        </li>
                        <li>
                            <a class="estDynamic" href="../personal-care/soaps-and-body-wash.html">Soaps and body wash</a>
                        </li>
                        <li>
                            <a class="estDynamic" href="../personal-care/shampoo-and-conditioner.html">Shampoo and conditioner</a>
                        </li>
                    </ul>
                </li>
                <li>
                    <img src="../../cdn.spesati.com/images/menu/pellet-and-home.png"/>
                    Home and outdoors                    <i class="fa fa-angle-down" aria-hidden="true"></i>
                    <ul class="sub-menu">
                        <li>
                            <a class="estDynamic" href="../household-and-outdoors/distilled-water.html">Distilled water</a>
                        </li>
                        <li>
                            <a class="estDynamic" href="../household-and-outdoors/car-products.html">Cars</a>
                        </li>
                        <li>
                            <a class="estDynamic" href="../household-and-outdoors/bin-bags-and-buckets.html">Bin bags and buckets</a>
                        </li>
                        <li>
                            <a class="estDynamic" href="../household-and-outdoors/bleach-and-stain-removers.html">Bleach and stain removers</a>
                        </li>
                        <li>
                            <a class="estDynamic" href="../household-and-outdoors/candles.html">Candles</a>
                        </li>
                        <li>
                            <a class="estDynamic" href="../household-and-outdoors/kitchen-roll.html">Kitchen roll</a>
                        </li>
                        <li>
                            <a class="estDynamic" href="../household-and-outdoors/air-fresheners.html">Air fresheners</a>
                        </li>
                        <li>
                            <a class="estDynamic" href="../household-and-outdoors/laundry-accessories-and-detergent.html">Laundry detergent</a>
                        </li>
                        <li>
                            <a class="estDynamic" href="../household-and-outdoors/dishwasher-and-washing-up.html">Dishwasher and washing up</a>
                        </li>
                        <li>
                            <a class="estDynamic" href="../household-and-outdoors/gardening.html">Gardening</a>
                        </li>
                        <li>
                            <a class="estDynamic" href="../household-and-outdoors/light-bulbs-and-batteries.html">Lightbulbs and batteries</a>
                        </li>
                        <li>
                            <a class="estDynamic" href="../household-and-outdoors/pellet-and-bbq.html">Pellet and BBQ</a>
                        </li>
                        <li>
                            <a class="estDynamic" href="../household-and-outdoors/bathroom-products.html">Bathroom products</a>
                        </li>
                        <li>
                            <a class="estDynamic" href="../household-and-outdoors/home-and-furniture-products.html">Home and furniture products</a>
                        </li>
                        <li>
                            <a class="estDynamic" href="../household-and-outdoors/kitchen-products.html">Kitchen products</a>
                        </li>
                        <li>
                            <a class="estDynamic" href="../household-and-outdoors/window-and-floor-cleaners.html">Window and floor cleaner</a>
                        </li>
                        <li>
                            <a class="estDynamic" href="../household-and-outdoors/repellents.html">Repellents</a>
                        </li>
                        <li>
                            <a class="estDynamic" href="../household-and-outdoors/disposable-tableware.html">Disposable tableware</a>
                        </li>
                    </ul>
                </li>
                <li>
                    <img src="../../cdn.spesati.com/images/menu/animals.png"/>
                    Pets                    <i class="fa fa-angle-down" aria-hidden="true"></i>
                    <ul class="sub-menu">
                        <li>
                            <a class="estDynamic" href="../pets/pet-food-other-animals.html">Other animals pet food</a>
                        </li>
                        <li>
                            <a class="estDynamic" href="../pets/pet-food-dogs.html">Pet food dogs</a>
                        </li>
                        <li>
                            <a class="estDynamic" href="../pets/pet-food-cats.html">Pet food cats</a>
                        </li>
                        <li>
                            <a class="estDynamic" href="../pets/hygiene-and-cleaning.html">Hygiene and cleaning</a>
                        </li>
                    </ul>
                </li>
                <li>
                    <img src="../../cdn.spesati.com/images/menu/technology.png"/>
                    Technology                    <i class="fa fa-angle-down" aria-hidden="true"></i>
                    <ul class="sub-menu">
                        <li>
                            <a class="estDynamic" href="../technology/accessories.html">Accessories</a>
                        </li>
                        <li>
                            <a class="estDynamic" href="../technology/computer.html">Computer</a>
                        </li>
                        <li>
                            <a class="estDynamic" href="../technology/telephones.html">Telephones</a>
                        </li>
                        <li>
                            <a class="estDynamic" href="../technology/tv.html">TV</a>
                        </li>
                    </ul>
                </li>
                <li>
                    <img src="../../cdn.spesati.com/images/menu/gluten-free.png"/>
                    Gluten free                    <i class="fa fa-angle-down" aria-hidden="true"></i>
                    <ul class="sub-menu">
                        <li>
                            <a class="estDynamic" href="../gluten-free/frozen-foods.html">Frozen foods</a>
                        </li>
                        <li>
                            <a class="estDynamic" href="../gluten-free/beer.html">Beer</a>
                        </li>
                        <li>
                            <a class="estDynamic" href="../gluten-free/sweets.html">Sweets</a>
                        </li>
                        <li>
                            <a class="estDynamic" href="../gluten-free/bread-and-pasta.html">Bread and pasta</a>
                        </li>
                        <li>
                            <a class="estDynamic" href="../gluten-free/shelf.html">Cupboard</a>
                        </li>
                    </ul>
                </li>
                <li>
                    <img src="../../cdn.spesati.com/images/menu/lactose-free.png"/>
                    Lactose free                    <i class="fa fa-angle-down" aria-hidden="true"></i>
                    <ul class="sub-menu">
                        <li>
                            <a class="estDynamic" href="../lactose-free/frozen-foods.html">Frozen foods</a>
                        </li>
                        <li>
                            <a class="estDynamic" href="../lactose-free/sweets.html">Sweets</a>
                        </li>
                        <li>
                            <a class="estDynamic" href="../lactose-free/dairy-product.html">Dairy product</a>
                        </li>
                        <li>
                            <a class="estDynamic" href="../lactose-free/shelf.html">Cupboard</a>
                        </li>
                    </ul>
                </li>
                <li>
                    <img src="../../cdn.spesati.com/images/menu/special.png"/>
                    Special                    <i class="fa fa-angle-down" aria-hidden="true"></i>
                    <ul class="sub-menu">
                        <li>
                            <a class="estDynamic" href="../special/alpro.html">Alpro</a>
                        </li>
                        <li>
                            <a class="estDynamic" href="../special/organic.html">Biological</a>
                        </li>
                        <li>
                            <a class="estDynamic" href="../special/meat.html">Meat</a>
                        </li>
                        <li>
                            <a class="estDynamic" href="../special/wholegrain.html">Wholegrain</a>
                        </li>
                        <li>
                            <a class="estDynamic" href="../special/bread-and-pasta.html">Bread and pasta</a>
                        </li>
                        <li>
                            <a class="estDynamic" href="../special/vegan.html">Vegan</a>
                        </li>
                    </ul>
                </li>
                <li>
                    <img src="../../cdn.spesati.com/images/menu/sardinian-products.png"/>
                    Sardinian products                    <i class="fa fa-angle-down" aria-hidden="true"></i>
                    <ul class="sub-menu">
                        <li>
                            <a class="estDynamic" href="../sardinian-products/drinks.html">Drinks</a>
                        </li>
                        <li>
                            <a class="estDynamic" href="../sardinian-products/meat.html">Meat</a>
                        </li>
                        <li>
                            <a class="estDynamic" href="../sardinian-products/sweets.html">Sweets</a>
                        </li>
                        <li>
                            <a class="estDynamic" href="../sardinian-products/fruit-and-vegetables.html">Fruit and vegetables</a>
                        </li>
                        <li>
                            <a class="estDynamic" href="../sardinian-products/ichnusa.html">Ichnusa</a>
                        </li>
                        <li>
                            <a class="estDynamic" href="../sardinian-products/dairy-product.html">Dairy product</a>
                        </li>
                        <li>
                            <a class="estDynamic" href="../sardinian-products/bread-and-pasta.html">Bread and pasta</a>
                        </li>
                        <li>
                            <a class="estDynamic" href="../sardinian-products/fish.html">Fish</a>
                        </li>
                        <li>
                            <a class="estDynamic" href="../sardinian-products/cured-meat.html">Cured meat</a>
                        </li>
                        <li>
                            <a class="estDynamic" href="../sardinian-products/shelf.html">Cupboard</a>
                        </li>
                        <li>
                            <a class="estDynamic" href="../sardinian-products/vermentino-wine.html">Vermentino wine</a>
                        </li>
                        <li>
                            <a class="estDynamic" href="../sardinian-products/wine-beer-and-spirits.html">Wine beer and spirits</a>
                        </li>
                    </ul>
                </li>
            </ul>
        </li>
        <li>
            <a href="../about.html">About</a>
        </li>
        <li>
            <a href="../faq.html">Faq</a>
        </li>
        <li>
            <a href="../customer-care.html">Support</a>
        </li>
        <li>
            <a href="../news.html">Blog</a>
        </li>
        <li>
            <a href="../terms-and-conditions.html">Conditions</a>
        </li>
        <li>
            <a href="../privacy-policy.html">Privacy policy</a>
        </li>
        <li>
            <a href="../login.html">Login</a>
        </li>
        <li>
             <a href="../sign-up.html">Sign up</a>
        </li>
    </ul>
</div><section class="first">
    <div id="menuCategories" class="colLeft">
    <ul id="main_nav" >
        <li>
            <a class="estDynamic" href="../on-offer.html">
               <img src="../../cdn.spesati.com/images/menu/on-sale.png"/>
               On sale            </a>
            <i class="fa fa-angle-right" aria-hidden="true"></i>
            <ul class="sub-menu">
                <li>
    <a href="../tacchino-fesa-a-fette.html" class="estDynamic">Tacchino Fesa A Fette</a>
</li><li>
    <a href="../amaro-montenegro-15lt.html" class="estDynamic">Amaro Montenegro 1,5lt</a>
</li><li>
    <a href="../carbone-di-legna-sacco-10kg.html" class="estDynamic">Carbone Di Legna Sacco 10Kg</a>
</li><li>
    <a href="../filu-e-ferru-silvio-carta-70cl.html" class="estDynamic">Filu E Ferru Silvio Carta 70Cl</a>
</li><li>
    <a href="../braciole-suino-con-cotenna.html" class="estDynamic">Braciole Suino Con Cotenna</a>
</li><li>
    <a href="../bovino-adulto-polpa.html" class="estDynamic">Bovino Adulto Polpa</a>
</li><li>
    <a href="../vino-la-palma-cannonau-le-bombarde.html" class="estDynamic">Vino La Palma Cannonau Le Bombarde</a>
</li><li>
    <a href="../fettine-sceltissime-bovino-adulto.html" class="estDynamic">Fettine Sceltissime Bovino Adulto</a>
</li><li>
    <a href="../suino-fettine-scelte.html" class="estDynamic">Suino Fettine Scelte</a>
</li><li>
    <a href="../lavazza-caffe-qualita-rossa-2x250gr.html" class="estDynamic">Lavazza Caffé Qualità Rossa 2x250gr</a>
</li>                <li>
                    <a class="estDynamic" href="../on-offer.html">All products on sale</a>
                </li>
            </ul>
        </li>
        <li>
            <a class="estDynamic" href="../gift.html">
               <img src="../../cdn.spesati.com/images/menu/gift.png"/>
               Gifts            </a>
            <i class="fa fa-angle-right" aria-hidden="true"></i>
            <ul class="sub-menu">
                <li>
    <a href="../gift-card-da-150.html" class="estDynamic">Gift Card Da 150</a>
</li><li>
    <a href="../gift-card-da-100.html" class="estDynamic">Gift Card Da 100</a>
</li><li>
    <a href="../gift-card-da-50.html" class="estDynamic">Gift Card Da 50</a>
</li><li>
    <a href="../gift-card-da-25.html" class="estDynamic">Gift Card Da 25</a>
</li>                <li>
                    <a class="estDynamic" href="../gift.html">All products in the gifts category</a>
                </li>
            </ul>
        </li>
        <li>
            <a class="estDynamic" href="../gift-card.html">
               <img src="../../cdn.spesati.com/images/menu/gift-card.png"/>
               Gift card and discounts            </a>
            <i class="fa fa-angle-right" aria-hidden="true"></i>
            <ul class="sub-menu">
                <li>
    <a href="../gift-card-da-150.html">Gift Card Da 150</a>
</li><li>
    <a href="../gift-card-da-100.html">Gift Card Da 100</a>
</li><li>
    <a href="../gift-card-da-50.html">Gift Card Da 50</a>
</li><li>
    <a href="../gift-card-da-25.html">Gift Card Da 25</a>
</li>            </ul>
        </li>
        <li>
            <a class="estDynamic" href="../fruit-and-vegetables.html">
               <img src="../../cdn.spesati.com/images/menu/fuit-and-vegetables.png"/>
               Fruit and vegetables           </a>
            <i class="fa fa-angle-right" aria-hidden="true"></i>
            <ul class="sub-menu">
                <li>
                    <a class="estDynamic" href="../fruit-and-vegetables/pulses-and-beans.html">Cereals and pulses and beans</a>
                </li>
                <li>
                    <a class="estDynamic" href="../fruit-and-vegetables/fruit.html">Fruit</a>
                </li>
                <li>
                    <a class="estDynamic" href="../fruit-and-vegetables/canned-fruit.html">Canned fruit</a>
                </li>
                <li>
                    <a class="estDynamic" href="../fruit-and-vegetables/dried-fruit.html">Dried fruit</a>
                </li>
                <li>
                    <a class="estDynamic" href="../fruit-and-vegetables/ready-salads.html">Ready salads</a>
                </li>
                <li>
                    <a class="estDynamic" href="../fruit-and-vegetables/fresh-spices.html">Fresh spices</a>
                </li>
                <li>
                    <a class="estDynamic" href="../fruit-and-vegetables/vegetables.html">Vegetables and soy</a>
                </li>
            </ul>
        </li>
        <li>
            <a class="estDynamic" href="../fresh-products.html">
                <img src="../../cdn.spesati.com/images/menu/fresh-products.png"/>
                Fresh products            </a>
            <i class="fa fa-angle-right" aria-hidden="true"></i>
            <ul class="sub-menu">
                <li>
                    <a class="estDynamic" href="../fresh-products/margarine-and-butter.html">Butter and margarine</a>
                </li>
                <li>
                    <a class="estDynamic" href="../fresh-products/danone.html">Danone</a>
                </li>
                <li>
                    <a class="estDynamic" href="../fresh-products/dessert.html">Dessert</a>
                </li>
                <li>
                    <a class="estDynamic" href="../fresh-products/sweets.html">Sweets</a>
                </li>
                <li>
                    <a class="estDynamic" href="../fresh-products/dairy-products.html">Dairy product</a>
                </li>
                <li>
                    <a class="estDynamic" href="../fresh-products/bakery.html">Yeast</a>
                </li>
                <li>
                    <a class="estDynamic" href="../fresh-products/mascarpone.html">Mascarpone</a>
                </li>
                <li>
                    <a class="estDynamic" href="../fresh-products/snacks.html">Snacks</a>
                </li>
                <li>
                    <a class="estDynamic" href="../fresh-products/mozzarella.html">Mozzarella</a>
                </li>
                <li>
                    <a class="estDynamic" href="../fresh-products/pasta.html">Pasta</a>
                </li>
                <li>
                    <a class="estDynamic" href="../fresh-products/pesto-and-sauces.html">Pesto and sauces</a>
                </li>
                <li>
                    <a class="estDynamic" href="../fresh-products/ricotta-and-cheese.html">Ricotta and cheese</a>
                </li>
                <li>
                    <a class="estDynamic" href="../fresh-products/cured-meat.html">Cured meat</a>
                </li>
                <li>
                    <a class="estDynamic" href="../fresh-products/wurstel.html">Würstel</a>
                </li>
                <li>
                    <a class="estDynamic" href="../fresh-products/yogurt.html">Yogurt</a>
                </li>
            </ul>
        </li>
        <li>
            <a class="estDynamic" href="../frozen-foods.html">
                <img src="../../cdn.spesati.com/images/menu/frozen-foods.png"/>
                Frozen foods            </a>
            <i class="fa fa-angle-right" aria-hidden="true"></i>
            <ul class="sub-menu">
                <li>
                    <a class="estDynamic" href="../frozen-foods/meat.html">Meat</a>
                </li>
                <li>
                    <a class="estDynamic" href="../frozen-foods/ice-creams.html">Ice cream and sweet</a>
                </li>
                <li>
                    <a class="estDynamic" href="../frozen-foods/pasta.html">Pasta</a>
                </li>
                <li>
                    <a class="estDynamic" href="../frozen-foods/fish.html">Fish</a>
                </li>
                <li>
                    <a class="estDynamic" href="../frozen-foods/ready-meals.html">Ready meals</a>
                </li>
                <li>
                    <a class="estDynamic" href="../frozen-foods/pizzas.html">Pizzas</a>
                </li>
                <li>
                    <a class="estDynamic" href="../frozen-foods/vegetables.html">Vegetables and soy</a>
                </li>
            </ul>
        </li>
        <li>
            <a class="estDynamic" href="../bread-and-pasta.html">
                <img src="../../cdn.spesati.com/images/menu/bread-and-pasta.png"/>
                Bread and pasta            </a>
            <i class="fa fa-angle-right" aria-hidden="true"></i>
            <ul class="sub-menu">
                <li>
                    <a class="estDynamic" href="../bread-and-pasta/crackers.html">Crackers</a>
                </li>
                <li>
                    <a class="estDynamic" href="../bread-and-pasta/rusks.html">Rusks</a>
                </li>
                <li>
                    <a class="estDynamic" href="../bread-and-pasta/white-bread.html">White bread</a>
                </li>
                <li>
                    <a class="estDynamic" href="../bread-and-pasta/local-bread.html">Local bread</a>
                </li>
                <li>
                    <a class="estDynamic" href="../bread-and-pasta/soft-bread.html">Soft bread</a>
                </li>
                <li>
                    <a class="estDynamic" href="../bread-and-pasta/sardinian-bread.html">Sardinian bread</a>
                </li>
                <li>
                    <a class="estDynamic" href="../bread-and-pasta/bakery.html">Bakery</a>
                </li>
                <li>
                    <a class="estDynamic" href="../bread-and-pasta/pasta.html">Pasta</a>
                </li>
                <li>
                    <a class="estDynamic" href="../bread-and-pasta/fresh-pasta.html">Fresh pasta</a>
                </li>
            </ul>
        </li>
        <li>
            <a class="estDynamic" href="../meat.html">
                <img src="../../cdn.spesati.com/images/menu/meat.png"/>
                Meat            </a>
            <i class="fa fa-angle-right" aria-hidden="true"></i>
            <ul class="sub-menu">
                <li>
                    <a class="estDynamic" href="../meat/beef.html">Beef</a>
                </li>
                <li>
                    <a class="estDynamic" href="../meat/goat.html">Goat</a>
                </li>
                <li>
                    <a class="estDynamic" href="../meat/packaged-meat.html">Packaged meat</a>
                </li>
                <li>
                    <a class="estDynamic" href="../meat/rabbit.html">Rabbit</a>
                </li>
                <li>
                    <a class="estDynamic" href="../meat/horse.html">Horse</a>
                </li>
                <li>
                    <a class="estDynamic" href="../meat/pork.html">Pork</a>
                </li>
                <li>
                    <a class="estDynamic" href="../meat/lamb.html">Lamb</a>
                </li>
                <li>
                    <a class="estDynamic" href="../meat/poultry.html">Poultry</a>
                </li>
            </ul>
        </li>
        <li>
            <a class="estDynamic" href="../fish.html">
                <img src="../../cdn.spesati.com/images/menu/fish.png"/>
                Fish            </a>
            <i class="fa fa-angle-right" aria-hidden="true"></i>
            <ul class="sub-menu">
                <li>
                    <a class="estDynamic" href="../fish/fresh-water.html">Fresh water</a>
                </li>
                <li>
                    <a class="estDynamic" href="../fish/salt-water.html">Salt water</a>
                </li>
                <li>
                    <a class="estDynamic" href="../fish/mussels.html">Mussels</a>
                </li>
                <li>
                    <a class="estDynamic" href="../fish/dried-and-salted.html">Dried and salted</a>
                </li>
                <li>
                    <a class="estDynamic" href="../fish/seafood-salad.html">Seafood salad</a>
                </li>
                <li>
                    <a class="estDynamic" href="../fish/prepared.html">Prepared</a>
                </li>
                <li>
                    <a class="estDynamic" href="../fish/specialty.html">Specialty</a>
                </li>   
                <li>
                    <a class="estDynamic" href="../fish/tuna-and-salmon.html">Tuna and salmon</a>
                </li>
            </ul>
        </li>
        <li>
            <a class="estDynamic" href="../wine-beer-and-spirits.html">
                <img src="../../cdn.spesati.com/images/menu/alcohol.png"/>
                Wine beer and spirits            </a>
            <i class="fa fa-angle-right" aria-hidden="true"></i>
            <ul class="sub-menu">
                <li>
                    <a class="estDynamic" href="spirits-and-liquors.html">Alcohol</a>
                </li>
                <li>
                    <a class="estDynamic" href="bitters.html">Bitters</a>
                </li>
                <li>
                    <a class="estDynamic" href="aperatif.html">Aperatifs</a>
                </li>
                <li>
                    <a class="estDynamic" href="beer.html">Beer</a>
                </li>
                <li>
                    <a class="estDynamic" href="creams.html">Creams</a>
                </li>
                <li>
                    <a class="estDynamic" href="spirits.html">Spirits</a>
                </li>
                <li>
                    <a class="estDynamic" href="liquors.html">Liquors</a>
                </li>
                <li>
                    <a class="estDynamic" href="white-wine.html">White wine</a>
                </li>
                <li>
                    <a class="estDynamic" href="prosecco-wine.html">Prosecco wine</a>
                </li>
                <li>
                    <a class="estDynamic" href="rose-wine.html">Rose wine</a>
                </li>
                <li>
                    <a class="estDynamic" href="red-wine.html">Red wine</a>
                </li>
                <li>
                    <a class="estDynamic" href="specialty-wine.html">Special wine</a>
                </li>
                <li>
                    <a class="estDynamic" href="sparkling-wine.html">Sparkling wine</a>
                </li>
                <li>
                    <a class="estDynamic" href="vermentino-wine.html">Vermentino wine</a>
                </li>
            </ul>
        </li>
        <li>
            <a class="estDynamic" href="../water-and-drinks.html">
                <img src="../../cdn.spesati.com/images/menu/water-and-drinks.png"/>
                Water and drinks            </a>
            <i class="fa fa-angle-right" aria-hidden="true"></i>
            <ul class="sub-menu">
                <li>
                    <a class="estDynamic" href="../water-and-drinks/san-martino.html">San Martino</a>
                </li>
                <li>
                    <a class="estDynamic" href="../water-and-drinks/water.html">Water</a>
                </li>
                <li>
                    <a class="estDynamic" href="../water-and-drinks/alpro.html">Alpro</a>
                </li>
                <li>
                    <a class="estDynamic" href="../water-and-drinks/fizzy-drinks.html">Fizzy drinks</a>
                </li>
                <li>
                    <a class="estDynamic" href="../water-and-drinks/coca-cola.html">Coca-Cola</a>
                </li>
                <li>
                    <a class="estDynamic" href="../water-and-drinks/energy-drink.html">Energy drink</a>
                </li>
                <li>
                    <a class="estDynamic" href="../water-and-drinks/syrups.html">Syrups</a>
                </li>
                <li>
                    <a class="estDynamic" href="../water-and-drinks/supplements.html">Supplements</a>
                </li>
                <li>
                    <a class="estDynamic" href="../water-and-drinks/instant-drinks.html">Instant drinks</a>
                </li>
                <li>
                    <a class="estDynamic" href="../water-and-drinks/juice.html">Juice</a>
                </li>
                <li>
                    <a class="estDynamic" href="../water-and-drinks/tea.html">Tea</a>
                </li>
            </ul>
        </li>
        <li>
            <a class="estDynamic" href="../sweets.html">
                <img src="../../cdn.spesati.com/images/menu/sweets.png"/>
                Sweets            </a>
            <i class="fa fa-angle-right" aria-hidden="true"></i>
            <ul class="sub-menu">
                <li>
                    <a class="estDynamic" href="../sweets/bars-and-snacks.html">Bars and snacks</a>
                </li>
                <li>
                    <a class="estDynamic" href="../sweets/biscuits.html">Biscuits</a>
                </li>
                <li>
                    <a class="estDynamic" href="../sweets/brioches.html">Brioches</a>
                </li>
                <li>
                    <a class="estDynamic" href="../sweets/candy-and-chewing-gum.html">Candy and chewing gum</a>
                </li>
                <li>
                    <a class="estDynamic" href="../sweets/cereals.html">Cereals</a>
                </li>
                <li>
                    <a class="estDynamic" href="../sweets/chocolate.html">Chocolate</a>
                </li>
                <li>
                    <a class="estDynamic" href="../sweets/spreadable-creams.html">Spreads</a>
                </li>
                <li>
                    <a class="estDynamic" href="../sweets/dessert-toppings.html">Dessert toppings</a>
                </li>
                <li>
                    <a class="estDynamic" href="../sweets/jam.html">Jam</a>
                </li>
                <li>
                    <a class="estDynamic" href="../sweets/honey.html">Honey</a>
                </li>
                <li>
                    <a class="estDynamic" href="../sweets/panettoni-and-pandoro.html">Panettone and pandoro</a>
                </li>
                <li>
                    <a class="estDynamic" href="../sweets/pastry.html">Pastry</a>
                </li>
                <li>
                    <a class="estDynamic" href="../sweets/instant-dessert.html">Prepared</a>
                </li>
                <li>
                    <a class="estDynamic" href="../sweets/cakes-and-pies.html">Cakes and pies</a>
                </li>
                <li>
                    <a class="estDynamic" href="../sweets/easter-eggs-and-doves.html">Easter eggs and doves</a>
                </li>
            </ul>
        </li>
        <li>
            <a class="estDynamic" href="../shelf.html">
                <img src="../../cdn.spesati.com/images/menu/shelf.png"/>
                Cupboard            </a>
            <i class="fa fa-angle-right" aria-hidden="true"></i>
            <ul class="sub-menu">
                <li>
                    <a class="estDynamic" href="../shelf/coffee.html">Coffee</a>
                </li>
                <li>
                    <a class="estDynamic" href="../shelf/gift-baskets.html">Gift baskets</a>
                </li>
                <li>
                    <a class="estDynamic" href="../shelf/stock-cubes.html">Nuts and preparations</a>
                </li>
                <li>
                    <a class="estDynamic" href="../shelf/flour-and-baking.html">Flour and baking</a>
                </li>
                <li>
                    <a class="estDynamic" href="../shelf/milk.html">Milk</a>
                </li>
                <li>
                    <a class="estDynamic" href="../shelf/oil-salt-vinegar.html">Oil, vinegar and salt</a>
                </li>
                <li>
                    <a class="estDynamic" href="../shelf/cream-and-bechamel.html">Cream and bechamel</a>
                </li>
                <li>
                    <a class="estDynamic" href="../shelf/crisps-and-pretzels.html">Crisps and pretzels</a>
                </li>
                <li>
                    <a class="estDynamic" href="../shelf/baby-and-infants-products.html">Early childhood products</a>
                </li>
                <li>
                    <a class="estDynamic" href="../shelf/rice.html">Rice</a>
                </li>
                <li>
                    <a class="estDynamic" href="../shelf/tins-and-preserves.html">Tins and Preserves</a>
                </li>
                <li>
                    <a class="estDynamic" href="../shelf/spices.html">Spices</a>
                </li>
                <li>
                    <a class="estDynamic" href="../shelf/sauces.html">Sauces</a>
                </li>
                <li>
                    <a class="estDynamic" href="../shelf/tea-and-infusions.html">Tea and infusions</a>
                </li>
                <li>
                    <a class="estDynamic" href="../shelf/eggs.html">Eggs</a>
                </li>
                <li>
                    <a class="estDynamic" href="../shelf/sugar-and-sweeteners.html">Sugar and sweeteners</a>
                </li>
            </ul>
        </li>
        <li>
            <a class="estDynamic" href="../personal-care.html">
                <img src="../../cdn.spesati.com/images/menu/personal-care.png"/>
                Personal care            </a>
            <i class="fa fa-angle-right" aria-hidden="true"></i>
            <ul class="sub-menu">
                <li>
                    <a class="estDynamic" href="../personal-care/accessories-and-cotton.html">Accessories and cotton</a>
                </li>
                <li>
                    <a class="estDynamic" href="../personal-care/feminine-care-incontinence-and-baby-diapers.html">Feminine incontinence and diapers</a>
                </li>
                <li>
                    <a class="estDynamic" href="../personal-care/shower-gel.html">Shower gel</a>
                </li>
                <li>
                    <a class="estDynamic" href="../personal-care/creams.html">Creams</a>
                </li>
                <li>
                    <a class="estDynamic" href="../personal-care/deodorant.html">Deodorant</a>
                </li>
                <li>
                    <a class="estDynamic" href="../personal-care/hair-removal.html">Hair removal</a>
                </li>
                <li>
                    <a class="estDynamic" href="../personal-care/disinfectants.html">Disinfectants</a>
                </li>
                <li>
                    <a class="estDynamic" href="../personal-care/oral-hygiene.html">Oral hygiene</a>
                </li>
                <li>
                    <a class="estDynamic" href="../personal-care/supplements-and-multivitamins.html">Supplements and multivitamins</a>
                </li>
                <li>
                    <a class="estDynamic" href="../personal-care/first-aid.html">First aid label</a>
                </li>
                <li>
                    <a class="estDynamic" href="../personal-care/beard-products.html">Beard products</a>
                </li>
                <li>
                    <a class="estDynamic" href="../personal-care/hairs-products.html">Hair products</a>
                </li>
                <li>
                    <a class="estDynamic" href="../personal-care/perfume.html">Perfumes</a>
                </li>
                <li>
                    <a class="estDynamic" href="../personal-care/wipes.html">Wipes</a>
                </li>
                <li>
                    <a class="estDynamic" href="../personal-care/soaps-and-body-wash.html">Soaps and body wash</a>
                </li>
                <li>
                    <a class="estDynamic" href="../personal-care/shampoo-and-conditioner.html">Shampoo and conditioner</a>
                </li>
            </ul>
        </li>
        <li>
            <a class="estDynamic" href="../household-and-outdoors.html">
                <img src="../../cdn.spesati.com/images/menu/pellet-and-home.png"/>
                Home and outdoors 
            </a>
            <i class="fa fa-angle-right" aria-hidden="true"></i>
            <ul class="sub-menu">
                <li>
                    <a class="estDynamic" href="../household-and-outdoors/distilled-water.html">Distilled water</a>
                </li>
                <li>
                    <a class="estDynamic" href="../household-and-outdoors/car-products.html">Cars</a>
                </li>
                <li>
                    <a class="estDynamic" href="../household-and-outdoors/bin-bags-and-buckets.html">Bin bags and buckets</a>
                </li>
                <li>
                    <a class="estDynamic" href="../household-and-outdoors/bleach-and-stain-removers.html">Bleach and stain removers</a>
                </li>
                <li>
                    <a class="estDynamic" href="../household-and-outdoors/candles.html">Candles</a>
                </li>
                <li>
                    <a class="estDynamic" href="../household-and-outdoors/kitchen-roll.html">Kitchen roll</a>
                </li>
                <li>
                    <a class="estDynamic" href="../household-and-outdoors/air-fresheners.html">Air fresheners</a>
                </li>
                <li>
                    <a class="estDynamic" href="../household-and-outdoors/laundry-accessories-and-detergent.html">Laundry detergent</a>
                </li>
                <li>
                    <a class="estDynamic" href="../household-and-outdoors/dishwasher-and-washing-up.html">Dishwasher and washing up</a>
                </li>
                <li>
                    <a class="estDynamic" href="../household-and-outdoors/gardening.html">Gardening</a>
                </li>
                <li>
                    <a class="estDynamic" href="../household-and-outdoors/light-bulbs-and-batteries.html">Lightbulbs and batteries</a>
                </li>
                <li>
                    <a class="estDynamic" href="../household-and-outdoors/pellet-and-bbq.html">Pellet and BBQ</a>
                </li>
                <li>
                    <a class="estDynamic" href="../household-and-outdoors/bathroom-products.html">Bathroom products</a>
                </li>
                <li>
                    <a class="estDynamic" href="../household-and-outdoors/home-and-furniture-products.html">Home and furniture products</a>
                </li>
                <li>
                    <a class="estDynamic" href="../household-and-outdoors/kitchen-products.html">Kitchen products</a>
                </li>
                <li>
                    <a class="estDynamic" href="../household-and-outdoors/window-and-floor-cleaners.html">Window and floor cleaner</a>
                </li>
                <li>
                    <a class="estDynamic" href="../household-and-outdoors/repellents.html">Repellents</a>
                </li>
                <li>
                    <a class="estDynamic" href="../household-and-outdoors/disposable-tableware.html">Disposable tableware</a>
                </li>
            </ul>
        </li>
        <li>
            <a class="estDynamic" href="../pet.html">
                <img src="../../cdn.spesati.com/images/menu/animals.png"/>
                Pets            </a>
            <i class="fa fa-angle-right" aria-hidden="true"></i>
            <ul class="sub-menu">
                <li>
                    <a class="estDynamic" href="../pets/pet-food-other-animals.html">Other animals pet food</a>
                </li>
                <li>
                    <a class="estDynamic" href="../pets/pet-food-dogs.html">Pet food dogs</a>
                </li>
                <li>
                    <a class="estDynamic" href="../pets/pet-food-cats.html">Pet food cats</a>
                </li>
                <li>
                    <a class="estDynamic" href="../pets/hygiene-and-cleaning.html">Hygiene and cleaning</a>
                </li>
            </ul>
        </li>
        <li>
            <a class="estDynamic" href="../technology.html">
                <img src="../../cdn.spesati.com/images/menu/technology.png"/>
                Technology            </a>
            <i class="fa fa-angle-right" aria-hidden="true"></i>
            <ul class="sub-menu">
                <li>
                    <a class="estDynamic" href="../technology/accessories.html">Accessories</a>
                </li>
                <li>
                    <a class="estDynamic" href="../technology/computer.html">Computer</a>
                </li>
                <li>
                    <a class="estDynamic" href="../technology/telephones.html">Telephones</a>
                </li>
                <li>
                    <a class="estDynamic" href="../technology/tv.html">TV</a>
                </li>
            </ul>
        </li>
        <li>
            <a class="estDynamic" href="../gluten-free.html">
                <img src="../../cdn.spesati.com/images/menu/gluten-free.png"/>
                Gluten free            </a>
            <i class="fa fa-angle-right" aria-hidden="true"></i>
            <ul class="sub-menu">
                <li>
                    <a class="estDynamic" href="../gluten-free/frozen-foods.html">Frozen foods</a>
                </li>
                <li>
                    <a class="estDynamic" href="../gluten-free/beer.html">Beer</a>
                </li>
                <li>
                    <a class="estDynamic" href="../gluten-free/sweets.html">Sweets</a>
                </li>
                <li>
                    <a class="estDynamic" href="../gluten-free/bread-and-pasta.html">Bread and pasta</a>
                </li>
                <li>
                    <a class="estDynamic" href="../gluten-free/shelf.html">Cupboard</a>
                </li>
            </ul>
        </li>
        <li>
            <a class="estDynamic" href="../lactose-free.html">
                <img src="../../cdn.spesati.com/images/menu/lactose-free.png"/>
                Lactose free            </a>
            <i class="fa fa-angle-right" aria-hidden="true"></i>
            <ul class="sub-menu">
                <li>
                    <a class="estDynamic" href="../lactose-free/frozen-foods.html">Frozen foods</a>
                </li>
                <li>
                    <a class="estDynamic" href="../lactose-free/sweets.html">Sweets</a>
                </li>
                <li>
                    <a class="estDynamic" href="../lactose-free/dairy-product.html">Dairy product</a>
                </li>
                <li>
                    <a class="estDynamic" href="../lactose-free/shelf.html">Cupboard</a>
                </li>
            </ul>
        </li>
        <li>
            <a class="estDynamic" href="../special.html">
                <img src="../../cdn.spesati.com/images/menu/special.png"/>
                Special            </a>
            <i class="fa fa-angle-right" aria-hidden="true"></i>
            <ul class="sub-menu">
                <li>
                    <a class="estDynamic" href="../special/alpro.html">Alpro</a>
                </li>
                <li>
                    <a class="estDynamic" href="../special/organic.html">Biological</a>
                </li>
                <li>
                    <a class="estDynamic" href="../special/meat.html">Meat</a>
                </li>
                <li>
                    <a class="estDynamic" href="../special/wholegrain.html">Wholegrain</a>
                </li>
                <li>
                    <a class="estDynamic" href="../special/bread-and-pasta.html">Bread and pasta</a>
                </li>
                <li>
                    <a class="estDynamic" href="../special/vegan.html">Vegan</a>
                </li>
            </ul>
        </li>
        <li>
            <a class="estDynamic" href="../sardinian-products.html">
                <img src="../../cdn.spesati.com/images/menu/sardinian-products.png"/>
                Sardinian products            </a>
            <i class="fa fa-angle-right" aria-hidden="true"></i>
            <ul class="sub-menu">
                <li>
                    <a class="estDynamic" href="../sardinian-products/drinks.html">Drinks</a>
                </li>
                <li>
                    <a class="estDynamic" href="../sardinian-products/meat.html">Meat</a>
                </li>
                <li>
                    <a class="estDynamic" href="../sardinian-products/sweets.html">Sweets</a>
                </li>
                <li>
                    <a class="estDynamic" href="../sardinian-products/fruit-and-vegetables.html">Fruit and vegetables</a>
                </li>
                <li>
                    <a class="estDynamic" href="../sardinian-products/ichnusa.html">Ichnusa</a>
                </li>
                <li>
                    <a class="estDynamic" href="../sardinian-products/dairy-product.html">Dairy product</a>
                </li>
                <li>
                    <a class="estDynamic" href="../sardinian-products/bread-and-pasta.html">Bread and pasta</a>
                </li>
                <li>
                    <a class="estDynamic" href="../sardinian-products/fish.html">Fish</a>
                </li>
                <li>
                    <a class="estDynamic" href="../sardinian-products/cured-meat.html">Cured meat</a>
                </li>
                <li>
                    <a class="estDynamic" href="../sardinian-products/shelf.html">Cupboard</a>
                </li>
                <li>
                    <a class="estDynamic" href="../sardinian-products/vermentino-wine.html">Vermentino wine</a>
                </li>
                <li>
                    <a class="estDynamic" href="../sardinian-products/wine-beer-and-spirits.html">Wine beer and spirits</a>
                </li>
            </ul>
        </li>
    </ul>
</div>    <div class="colRight">
        <div class="title mobile">
	<a href="../wine-beer-and-spirits.html"><i class="fa red fa-angle-left fa-3x mobile" aria-hidden="true"></i></a>
	<h2>
		<b>
			specialty wine		</b>
	</h2>
</div>

<div class="breadcrumb bgGrey internal">
	<p>
		<b>
			<a href="../index.html">Home</a>
												&gt; <a href="../wine-beer-and-spirits.html">Wine beer and spirits</a>
																&gt; Special wine									</b>
	</p>
	<div>
		<p>Order by</p>
		<select name="orderProd" id="orderProd">
			<option disabled="disabled" selected="selected">- Choose -</option>
			<option value="nameAsc">Name (A - Z)</option>
			<option value="nameDes">Name (Z - A)</option>
			<option value="priceHigh">Price - High to low</option>
			<option value="priceLow">Price - Low to high</option>
			<option value="soldAsc">Best Selling</option>
			<option value="available">Availability</option>
		</select>
	</div>
</div>
        <div class="containerProduct">
            <script type='text/javascript'>var track = '{"event":"ViewContent", "type":"category", "id":"Vino", "subids":["Speciali"], "url":"https://www.spesati.com/wine-beer-and-spirits/specialty-wine"}';</script>
<script>
gtag('event', 'select_content', {content_type: 'category', item_id: 'Vino'});gtag('event', 'select_content', {content_type: 'category', item_id: 'Speciali'});
</script>
<div class="left product prod1"
        data-name="Ruinart Champagne "R" Brut"
        data-price="102.06"
        data-id="3579"
        data-available="yes"
        data-category="421"
        data-bestselling="">
    <a href="../ruinart-champagne-r-brut.html">
        <div style="background-image: url('../../cdn.spesati.com/images/products/c063/ruinart-champagne-r.jpg')">
            <div class="hover"></div>
            
            <div class="stickers"></div>
        </div>
    </a>
    <div>
        <h4><a href="../ruinart-champagne-r-brut.html"><b>Ruinart Champagne "R" Brut</b></a></h4>
        <p class="description">0.75 Lt</p>
        <p class="right price"><b>102.06 €</b></p>
        <p class="right unitPrice">136.09 € per litre</p>
    </div>
    <div class="contButton">
    <a class="button bgRed white addToCart" href="#">Add</a>
</div>
</div><div class="left product prod2"
        data-name="Vernaccia Contini"
        data-price="12.99"
        data-id="3582"
        data-available="yes"
        data-category="421"
        data-bestselling="">
    <a href="../vernaccia-contini.html">
        <div style="background-image: url('../../cdn.spesati.com/images/products/2503901/vernaccia-contini-doc.jpg')">
            <div class="hover"></div>
            
            <div class="stickers"></div>
        </div>
    </a>
    <div>
        <h4><a href="../vernaccia-contini.html"><b>Vernaccia Contini</b></a></h4>
        <p class="description">0.75 Lt</p>
        <p class="right price"><b>12.99 €</b></p>
        <p class="right unitPrice">17.32 € per litre</p>
    </div>
    <div class="contButton">
    <a class="button bgRed white addToCart" href="#">Add</a>
</div>
</div><div class="left product prod3"
        data-name="Ruinart Rose' Champagne 75Cl"
        data-price="129.00"
        data-id="5701"
        data-available="yes"
        data-category="421"
        data-bestselling="">
    <a href="../ruinart-rose-champagne-75cl.html">
        <div style="background-image: url('../../cdn.spesati.com/images/products/208092/ruinart-rose-champagne-01.jpg')">
            <div class="hover"></div>
            
            <div class="stickers"></div>
        </div>
    </a>
    <div>
        <h4><a href="../ruinart-rose-champagne-75cl.html"><b>Ruinart Rose' Champagne 75Cl</b></a></h4>
        <p class="description">0.75 Lt</p>
        <p class="right price"><b>129.00 €</b></p>
        <p class="right unitPrice">172.00 € per litre</p>
    </div>
    <div class="contButton">
    <a class="button bgRed white addToCart" href="#">Add</a>
</div>
</div><div class="left product prod4"
        data-name="Champagne Veuve Clicquot Cuvée"
        data-price="76.32"
        data-id="3575"
        data-available="yes"
        data-category="421"
        data-bestselling="">
    <a href="../champagne-veuve-clicquot-cuvee.html">
        <div style="background-image: url('../../cdn.spesati.com/images/products/1551601/champagne-veuve-clicquot.jpg')">
            <div class="hover"></div>
            
            <div class="stickers"></div>
        </div>
    </a>
    <div>
        <h4><a href="../champagne-veuve-clicquot-cuvee.html"><b>Champagne Veuve Clicquot Cuvée</b></a></h4>
        <p class="description">0.75 Lt</p>
        <p class="right price"><b>76.32 €</b></p>
        <p class="right unitPrice">101.76 € per litre</p>
    </div>
    <div class="contButton">
    <a class="button bgRed white addToCart" href="#">Add</a>
</div>
</div><div class="left product prod5"
        data-name="Champ Perrier Jouet Blanc Ast"
        data-price="99.00"
        data-id="79444"
        data-available="yes"
        data-category="421"
        data-bestselling="">
    <a href="../champ-perrier-jouet-blanc-ast.html">
        <div style="background-image: url('../../cdn.spesati.com/images/products/000432380/perrier-jouet-blanc-de-blancs-75-cl-01.png')">
            <div class="hover"></div>
            
            <div class="stickers"></div>
        </div>
    </a>
    <div>
        <h4><a href="../champ-perrier-jouet-blanc-ast.html"><b>Champ Perrier Jouet Blanc Ast</b></a></h4>
        <p class="description">Perrier-Jouët Blanc de Blancs 75 cl</p>
        <p class="right price"><b>99.00 €</b></p>
        <p class="right unitPrice">132.00 € per litre</p>
    </div>
    <div class="contButton">
    <a class="button bgRed white addToCart" href="#">Add</a>
</div>
</div><div class="left product prod6"
        data-name="Champ Moet Imperial Mez 375 Cl"
        data-price="22.90"
        data-id="63744"
        data-available="yes"
        data-category="421"
        data-bestselling="">
    <a href="../champ-moet-imperial-mez-375-cl.html">
        <div style="background-image: url('../../cdn.spesati.com/images/products/000431779/champagne-moet-chandon-imperial-mezza-bottiglia-375-ml-01.png')">
            <div class="hover"></div>
            
            <div class="stickers"></div>
        </div>
    </a>
    <div>
        <h4><a href="../champ-moet-imperial-mez-375-cl.html"><b>Champ Moet Imperial Mez 375 Cl</b></a></h4>
        <p class="description">Champagne Moët & Chandon Impérial Mezza Bottiglia 375 ml.</p>
        <p class="right price"><b>22.90 €</b></p>
        <p class="right unitPrice">60.26 € per litre</p>
    </div>
    <div class="contButton">
    <a class="button bgRed white addToCart" href="#">Add</a>
</div>
</div><div class="left product prod7"
        data-name="Champ V-cliquot Vint Rose Ast"
        data-price="114.03"
        data-id="28646"
        data-available="yes"
        data-category="421"
        data-bestselling="">
    <a href="../champ-v-cliquot-vint-rose-ast.html">
        <div style="background-image: url('../../cdn.spesati.com/images/products/000208083/veuve-clicquot-champagne-brut-vintage-rose-2012-astuccio-750ml-01.png')">
            <div class="hover"></div>
            
            <div class="stickers"></div>
        </div>
    </a>
    <div>
        <h4><a href="../champ-v-cliquot-vint-rose-ast.html"><b>Champ V-cliquot Vint Rose Ast</b></a></h4>
        <p class="description">Veuve Clicquot Champagne Brut Vintage Rosé 2012 Astuccio 750ml</p>
        <p class="right price"><b>114.03 €</b></p>
        <p class="right unitPrice">152.05 € per litre</p>
    </div>
    <div class="contButton">
    <a class="button bgRed white addToCart" href="#">Add</a>
</div>
</div><div class="left product prod8"
        data-name="Champ V-cliquot Vintage Ast"
        data-price="89.47"
        data-id="28645"
        data-available="yes"
        data-category="421"
        data-bestselling="">
    <a href="../champ-v-cliquot-vintage-ast.html">
        <div style="background-image: url('../../cdn.spesati.com/images/products/000208082/veuve-clicquot-champagne-brut-vintage-2015-astuccio-750ml-01.png')">
            <div class="hover"></div>
            
            <div class="stickers"></div>
        </div>
    </a>
    <div>
        <h4><a href="../champ-v-cliquot-vintage-ast.html"><b>Champ V-cliquot Vintage Ast</b></a></h4>
        <p class="description">Veuve Clicquot Champagne Brut Vintage 2015 Astuccio 750ml</p>
        <p class="right price"><b>89.47 €</b></p>
        <p class="right unitPrice">127.81 € per litre</p>
    </div>
    <div class="contButton">
    <a class="button bgRed white addToCart" href="#">Add</a>
</div>
</div><div class="left product prod9"
        data-name="Champ V-cliquot Demi-sec Ast"
        data-price="79.38"
        data-id="28644"
        data-available="yes"
        data-category="421"
        data-bestselling="">
    <a href="../champ-v-cliquot-demi-sec-ast.html">
        <div style="background-image: url('../../cdn.spesati.com/images/products/000208081/champagne-veuve-clicquot-demi-sec-ast-01.png')">
            <div class="hover"></div>
            
            <div class="stickers"></div>
        </div>
    </a>
    <div>
        <h4><a href="../champ-v-cliquot-demi-sec-ast.html"><b>Champ V-cliquot Demi-sec Ast</b></a></h4>
        <p class="description">Champagne Veuve Clicquot Demi Sec Ast.</p>
        <p class="right price"><b>79.38 €</b></p>
        <p class="right unitPrice">105.84 € per litre</p>
    </div>
    <div class="contButton">
    <a class="button bgRed white addToCart" href="#">Add</a>
</div>
</div><div class="left product prod10"
        data-name="Champ Moet Et Chand Rose'vint"
        data-price="116.42"
        data-id="28642"
        data-available="yes"
        data-category="421"
        data-bestselling="">
    <a href="../champ-moet-et-chand-rosevint.html">
        <div style="background-image: url('../../cdn.spesati.com/images/products/000208079/moet-chandon-champagne-extra-brut-grand-vintage-rose-2015-750ml-01.png')">
            <div class="hover"></div>
            
            <div class="stickers"></div>
        </div>
    </a>
    <div>
        <h4><a href="../champ-moet-et-chand-rosevint.html"><b>Champ Moet Et Chand Rose'vint</b></a></h4>
        <p class="description">Moët & Chandon Champagne Extra Brut Grand Vintage Rosé 2015 750ml</p>
        <p class="right price"><b>116.42 €</b></p>
        <p class="right unitPrice">155.22 € per litre</p>
    </div>
    <div class="contButton">
    <a class="button bgRed white addToCart" href="#">Add</a>
</div>
</div><div class="left product prod11"
        data-name="Champ Veuve Cliquot Magnum Spe"
        data-price="119.00"
        data-id="28639"
        data-available="yes"
        data-category="421"
        data-bestselling="">
    <a href="../champ-veuve-cliquot-magnum-spe.html">
        <div style="background-image: url('../../cdn.spesati.com/images/products/000208069/champagne-veuve-clicquot-magnum-15-l-astuccio-01.png')">
            <div class="hover"></div>
            
            <div class="stickers"></div>
        </div>
    </a>
    <div>
        <h4><a href="../champ-veuve-cliquot-magnum-spe.html"><b>Champ Veuve Cliquot Magnum Spe</b></a></h4>
        <p class="description">Champagne Veuve Clicquot Magnum 1,5 L. Astuccio</p>
        <p class="right price"><b>119.00 €</b></p>
        <p class="right unitPrice">79.34 € per litre</p>
    </div>
    <div class="contButton">
    <a class="button bgRed white addToCart" href="#">Add</a>
</div>
</div><div class="left product prod12"
        data-name="Champ Veuve Cliquot 375 Ml"
        data-price="42.73"
        data-id="28638"
        data-available="yes"
        data-category="421"
        data-bestselling="">
    <a href="../champ-veuve-cliquot-375-ml.html">
        <div style="background-image: url('../../cdn.spesati.com/images/products/000208068/champagne-veuve-clicquot-mezza-bott-cl3750-01.png')">
            <div class="hover"></div>
            
            <div class="stickers"></div>
        </div>
    </a>
    <div>
        <h4><a href="../champ-veuve-cliquot-375-ml.html"><b>Champ Veuve Cliquot 375 Ml</b></a></h4>
        <p class="description">Champagne Veuve Clicquot mezza bott. cl.37,50</p>
        <p class="right price"><b>42.73 €</b></p>
        <p class="right unitPrice">113.95 € per litre</p>
    </div>
    <div class="contButton">
    <a class="button bgRed white addToCart" href="#">Add</a>
</div>
</div><div class="left product prod13"
        data-name="Champagne Veuve Clicquot Rosè"
        data-price="65.90"
        data-id="3576"
        data-available="yes"
        data-category="421"
        data-bestselling="">
    <a href="../champagne-veuve-clicquot-rose.html">
        <div style="background-image: url('../../cdn.spesati.com/images/products/000208067/veuve-clicquot-rose-250-anniversary-astuccio-75cl-01.png')">
            <div class="hover"></div>
            
            <div class="stickers"></div>
        </div>
    </a>
    <div>
        <h4><a href="../champagne-veuve-clicquot-rose.html"><b>Champagne Veuve Clicquot Rosè</b></a></h4>
        <p class="description">Veuve Clicquot Rosé 250 Anniversary Astuccio 75cl</p>
        <p class="right price"><b>65.90 €</b></p>
        <p class="right unitPrice">87.86 € per litre</p>
    </div>
    <div class="contButton">
    <a class="button bgRed white addToCart" href="#">Add</a>
</div>
</div><div class="left product prod14"
        data-name="Champ Veuve Cliquot 75 Cl Ast"
        data-price="49.99"
        data-id="28637"
        data-available="yes"
        data-category="421"
        data-bestselling="">
    <a href="../champ-veuve-cliquot-75-cl-ast.html">
        <div style="background-image: url('../../cdn.spesati.com/images/products/000208065/veuve-clicquot-yellow-label-250-anniversary-astuccio-75cl-01.png')">
            <div class="hover"></div>
            
            <div class="stickers"></div>
        </div>
    </a>
    <div>
        <h4><a href="../champ-veuve-cliquot-75-cl-ast.html"><b>Champ Veuve Cliquot 75 Cl Ast</b></a></h4>
        <p class="description">Veuve Clicquot Yellow Label 250 Anniversary Astuccio 75cl</p>
        <p class="right price"><b>49.99 €</b></p>
        <p class="right unitPrice">66.65 € per litre</p>
    </div>
    <div class="contButton">
    <a class="button bgRed white addToCart" href="#">Add</a>
</div>
</div><div class="left product prod15"
        data-name="Champ Veuve Cliquot 75 Cl"
        data-price="45.90"
        data-id="28636"
        data-available="yes"
        data-category="421"
        data-bestselling="">
    <a href="../champ-veuve-cliquot-75-cl.html">
        <div style="background-image: url('../../cdn.spesati.com/images/products/000208064/champagne-veuve-clicquot-brut-cl-75-01.png')">
            <div class="hover"></div>
            
            <div class="stickers"></div>
        </div>
    </a>
    <div>
        <h4><a href="../champ-veuve-cliquot-75-cl.html"><b>Champ Veuve Cliquot 75 Cl</b></a></h4>
        <p class="description">Champagne Veuve Clicquot Brut cl. 75</p>
        <p class="right price"><b>45.90 €</b></p>
        <p class="right unitPrice">61.20 € per litre</p>
    </div>
    <div class="contButton">
    <a class="button bgRed white addToCart" href="#">Add</a>
</div>
</div><div class="left product prod16"
        data-name="Champ Perrier Jouet Belle Epoq"
        data-price="189.00"
        data-id="28634"
        data-available="yes"
        data-category="421"
        data-bestselling="">
    <a href="../champ-perrier-jouet-belle-epoq.html">
        <div style="background-image: url('../../cdn.spesati.com/images/products/000208039/perrier-jouet-belle-epoque-champagne-brut-75-cl-01.png')">
            <div class="hover"></div>
            
            <div class="stickers"></div>
        </div>
    </a>
    <div>
        <h4><a href="../champ-perrier-jouet-belle-epoq.html"><b>Champ Perrier Jouet Belle Epoq</b></a></h4>
        <p class="description">Perrier-Jouët Belle Epoque Champagne Brut 75 cl</p>
        <p class="right price"><b>189.00 €</b></p>
        <p class="right unitPrice">252.00 € per litre</p>
    </div>
    <div class="contButton">
    <a class="button bgRed white addToCart" href="#">Add</a>
</div>
</div><div class="left product prod17"
        data-name="Champ Perrier Jouet G Brut 750"
        data-price="68.00"
        data-id="28632"
        data-available="yes"
        data-category="421"
        data-bestselling="">
    <a href="../champ-perrier-jouet-g-brut-750.html">
        <div style="background-image: url('../../cdn.spesati.com/images/products/000208036/perrier-jouet-grand-brut-750-ml-01.png')">
            <div class="hover"></div>
            
            <div class="stickers"></div>
        </div>
    </a>
    <div>
        <h4><a href="../champ-perrier-jouet-g-brut-750.html"><b>Champ Perrier Jouet G Brut 750</b></a></h4>
        <p class="description">Perrier-Jouët Grand Brut 750 ml</p>
        <p class="right price"><b>68.00 €</b></p>
        <p class="right unitPrice">90.67 € per litre</p>
    </div>
    <div class="contButton">
    <a class="button bgRed white addToCart" href="#">Add</a>
</div>
</div><div class="left product prod18"
        data-name="Champ Moet Et Chand Magnum"
        data-price="99.90"
        data-id="28626"
        data-available="yes"
        data-category="421"
        data-bestselling="">
    <a href="../champ-moet-et-chand-magnum.html">
        <div style="background-image: url('../../cdn.spesati.com/images/products/000208023/champagne-moet-chandon-imperial-magnum-1500-ml-astuccio-01.png')">
            <div class="hover"></div>
            
            <div class="stickers"></div>
        </div>
    </a>
    <div>
        <h4><a href="../champ-moet-et-chand-magnum.html"><b>Champ Moet Et Chand Magnum</b></a></h4>
        <p class="description">Champagne Moët & Chandon Impérial Magnum 1500 ml. Astuccio</p>
        <p class="right price"><b>99.90 €</b></p>
        <p class="right unitPrice">66.60 € per litre</p>
    </div>
    <div class="contButton">
    <a class="button bgRed white addToCart" href="#">Add</a>
</div>
</div><div class="left product prod19"
        data-name="Champagne Moet Chandon Imperial Brut 75 Ml"
        data-price="39.90"
        data-id="5618"
        data-available="yes"
        data-category="421"
        data-bestselling="">
    <a href="../champagne-moet-chandon-imperial-brut-75-ml.html">
        <div style="background-image: url('../../cdn.spesati.com/images/products/000208021/champagne-moet-chandon-imperial-750-ml-01.png')">
            <div class="hover"></div>
            
            <div class="stickers"></div>
        </div>
    </a>
    <div>
        <h4><a href="../champagne-moet-chandon-imperial-brut-75-ml.html"><b>Champagne Moet Chandon Imperial Brut 75 Ml</b></a></h4>
        <p class="description">Champagne Moët & Chandon Impérial 750 ml</p>
        <p class="right price"><b>39.90 €</b></p>
        <p class="right unitPrice">53.20 € per litre</p>
    </div>
    <div class="contButton">
    <a class="button bgRed white addToCart" href="#">Add</a>
</div>
</div><div class="left product prod20"
        data-name="Champ.mumm Cordon Rouge"
        data-price="34.90"
        data-id="28622"
        data-available="yes"
        data-category="421"
        data-bestselling="">
    <a href="../champmumm-cordon-rouge.html">
        <div style="background-image: url('../../cdn.spesati.com/images/products/000208010/ghmumm-champagne-brut-cordon-rouge-75-cl-01.png')">
            <div class="hover"></div>
            
            <div class="stickers"></div>
        </div>
    </a>
    <div>
        <h4><a href="../champmumm-cordon-rouge.html"><b>Champ.mumm Cordon Rouge</b></a></h4>
        <p class="description">G.H.Mumm Champagne Brut Cordon Rouge 75 cl</p>
        <p class="right price"><b>34.90 €</b></p>
        <p class="right unitPrice">46.53 € per litre</p>
    </div>
    <div class="contButton">
    <a class="button bgRed white addToCart" href="#">Add</a>
</div>
</div><div class="left product prod21"
        data-name="Champagne Dom Pérignon"
        data-price="299.00"
        data-id="3565"
        data-available="yes"
        data-category="421"
        data-bestselling="">
    <a href="../champagne-dom-perignon.html">
        <div style="background-image: url('../../cdn.spesati.com/images/products/000208005/champagne-dom-perignon-750-ml-01.png')">
            <div class="hover"></div>
            
            <div class="stickers"></div>
        </div>
    </a>
    <div>
        <h4><a href="../champagne-dom-perignon.html"><b>Champagne Dom Pérignon</b></a></h4>
        <p class="description">Champagne Dom Pérignon 750 ml</p>
        <p class="right price"><b>299.00 €</b></p>
        <p class="right unitPrice">398.67 € per litre</p>
    </div>
    <div class="contButton">
    <a class="button bgRed white addToCart" href="#">Add</a>
</div>
</div><div class="left product prod22"
        data-name="Champ Mumm Cord Roug 1.5l"
        data-price="113.93"
        data-id="28623"
        data-available="yes"
        data-category="421"
        data-bestselling="">
    <a href="../champ-mumm-cord-roug-15l.html">
        <div style="background-image: url('../../cdn.spesati.com/images/products/missing-image/missing-image.jpg')">
            <div class="hover"></div>
            
            <div class="stickers"></div>
        </div>
    </a>
    <div>
        <h4><a href="../champ-mumm-cord-roug-15l.html"><b>Champ Mumm Cord Roug 1.5l</b></a></h4>
        <p class="description">1.5 Lt</p>
        <p class="right price"><b>113.93 €</b></p>
        <p class="right unitPrice">75.96 € per litre</p>
    </div>
    <div class="contButton">
    <a class="button bgRed white addToCart" href="#">Add</a>
</div>
</div><div class="left product prod23"
        data-name="Champ Moet Et Chand Reserve Im"
        data-price="67.71"
        data-id="28625"
        data-available="yes"
        data-category="421"
        data-bestselling="">
    <a href="../champ-moet-et-chand-reserve-im.html">
        <div style="background-image: url('../../cdn.spesati.com/images/products/missing-image/missing-image.jpg')">
            <div class="hover"></div>
            
            <div class="stickers"></div>
        </div>
    </a>
    <div>
        <h4><a href="../champ-moet-et-chand-reserve-im.html"><b>Champ Moet Et Chand Reserve Im</b></a></h4>
        <p class="description">0.75 Lt</p>
        <p class="right price"><b>67.71 €</b></p>
        <p class="right unitPrice">90.28 € per litre</p>
    </div>
    <div class="contButton">
    <a class="button bgRed white addToCart" href="#">Add</a>
</div>
</div><div class="left product prod24"
        data-name="Champ L Perrier Brut 75cl"
        data-price="44.90"
        data-id="28628"
        data-available="yes"
        data-category="421"
        data-bestselling="">
    <a href="../champ-l-perrier-brut-75cl.html">
        <div style="background-image: url('../../cdn.spesati.com/images/products/missing-image/missing-image.jpg')">
            <div class="hover"></div>
            
            <div class="stickers"></div>
        </div>
    </a>
    <div>
        <h4><a href="../champ-l-perrier-brut-75cl.html"><b>Champ L Perrier Brut 75cl</b></a></h4>
        <p class="description">0.75 Lt</p>
        <p class="right price"><b>44.90 €</b></p>
        <p class="right unitPrice">59.87 € per litre</p>
    </div>
    <div class="contButton">
    <a class="button bgRed white addToCart" href="#">Add</a>
</div>
</div><div class="left product prod25"
        data-name="Champ L Perrier Ultra Brut 75c"
        data-price="59.00"
        data-id="28629"
        data-available="yes"
        data-category="421"
        data-bestselling="">
    <a href="../champ-l-perrier-ultra-brut-75c.html">
        <div style="background-image: url('../../cdn.spesati.com/images/products/missing-image/missing-image.jpg')">
            <div class="hover"></div>
            
            <div class="stickers"></div>
        </div>
    </a>
    <div>
        <h4><a href="../champ-l-perrier-ultra-brut-75c.html"><b>Champ L Perrier Ultra Brut 75c</b></a></h4>
        <p class="description">0.75 Lt</p>
        <p class="right price"><b>59.00 €</b></p>
        <p class="right unitPrice">78.67 € per litre</p>
    </div>
    <div class="contButton">
    <a class="button bgRed white addToCart" href="#">Add</a>
</div>
</div><div class="left product prod26"
        data-name="Champ L Perrier Cuvee Rose' 75"
        data-price="69.90"
        data-id="28630"
        data-available="yes"
        data-category="421"
        data-bestselling="">
    <a href="../champ-l-perrier-cuvee-rose-75.html">
        <div style="background-image: url('../../cdn.spesati.com/images/products/missing-image/missing-image.jpg')">
            <div class="hover"></div>
            
            <div class="stickers"></div>
        </div>
    </a>
    <div>
        <h4><a href="../champ-l-perrier-cuvee-rose-75.html"><b>Champ L Perrier Cuvee Rose' 75</b></a></h4>
        <p class="description">0.75 Lt</p>
        <p class="right price"><b>69.90 €</b></p>
        <p class="right unitPrice">93.20 € per litre</p>
    </div>
    <div class="contButton">
    <a class="button bgRed white addToCart" href="#">Add</a>
</div>
</div><div class="left product prod27"
        data-name="Champ Perrier Jouet G Brut 375"
        data-price="40.26"
        data-id="28631"
        data-available="yes"
        data-category="421"
        data-bestselling="">
    <a href="../champ-perrier-jouet-g-brut-375.html">
        <div style="background-image: url('../../cdn.spesati.com/images/products/missing-image/missing-image.jpg')">
            <div class="hover"></div>
            
            <div class="stickers"></div>
        </div>
    </a>
    <div>
        <h4><a href="../champ-perrier-jouet-g-brut-375.html"><b>Champ Perrier Jouet G Brut 375</b></a></h4>
        <p class="description">0.38 Lt</p>
        <p class="right price"><b>40.26 €</b></p>
        <p class="right unitPrice">107.36 € per litre</p>
    </div>
    <div class="contButton">
    <a class="button bgRed white addToCart" href="#">Add</a>
</div>
</div><div class="left product prod28"
        data-name="Champ Veuve Cliquot 3 Lt Jerob"
        data-price="537.64"
        data-id="28640"
        data-available="yes"
        data-category="421"
        data-bestselling="">
    <a href="../champ-veuve-cliquot-3-lt-jerob.html">
        <div style="background-image: url('../../cdn.spesati.com/images/products/missing-image/missing-image.jpg')">
            <div class="hover"></div>
            
            <div class="stickers"></div>
        </div>
    </a>
    <div>
        <h4><a href="../champ-veuve-cliquot-3-lt-jerob.html"><b>Champ Veuve Cliquot 3 Lt Jerob</b></a></h4>
        <p class="description">3 Lt</p>
        <p class="right price"><b>537.64 €</b></p>
        <p class="right unitPrice">179.22 € per litre</p>
    </div>
    <div class="contButton">
    <a class="button bgRed white addToCart" href="#">Add</a>
</div>
</div><div class="left product prod29"
        data-name="Champ Moet Et Chand 3lt Jerob"
        data-price="474.61"
        data-id="28641"
        data-available="yes"
        data-category="421"
        data-bestselling="">
    <a href="../champ-moet-et-chand-3lt-jerob.html">
        <div style="background-image: url('../../cdn.spesati.com/images/products/missing-image/missing-image.jpg')">
            <div class="hover"></div>
            
            <div class="stickers"></div>
        </div>
    </a>
    <div>
        <h4><a href="../champ-moet-et-chand-3lt-jerob.html"><b>Champ Moet Et Chand 3lt Jerob</b></a></h4>
        <p class="description">3 Lt</p>
        <p class="right price"><b>474.61 €</b></p>
        <p class="right unitPrice">158.21 € per litre</p>
    </div>
    <div class="contButton">
    <a class="button bgRed white addToCart" href="#">Add</a>
</div>
</div><div class="left product prod30"
        data-name="Champ.cristal 75cl Brut 2009"
        data-price="299.00"
        data-id="28643"
        data-available="yes"
        data-category="421"
        data-bestselling="">
    <a href="../champcristal-75cl-brut-2009.html">
        <div style="background-image: url('../../cdn.spesati.com/images/products/missing-image/missing-image.jpg')">
            <div class="hover"></div>
            
            <div class="stickers"></div>
        </div>
    </a>
    <div>
        <h4><a href="../champcristal-75cl-brut-2009.html"><b>Champ.cristal 75cl Brut 2009</b></a></h4>
        <p class="description">0.75 Lt</p>
        <p class="right price"><b>299.00 €</b></p>
        <p class="right unitPrice">398.67 € per litre</p>
    </div>
    <div class="contButton">
    <a class="button bgRed white addToCart" href="#">Add</a>
</div>
</div><div class="left product prod31"
        data-name="Champ.ruinart Blanc De B 75cl"
        data-price="119.00"
        data-id="28649"
        data-available="yes"
        data-category="421"
        data-bestselling="">
    <a href="../champruinart-blanc-de-b-75cl.html">
        <div style="background-image: url('../../cdn.spesati.com/images/products/missing-image/missing-image.jpg')">
            <div class="hover"></div>
            
            <div class="stickers"></div>
        </div>
    </a>
    <div>
        <h4><a href="../champruinart-blanc-de-b-75cl.html"><b>Champ.ruinart Blanc De B 75cl</b></a></h4>
        <p class="description">0.75 Lt</p>
        <p class="right price"><b>119.00 €</b></p>
        <p class="right unitPrice">158.66 € per litre</p>
    </div>
    <div class="contButton">
    <a class="button bgRed white addToCart" href="#">Add</a>
</div>
</div><div class="left product prod32"
        data-name="Champ Moet Et Chand Mathusal6l"
        data-price="1,058.64"
        data-id="28654"
        data-available="yes"
        data-category="421"
        data-bestselling="">
    <a href="../champ-moet-et-chand-mathusal6l.html">
        <div style="background-image: url('../../cdn.spesati.com/images/products/missing-image/missing-image.jpg')">
            <div class="hover"></div>
            
            <div class="stickers"></div>
        </div>
    </a>
    <div>
        <h4><a href="../champ-moet-et-chand-mathusal6l.html"><b>Champ Moet Et Chand Mathusal6l</b></a></h4>
        <p class="description">6 Lt</p>
        <p class="right price"><b>1,058.64 €</b></p>
        <p class="right unitPrice">176.44 € per litre</p>
    </div>
    <div class="contButton">
    <a class="button bgRed white addToCart" href="#">Add</a>
</div>
</div><div class="left product prod33"
        data-name="Champ Moet et Chan Salmanaz 9l"
        data-price="1,484.00"
        data-id="28668"
        data-available="yes"
        data-category="421"
        data-bestselling="">
    <a href="../champ-moet-et-chan-salmanaz-9l.html">
        <div style="background-image: url('../../cdn.spesati.com/images/products/missing-image/missing-image.jpg')">
            <div class="hover"></div>
            
            <div class="stickers"></div>
        </div>
    </a>
    <div>
        <h4><a href="../champ-moet-et-chan-salmanaz-9l.html"><b>Champ Moet et Chan Salmanaz 9l</b></a></h4>
        <p class="description">9 Lt</p>
        <p class="right price"><b>1,484.00 €</b></p>
        <p class="right unitPrice">164.88 € per litre</p>
    </div>
    <div class="contButton">
    <a class="button bgRed white addToCart" href="#">Add</a>
</div>
</div><div class="left product prod34"
        data-name="Champ Dom Perig Blanc Lumin 75"
        data-price="443.14"
        data-id="28669"
        data-available="yes"
        data-category="421"
        data-bestselling="">
    <a href="../champ-dom-perig-blanc-lumin-75.html">
        <div style="background-image: url('../../cdn.spesati.com/images/products/missing-image/missing-image.jpg')">
            <div class="hover"></div>
            
            <div class="stickers"></div>
        </div>
    </a>
    <div>
        <h4><a href="../champ-dom-perig-blanc-lumin-75.html"><b>Champ Dom Perig Blanc Lumin 75</b></a></h4>
        <p class="description">0.75 Lt</p>
        <p class="right price"><b>443.14 €</b></p>
        <p class="right unitPrice">590.86 € per litre</p>
    </div>
    <div class="contButton">
    <a class="button bgRed white addToCart" href="#">Add</a>
</div>
</div><div class="left product prod35"
        data-name="Champ Bollinger Spec Cuvee 75c"
        data-price="59.90"
        data-id="28670"
        data-available="yes"
        data-category="421"
        data-bestselling="">
    <a href="../champ-bollinger-spec-cuvee-75c.html">
        <div style="background-image: url('../../cdn.spesati.com/images/products/missing-image/missing-image.jpg')">
            <div class="hover"></div>
            
            <div class="stickers"></div>
        </div>
    </a>
    <div>
        <h4><a href="../champ-bollinger-spec-cuvee-75c.html"><b>Champ Bollinger Spec Cuvee 75c</b></a></h4>
        <p class="description">0.75 Lt</p>
        <p class="right price"><b>59.90 €</b></p>
        <p class="right unitPrice">79.86 € per litre</p>
    </div>
    <div class="contButton">
    <a class="button bgRed white addToCart" href="#">Add</a>
</div>
</div><div class="left product prod36"
        data-name="Champ.cristal 75cl Rose 2006"
        data-price="771.94"
        data-id="28689"
        data-available="yes"
        data-category="421"
        data-bestselling="">
    <a href="../champcristal-75cl-rose-2006.html">
        <div style="background-image: url('../../cdn.spesati.com/images/products/missing-image/missing-image.jpg')">
            <div class="hover"></div>
            
            <div class="stickers"></div>
        </div>
    </a>
    <div>
        <h4><a href="../champcristal-75cl-rose-2006.html"><b>Champ.cristal 75cl Rose 2006</b></a></h4>
        <p class="description">0.75 Lt</p>
        <p class="right price"><b>771.94 €</b></p>
        <p class="right unitPrice">1,029.25 € per litre</p>
    </div>
    <div class="contButton">
    <a class="button bgRed white addToCart" href="#">Add</a>
</div>
</div><div class="left product prod37"
        data-name="Champ Dom Perignon Rose' 75"
        data-price="299.00"
        data-id="28715"
        data-available="yes"
        data-category="421"
        data-bestselling="">
    <a href="../champ-dom-perignon-rose-75.html">
        <div style="background-image: url('../../cdn.spesati.com/images/products/missing-image/missing-image.jpg')">
            <div class="hover"></div>
            
            <div class="stickers"></div>
        </div>
    </a>
    <div>
        <h4><a href="../champ-dom-perignon-rose-75.html"><b>Champ Dom Perignon Rose' 75</b></a></h4>
        <p class="description">0.75 Lt</p>
        <p class="right price"><b>299.00 €</b></p>
        <p class="right unitPrice">398.67 € per litre</p>
    </div>
    <div class="contButton">
    <a class="button bgRed white addToCart" href="#">Add</a>
</div>
</div><div class="left product prod38"
        data-name="Vino Santadi Latinia 37,5cl"
        data-price="25.73"
        data-id="28876"
        data-available="yes"
        data-category="421"
        data-bestselling="">
    <a href="../vino-santadi-latinia-375cl.html">
        <div style="background-image: url('../../cdn.spesati.com/images/products/missing-image/missing-image.jpg')">
            <div class="hover"></div>
            
            <div class="stickers"></div>
        </div>
    </a>
    <div>
        <h4><a href="../vino-santadi-latinia-375cl.html"><b>Vino Santadi Latinia 37,5cl</b></a></h4>
        <p class="description">0.38 Lt</p>
        <p class="right price"><b>25.73 €</b></p>
        <p class="right unitPrice">68.61 € per litre</p>
    </div>
    <div class="contButton">
    <a class="button bgRed white addToCart" href="#">Add</a>
</div>
</div><div class="left product prod39"
        data-name="Vino S.entu Passito 37.5 Cl"
        data-price="27.81"
        data-id="29002"
        data-available="yes"
        data-category="421"
        data-bestselling="">
    <a href="../vino-sentu-passito-375-cl.html">
        <div style="background-image: url('../../cdn.spesati.com/images/products/missing-image/missing-image.jpg')">
            <div class="hover"></div>
            
            <div class="stickers"></div>
        </div>
    </a>
    <div>
        <h4><a href="../vino-sentu-passito-375-cl.html"><b>Vino S.entu Passito 37.5 Cl</b></a></h4>
        <p class="description">0.38 Lt</p>
        <p class="right price"><b>27.81 €</b></p>
        <p class="right unitPrice">74.18 € per litre</p>
    </div>
    <div class="contButton">
    <a class="button bgRed white addToCart" href="#">Add</a>
</div>
</div><div class="left product prod40"
        data-name="Champ Veuve Clcquot Rich 75 Cl"
        data-price="86.91"
        data-id="60435"
        data-available="yes"
        data-category="421"
        data-bestselling="">
    <a href="../champ-veuve-clcquot-rich-75-cl.html">
        <div style="background-image: url('../../cdn.spesati.com/images/products/missing-image/missing-image.jpg')">
            <div class="hover"></div>
            
            <div class="stickers"></div>
        </div>
    </a>
    <div>
        <h4><a href="../champ-veuve-clcquot-rich-75-cl.html"><b>Champ Veuve Clcquot Rich 75 Cl</b></a></h4>
        <p class="description">0.75 Lt</p>
        <p class="right price"><b>86.91 €</b></p>
        <p class="right unitPrice">115.88 € per litre</p>
    </div>
    <div class="contButton">
    <a class="button bgRed white addToCart" href="#">Add</a>
</div>
</div><div class="left product prod41"
        data-name="Champ Veuve Clcquot Rich Magnu"
        data-price="196.07"
        data-id="60438"
        data-available="yes"
        data-category="421"
        data-bestselling="">
    <a href="../champ-veuve-clcquot-rich-magnu.html">
        <div style="background-image: url('../../cdn.spesati.com/images/products/missing-image/missing-image.jpg')">
            <div class="hover"></div>
            
            <div class="stickers"></div>
        </div>
    </a>
    <div>
        <h4><a href="../champ-veuve-clcquot-rich-magnu.html"><b>Champ Veuve Clcquot Rich Magnu</b></a></h4>
        <p class="description">1.5 Lt</p>
        <p class="right price"><b>196.07 €</b></p>
        <p class="right unitPrice">130.71 € per litre</p>
    </div>
    <div class="contButton">
    <a class="button bgRed white addToCart" href="#">Add</a>
</div>
</div><div class="left product prod42"
        data-name="Champ Veu Clcq Rich Rose' 75 C"
        data-price="93.23"
        data-id="60444"
        data-available="yes"
        data-category="421"
        data-bestselling="">
    <a href="../champ-veu-clcq-rich-rose-75-c.html">
        <div style="background-image: url('../../cdn.spesati.com/images/products/missing-image/missing-image.jpg')">
            <div class="hover"></div>
            
            <div class="stickers"></div>
        </div>
    </a>
    <div>
        <h4><a href="../champ-veu-clcq-rich-rose-75-c.html"><b>Champ Veu Clcq Rich Rose' 75 C</b></a></h4>
        <p class="description">0.75 Lt</p>
        <p class="right price"><b>93.23 €</b></p>
        <p class="right unitPrice">124.31 € per litre</p>
    </div>
    <div class="contButton">
    <a class="button bgRed white addToCart" href="#">Add</a>
</div>
</div><div class="left product prod43"
        data-name="Champ L Perrier Brut Mang Ast"
        data-price="120.96"
        data-id="62814"
        data-available="yes"
        data-category="421"
        data-bestselling="">
    <a href="../champ-l-perrier-brut-mang-ast.html">
        <div style="background-image: url('../../cdn.spesati.com/images/products/missing-image/missing-image.jpg')">
            <div class="hover"></div>
            
            <div class="stickers"></div>
        </div>
    </a>
    <div>
        <h4><a href="../champ-l-perrier-brut-mang-ast.html"><b>Champ L Perrier Brut Mang Ast</b></a></h4>
        <p class="description">1.5 Lt</p>
        <p class="right price"><b>120.96 €</b></p>
        <p class="right unitPrice">80.64 € per litre</p>
    </div>
    <div class="contButton">
    <a class="button bgRed white addToCart" href="#">Add</a>
</div>
</div><div class="left product prod44"
        data-name="Champagn Cuvee Leonie Brut 75c"
        data-price="49.71"
        data-id="68865"
        data-available="yes"
        data-category="421"
        data-bestselling="">
    <a href="../champagn-cuvee-leonie-brut-75c.html">
        <div style="background-image: url('../../cdn.spesati.com/images/products/missing-image/missing-image.jpg')">
            <div class="hover"></div>
            
            <div class="stickers"></div>
        </div>
    </a>
    <div>
        <h4><a href="../champagn-cuvee-leonie-brut-75c.html"><b>Champagn Cuvee Leonie Brut 75c</b></a></h4>
        <p class="description">0.75 Lt</p>
        <p class="right price"><b>49.71 €</b></p>
        <p class="right unitPrice">66.28 € per litre</p>
    </div>
    <div class="contButton">
    <a class="button bgRed white addToCart" href="#">Add</a>
</div>
</div><div class="left product prod45"
        data-name="Passit Pantelleria Nikka 375ml"
        data-price="48.80"
        data-id="68895"
        data-available="yes"
        data-category="421"
        data-bestselling="">
    <a href="../passit-pantelleria-nikka-375ml.html">
        <div style="background-image: url('../../cdn.spesati.com/images/products/missing-image/missing-image.jpg')">
            <div class="hover"></div>
            
            <div class="stickers"></div>
        </div>
    </a>
    <div>
        <h4><a href="../passit-pantelleria-nikka-375ml.html"><b>Passit Pantelleria Nikka 375ml</b></a></h4>
        <p class="description">0.38 Lt</p>
        <p class="right price"><b>48.80 €</b></p>
        <p class="right unitPrice">128.42 € per litre</p>
    </div>
    <div class="contButton">
    <a class="button bgRed white addToCart" href="#">Add</a>
</div>
</div><div class="left product prod46"
        data-name="Champ Arm Brignac Gold 75 C"
        data-price="427.67"
        data-id="78147"
        data-available="yes"
        data-category="421"
        data-bestselling="">
    <a href="../champ-arm-brignac-gold-75-c.html">
        <div style="background-image: url('../../cdn.spesati.com/images/products/missing-image/missing-image.jpg')">
            <div class="hover"></div>
            
            <div class="stickers"></div>
        </div>
    </a>
    <div>
        <h4><a href="../champ-arm-brignac-gold-75-c.html"><b>Champ Arm Brignac Gold 75 C</b></a></h4>
        <p class="description">0.75 Lt</p>
        <p class="right price"><b>427.67 €</b></p>
        <p class="right unitPrice">570.23 € per litre</p>
    </div>
    <div class="contButton">
    <a class="button bgRed white addToCart" href="#">Add</a>
</div>
</div><div class="left product prod47"
        data-name="Champa Arm Brignac Rose' 75 Cl"
        data-price="655.41"
        data-id="78150"
        data-available="yes"
        data-category="421"
        data-bestselling="">
    <a href="../champa-arm-brignac-rose-75-cl.html">
        <div style="background-image: url('../../cdn.spesati.com/images/products/missing-image/missing-image.jpg')">
            <div class="hover"></div>
            
            <div class="stickers"></div>
        </div>
    </a>
    <div>
        <h4><a href="../champa-arm-brignac-rose-75-cl.html"><b>Champa Arm Brignac Rose' 75 Cl</b></a></h4>
        <p class="description">0.75 Lt</p>
        <p class="right price"><b>655.41 €</b></p>
        <p class="right unitPrice">873.89 € per litre</p>
    </div>
    <div class="contButton">
    <a class="button bgRed white addToCart" href="#">Add</a>
</div>
</div><div class="left product prod48"
        data-name="Cham Moet Et Cha Rose'imperi75"
        data-price="55.00"
        data-id="80404"
        data-available="yes"
        data-category="421"
        data-bestselling="">
    <a href="../cham-moet-et-cha-roseimperi75.html">
        <div style="background-image: url('../../cdn.spesati.com/images/products/missing-image/missing-image.jpg')">
            <div class="hover"></div>
            
            <div class="stickers"></div>
        </div>
    </a>
    <div>
        <h4><a href="../cham-moet-et-cha-roseimperi75.html"><b>Cham Moet Et Cha Rose'imperi75</b></a></h4>
        <p class="description">0.75 Lt</p>
        <p class="right price"><b>55.00 €</b></p>
        <p class="right unitPrice">73.33 € per litre</p>
    </div>
    <div class="contButton">
    <a class="button bgRed white addToCart" href="#">Add</a>
</div>
</div><div class="left product prod49"
        data-name="Champ Krug Grande Cuvee'75 Cl"
        data-price="468.48"
        data-id="83669"
        data-available="yes"
        data-category="421"
        data-bestselling="">
    <a href="../champ-krug-grande-cuvee75-cl.html">
        <div style="background-image: url('../../cdn.spesati.com/images/products/missing-image/missing-image.jpg')">
            <div class="hover"></div>
            
            <div class="stickers"></div>
        </div>
    </a>
    <div>
        <h4><a href="../champ-krug-grande-cuvee75-cl.html"><b>Champ Krug Grande Cuvee'75 Cl</b></a></h4>
        <p class="description">0.75 Lt</p>
        <p class="right price"><b>468.48 €</b></p>
        <p class="right unitPrice">624.64 € per litre</p>
    </div>
    <div class="contButton">
    <a class="button bgRed white addToCart" href="#">Add</a>
</div>
</div><div class="left product prod50"
        data-name="Champagne Thienot Rose 75cl"
        data-price="104.24"
        data-id="84896"
        data-available="yes"
        data-category="421"
        data-bestselling="">
    <a href="../champagne-thienot-rose-75cl.html">
        <div style="background-image: url('../../cdn.spesati.com/images/products/missing-image/missing-image.jpg')">
            <div class="hover"></div>
            
            <div class="stickers"></div>
        </div>
    </a>
    <div>
        <h4><a href="../champagne-thienot-rose-75cl.html"><b>Champagne Thienot Rose 75cl</b></a></h4>
        <p class="description">0.75 Lt</p>
        <p class="right price"><b>104.24 €</b></p>
        <p class="right unitPrice">138.98 € per litre</p>
    </div>
    <div class="contButton">
    <a class="button bgRed white addToCart" href="#">Add</a>
</div>
</div><div class="left product prod51"
        data-name="Champ Canard Duchene Rose 75cl"
        data-price="86.92"
        data-id="84899"
        data-available="yes"
        data-category="421"
        data-bestselling="">
    <a href="../champ-canard-duchene-rose-75cl.html">
        <div style="background-image: url('../../cdn.spesati.com/images/products/missing-image/missing-image.jpg')">
            <div class="hover"></div>
            
            <div class="stickers"></div>
        </div>
    </a>
    <div>
        <h4><a href="../champ-canard-duchene-rose-75cl.html"><b>Champ Canard Duchene Rose 75cl</b></a></h4>
        <p class="description">0.75 Lt</p>
        <p class="right price"><b>86.92 €</b></p>
        <p class="right unitPrice">115.90 € per litre</p>
    </div>
    <div class="contButton">
    <a class="button bgRed white addToCart" href="#">Add</a>
</div>
</div><div class="left product prod52"
        data-name="Champa Taittinger Brut Res 75c"
        data-price="70.62"
        data-id="84902"
        data-available="yes"
        data-category="421"
        data-bestselling="">
    <a href="../champa-taittinger-brut-res-75c.html">
        <div style="background-image: url('../../cdn.spesati.com/images/products/missing-image/missing-image.jpg')">
            <div class="hover"></div>
            
            <div class="stickers"></div>
        </div>
    </a>
    <div>
        <h4><a href="../champa-taittinger-brut-res-75c.html"><b>Champa Taittinger Brut Res 75c</b></a></h4>
        <p class="description">0.75 Lt</p>
        <p class="right price"><b>70.62 €</b></p>
        <p class="right unitPrice">94.16 € per litre</p>
    </div>
    <div class="contButton">
    <a class="button bgRed white addToCart" href="#">Add</a>
</div>
</div><div class="left product prod53"
        data-name="Cham Moet Et Chan Gr Vintag 75"
        data-price="103.97"
        data-id="84926"
        data-available="yes"
        data-category="421"
        data-bestselling="">
    <a href="../cham-moet-et-chan-gr-vintag-75.html">
        <div style="background-image: url('../../cdn.spesati.com/images/products/missing-image/missing-image.jpg')">
            <div class="hover"></div>
            
            <div class="stickers"></div>
        </div>
    </a>
    <div>
        <h4><a href="../cham-moet-et-chan-gr-vintag-75.html"><b>Cham Moet Et Chan Gr Vintag 75</b></a></h4>
        <p class="description">0.75 Lt</p>
        <p class="right price"><b>103.97 €</b></p>
        <p class="right unitPrice">138.63 € per litre</p>
    </div>
    <div class="contButton">
    <a class="button bgRed white addToCart" href="#">Add</a>
</div>
</div><div class="left product prod54"
        data-name="Champ Veuve C La Grande Dame"
        data-price="230.00"
        data-id="28627"
        data-available="no"
        data-category="421"
        data-bestselling="">
    <a href="../champ-veuve-c-la-grande-dame.html">
        <div style="background-image: url('../../cdn.spesati.com/images/products/000208025/veuve-clicquot-champagne-la-grande-dame-750ml-coffret-01.png')">
            <div class="hover"></div>
            
            <div class="stickers"></div>
        </div>
    </a>
    <div>
        <h4><a href="../champ-veuve-c-la-grande-dame.html"><b>Champ Veuve C La Grande Dame</b></a></h4>
        <p class="description">Veuve Clicquot Champagne La Grande Dame 750ml Coffret</p>
        <p class="right price"><b>230.00 €</b></p>
        <p class="right unitPrice">306.67 € per litre</p>
    </div>
    <div class="notAvailable">
    <a class="button bgDarkGrey white" href="../champ-veuve-c-la-grande-dame.html">Not available</a>
</div>
</div><div class="left product prod55"
        data-name="Champ Perrier Jouet G Brut Mag"
        data-price="205.45"
        data-id="28633"
        data-available="no"
        data-category="421"
        data-bestselling="">
    <a href="../champ-perrier-jouet-g-brut-mag.html">
        <div style="background-image: url('../../cdn.spesati.com/images/products/missing-image/missing-image.jpg')">
            <div class="hover"></div>
            
            <div class="stickers"></div>
        </div>
    </a>
    <div>
        <h4><a href="../champ-perrier-jouet-g-brut-mag.html"><b>Champ Perrier Jouet G Brut Mag</b></a></h4>
        <p class="description">1.5 Lt</p>
        <p class="right price"><b>205.45 €</b></p>
        <p class="right unitPrice">136.97 € per litre</p>
    </div>
    <div class="notAvailable">
    <a class="button bgDarkGrey white" href="../champ-perrier-jouet-g-brut-mag.html">Not available</a>
</div>
</div><div class="left product prod56"
        data-name="Champ Bollinger Rose' 75cl"
        data-price="119.03"
        data-id="28671"
        data-available="no"
        data-category="421"
        data-bestselling="">
    <a href="../champ-bollinger-rose-75cl.html">
        <div style="background-image: url('../../cdn.spesati.com/images/products/missing-image/missing-image.jpg')">
            <div class="hover"></div>
            
            <div class="stickers"></div>
        </div>
    </a>
    <div>
        <h4><a href="../champ-bollinger-rose-75cl.html"><b>Champ Bollinger Rose' 75cl</b></a></h4>
        <p class="description">0.75 Lt</p>
        <p class="right price"><b>119.03 €</b></p>
        <p class="right unitPrice">158.71 € per litre</p>
    </div>
    <div class="notAvailable">
    <a class="button bgDarkGrey white" href="../champ-bollinger-rose-75cl.html">Not available</a>
</div>
</div><div class="left product prod57"
        data-name="Champ Michel Gra Cru Bru 75 Cl"
        data-price="62.03"
        data-id="28728"
        data-available="no"
        data-category="421"
        data-bestselling="">
    <a href="../champ-michel-gra-cru-bru-75-cl.html">
        <div style="background-image: url('../../cdn.spesati.com/images/products/missing-image/missing-image.jpg')">
            <div class="hover"></div>
            
            <div class="stickers"></div>
        </div>
    </a>
    <div>
        <h4><a href="../champ-michel-gra-cru-bru-75-cl.html"><b>Champ Michel Gra Cru Bru 75 Cl</b></a></h4>
        <p class="description">0.75 Lt</p>
        <p class="right price"><b>62.03 €</b></p>
        <p class="right unitPrice">82.70 € per litre</p>
    </div>
    <div class="notAvailable">
    <a class="button bgDarkGrey white" href="../champ-michel-gra-cru-bru-75-cl.html">Not available</a>
</div>
</div><div class="left product prod58"
        data-name="Champ Perr J.belle Epoq Prem75"
        data-price="325.57"
        data-id="29084"
        data-available="no"
        data-category="421"
        data-bestselling="">
    <a href="../champ-perr-jbelle-epoq-prem75.html">
        <div style="background-image: url('../../cdn.spesati.com/images/products/missing-image/missing-image.jpg')">
            <div class="hover"></div>
            
            <div class="stickers"></div>
        </div>
    </a>
    <div>
        <h4><a href="../champ-perr-jbelle-epoq-prem75.html"><b>Champ Perr J.belle Epoq Prem75</b></a></h4>
        <p class="description">0.75 Lt</p>
        <p class="right price"><b>325.57 €</b></p>
        <p class="right unitPrice">434.09 € per litre</p>
    </div>
    <div class="notAvailable">
    <a class="button bgDarkGrey white" href="../champ-perr-jbelle-epoq-prem75.html">Not available</a>
</div>
</div><div class="left product prod59"
        data-name="Champ Pomm Brut Roy Rose 75 Cl"
        data-price="64.05"
        data-id="64968"
        data-available="no"
        data-category="421"
        data-bestselling="">
    <a href="../champ-pomm-brut-roy-rose-75-cl.html">
        <div style="background-image: url('../../cdn.spesati.com/images/products/missing-image/missing-image.jpg')">
            <div class="hover"></div>
            
            <div class="stickers"></div>
        </div>
    </a>
    <div>
        <h4><a href="../champ-pomm-brut-roy-rose-75-cl.html"><b>Champ Pomm Brut Roy Rose 75 Cl</b></a></h4>
        <p class="description">0.75 Lt</p>
        <p class="right price"><b>64.05 €</b></p>
        <p class="right unitPrice">85.40 € per litre</p>
    </div>
    <div class="notAvailable">
    <a class="button bgDarkGrey white" href="../champ-pomm-brut-roy-rose-75-cl.html">Not available</a>
</div>
</div><div class="left product prod60"
        data-name="Spum Bellavista Brut 375 Ml"
        data-price="28.45"
        data-id="87506"
        data-available="no"
        data-category="421"
        data-bestselling="">
    <a href="../spum-bellavista-brut-375-ml.html">
        <div style="background-image: url('../../cdn.spesati.com/images/products/missing-image/missing-image.jpg')">
            <div class="hover"></div>
            
            <div class="stickers"></div>
        </div>
    </a>
    <div>
        <h4><a href="../spum-bellavista-brut-375-ml.html"><b>Spum Bellavista Brut 375 Ml</b></a></h4>
        <p class="description">0.38 Lt</p>
        <p class="right price"><b>28.45 €</b></p>
        <p class="right unitPrice">74.87 € per litre</p>
    </div>
    <div class="notAvailable">
    <a class="button bgDarkGrey white" href="../spum-bellavista-brut-375-ml.html">Not available</a>
</div>
</div>        </div>
    </div>
</section>
<div class="footer">
    <div class="bgDarkGrey"></div>
    <footer>
        <div class="left bgDarkGrey">
            <a id="logoFooter" href="../index.html" class="estDynamic">
                <img src="../../cdn.spesati.com/images/layout/logo-eng.png" alt="Spesati.com" />
                <h2 class="red">Grocery Delivery</h2>
            </a>
            <a class="button bgRed white mobile" href="tel:390707968318">Phone order</a>
            <a class="button bgRed white desktop" href="../news/2020-04-07/news-on-spesati-the-telephone-order-service-is-active.html">Phone order</a>
            <a class="button bgRed white" href="../cdn-cgi/l/email-protection.html#deb7b0b8b19eadaebbadbfaab7f0bdb1b3">Send mail</a>
            <div id="social">
                <a class="left" href="https://www.facebook.com/spesati/" rel="external" target="_blank">
                    <span class="facebook bgRed fa-stack fa-lg">
                        <i class="fa fa-facebook fa-stack-1x "></i>
                    </span>
                </a>
                <a class="right" href="https://twitter.com/spesati" rel="external" target="_blank">
                    <span class="twitter bgRed fa-stack fa-lg">
                        <i class="fa fa-twitter fa-stack-1x "></i>
                    </span>
                </a>
            </div>
            <p>Copyright 2024 Spesati.com </p>
            
                    <p>All rights reserved</p>
                    <p>SPESATI SRL</p>
                    <p>Corso Vittorio Veneto 15/I, 07026, Olbia</p>
                    <p>CF e P.Iva: 02772380909</p>
                        </div>
        <div class="center bgRed">
            <div class="top">
                <h3>Categories</h3>
                <div class="col">
                    <ul>
                        <li>
                            <a href="#" class="estDynamic">On sale</a>
                        </li>
                        <li>
                            <a href="../fruit-and-vegetables.html" class="estDynamic">Fruit and vegetables</a>
                        </li>
                        <li>
                            <a href="../fresh-products.html" class="estDynamic">Fresh products</a>
                        </li>
                        <li>
                            <a href="../frozen-foods.html" class="estDynamic">Frozen foods</a>
                        </li>
                        <li>
                            <a href="../bread-and-pasta.html" class="estDynamic">Bread and pasta</a>
                        </li>
                        <li>
                            <a href="../meat.html" class="estDynamic">Meat</a>
                        </li>
                        <li>
                            <a href="../fish.html" class="estDynamic">Fish</a>
                        </li>
                    </ul>
                </div>
                <div class="col">
                    <ul>
                        <li>
                            <a href="../wine-beer-and-spirits.html" class="estDynamic">Wine beer and spirits</a>
                        </li>
                        <li>
                            <a href="../water-and-drinks.html" class="estDynamic">Water and drinks</a>
                        </li>
                        <li>
                            <a href="../sweets.html" class="estDynamic">Sweets</a>
                        </li>
                        <li>
                            <a href="../shelf.html" class="estDynamic">Cupboard</a>
                        </li>
                        <li>
                            <a href="../personal-care.html" class="estDynamic">Personal care</a>
                        </li>
                        <li>
                            <a href="../household-and-outdoors.html" class="estDynamic">Home and outdoors</a>
                        </li>
                        <li>
                            <a href="../pet.html" class="estDynamic">Pets</a>
                        </li>
                    </ul>
                </div>
                <div class="col">
                    <ul>
                        <li>
                            <a href="../technology.html" class="estDynamic">Technology</a>
                        </li>
                        <li>
                            <a href="../gluten-free.html" class="estDynamic">Gluten free</a>
                        </li>
                        <li>
                            <a href="../lactose-free.html" class="estDynamic">Lactose free</a>
                        </li>
                        <li>
                            <a href="../special.html" class="estDynamic">Special</a>
                        </li>
                        <li>
                            <a href="../sardinian-products.html" class="estDynamic">Sardinian products</a>
                        </li>
                    </ul>
                </div>
            </div>
            <div class="bottom bgRed">
                <div class="left">
                    <h3>Delivery payment</h3>
                    <div>
                        <i class="fa fa-money fa-3x" aria-hidden="true"></i>
                        <p>Cash</p>
                    </div>
                    <div>
                        <i class="fa fa-credit-card fa-3x" aria-hidden="true"></i>
                        <p>Bancomat or card</p>
                    </div>
                </div>
                <div class="right">
                    <h3>Online payment</h3>
                    <div>
                        <i class="fa fa-credit-card fa-3x" aria-hidden="true"></i>
                        <p>Credit or debit card <span class="red">online</span></p>
                    </div>
                    <div>
                        <i class="fa fa-paypal fa-3x" aria-hidden="true"></i>
                        <p>PayPal</p>
                    </div>
                    <div>
                        <i class="fa fa-university fa-3x" aria-hidden="true"></i>
                        <p>Bank transfer</p>
                    </div>
                </div>
            </div>
        </div>
        <div class="right bgRed">
            <div>
                <i class="fa fa-truck fa-flip-horizontal"></i>
                <a class="button bgYellow white" href="../delivery-prices.html">Delivery prices</a>
                
                    <h3>Home delivery:</h3>
                    <p><b>Monday to Saturday</b></p>
                    <p><b>9:00 to 20:00</b></p>
                    <p><b>Minimum order:</b> 29€</p>
                    <p><b>Delivery starting from:</b> 3,50€</p>
                            </div>
            <ul>
                <li>
                    <a href="../delivery-prices.html">Delivery prices</a>
                </li>
                <li>
                    <a href="../about.html">About</a>
                </li>
                <li>
                    <a href="../faq.html">Faq</a>
                </li>
                <li>
                    <a href="../customer-care.html">Support</a>
                </li>
                <li>
                    <a href="../news.html">Blog</a>
                </li>
                <li>
                    <a href="../terms-and-conditions.html">Conditions</a>
                </li>
                <li>
                    <a href="../privacy-policy.html">Privacy policy</a>
                </li>
                <li>
                    <a href="../legal-warranty.html">Legal guarantee</a>
                </li>
            </ul>
        </div>
    </footer>
    <div class="bgRed"></div>
</div>
<!--Start of Tawk.to Script-->
<script data-cfasync="false" src="../cdn-cgi/scripts/5c5dd728/cloudflare-static/email-decode.min.js"></script><script type="text/javascript">
var Tawk_API=Tawk_API||{}, Tawk_LoadStart=new Date();
(function(){
var s1=document.createElement("script"),s0=document.getElementsByTagName("script")[0];
s1.async=true;
s1.src='https://embed.tawk.to/59e86945c28eca75e4626ed9/default';
s1.charset='UTF-8';
s1.setAttribute('crossorigin','*');
s0.parentNode.insertBefore(s1,s0);
})();
</script>
<!--End of Tawk.to Script-->

<!-- Here are parked a few translatable strings, useful for Javascript rendering -->
<div id="js-texts" hidden>
    <input type="hidden" name="save_cart_notice" value="Saving your cart it will be possible to reload it next time you come for shopping">
    <input type="hidden" name="save_cart_notice_title" value="Want to save your cart?">
    <input type="hidden" name="save_cart_ok" value="Save">
    <input type="hidden" name="save_cart_ko" value="Don't Save">
    <input type="hidden" name="reload_cart" value="The Reload Order function allows you to top up your last cart to make a New Order. Warning: do not use this function to add products to the last order. At this time it is not possible to modify an order placed previously.">
</div>

<!-- new site and login popup -->
</body>
<!-- Mirrored from www.spesati.com/wine-beer-and-spirits/specialty-wine by HTTrack Website Copier/3.x [XR&CO'2014], Fri, 23 Feb 2024 18:16:38 GMT -->
</html>