<!DOCTYPE html><html lang="en">
<!-- Mirrored from www.spesati.com/wine-beer-and-spirits/spirits by HTTrack Website Copier/3.x [XR&CO'2014], Fri, 23 Feb 2024 18:04:47 GMT -->
<!-- Added by HTTrack --><meta http-equiv="content-type" content="text/html;charset=utf-8" /><!-- /Added by HTTrack -->
<head>
    <title>Spirits - Wine beer and spirits - Spesati.com</title>
    <meta http-equiv="Content-Type" content="text/html; charset=UTF-8" />
    <meta name="description" content="" />
    <meta name="keywords" content="" />
    <link href="../images/favicon.ico" rel="shortcut icon" type="image/x-icon" />
    <meta name="author" content="www.dodify.com" /><link rel="canonical" href="spirits.html" /><link rel="alternate" hreflang="en" href="spirits.html" /><link rel="alternate" hreflang="it" href="https://www.spesati.it/vino-birra-e-alcolici/distillati" /><link href="../../cdnjs.cloudflare.com/ajax/libs/meyer-reset/2.0/reset.min.css" rel="stylesheet" type="text/css" /><link href="../../cdnjs.cloudflare.com/ajax/libs/font-awesome/6.5.1/css/all.min.css" rel="stylesheet" type="text/css" /><link href="https://fonts.googleapis.com/css?family=Montserrat:400,700" rel="stylesheet" type="text/css" /><link href="../../cdnjs.cloudflare.com/ajax/libs/fancybox/2.1.5/jquery.fancybox.min.css" rel="stylesheet" type="text/css" /><link href="../style/mainbea6.css?v=7" rel="stylesheet" type="text/css" /><link href="../style/lightslider.css" rel="stylesheet" type="text/css" /><link href="../style/categories.css" rel="stylesheet" type="text/css" /><script src="../../cdnjs.cloudflare.com/ajax/libs/jquery/3.6.1/jquery.min.js" type="text/javascript"></script><script src="../../ajax.googleapis.com/ajax/libs/jquery/1.11.0/jquery.min.js" type="text/javascript"></script><script src="http://unpkg.com/@floating-ui/core@0.4.0" type="text/javascript"></script><script src="http://unpkg.com/@floating-ui/dom@0.2.0" type="text/javascript"></script><script src="../../cdnjs.cloudflare.com/ajax/libs/fancybox/2.1.5/jquery.fancybox.min.js" type="text/javascript"></script><script src="../js/menu.js" type="text/javascript"></script><script src="../js/interfaceb6f5.js?v=10" type="text/javascript"></script><script src="../js/spesati.lightslider.min.js" type="text/javascript"></script><meta name="viewport" content="width=device-width, initial-scale=1, maximum-scale=1" /><meta name = "format-detection" content = "telephone=no">
<!-- Facebook Pixel Code -->
<script>
  !function(f,b,e,v,n,t,s)
  {if(f.fbq)return;n=f.fbq=function(){n.callMethod?
  n.callMethod.apply(n,arguments):n.queue.push(arguments)};
  if(!f._fbq)f._fbq=n;n.push=n;n.loaded=!0;n.version='2.0';
  n.queue=[];t=b.createElement(e);t.async=!0;
  t.src=v;s=b.getElementsByTagName(e)[0];
  s.parentNode.insertBefore(t,s)}(window, document,'script',
  '../../connect.facebook.net/en_US/fbevents.js');
  fbq('init', '792335014180667');
  fbq('track', 'PageView');
</script>
<noscript>
    <img height="1" width="1" style="display:none" src="https://www.facebook.com/tr?id=792335014180667&amp;ev=PageView&amp;noscript=1" />
</noscript>
<!-- End Facebook Pixel Code -->

<!-- GA4 -->
<script async src="https://www.googletagmanager.com/gtag/js?id=G-SSS6NRNXL0"></script>
<script>
  window.dataLayer = window.dataLayer || [];
  function gtag(){dataLayer.push(arguments);}
  gtag('js', new Date());
  gtag('config', 'AW-976671669');
  gtag('config', 'G-SSS6NRNXL0');
</script>
<!-- Elements for PWA deploy -->
<link rel="manifest" href="../manifest.json">
<meta name="theme-color" media="(prefers-color-scheme: light)" content="white">
<meta name="theme-color" media="(prefers-color-scheme: dark)"  content="black">
<link href=../images/icon-192.png rel=apple-touch-icon sizes="192x192">
<!-- Establishment logic -->
<script>var pageEstablishment = "Olbia"; var estDefaultPages = true</script>
    <!--[if lt IE 9]>
        <script src="https://cdnjs.cloudflare.com/ajax/libs/html5shiv/3.7.3/html5shiv.min.js" type="text/javascript"></script>
    <![endif]--><script type="text/javascript">
$(document).ready(function() {
    // Check if exists cookie
    if(document.cookie.indexOf("cookieAccepted") < 0) {
        var cookieText = '<div id=\"cookie\"><p>This site uses cookies. Cookies are used for ads personalisation. <a href=\"/privacy-policy\">More info</a></p><button id=\"cookieConsent\" type=\"button\">Accept</button></div>';
        $("body").append($(
            cookieText
        ));
        $('#cookie').css({
            'width'           : '100%',
            'text-align'      : 'center',
            'color'           : '#FFFFFF',
            'background-color': '#000000', 
            'opacity'         : '.8', 
            'position'        : 'fixed', 
            'bottom'          : '0',
            'padding'         : '.5em 0',
            'z-index'         : '999'
        });
        $('#cookie > *').css({
            'display': 'inline'
        });
        $('#cookie a').css({
            'color'          : '#FFFFFF',
            'text-decoration': 'underline',
            'margin-right'   : '2%'
        });
        $('#cookieConsent').click(function() {
            // Set cookie
            var expiry = new Date();
            expiry.setTime(expiry.getTime() + (365 * 24 * 60 * 60 * 1000));
            document.cookie = "cookieAccepted=yes; expires=" + expiry.toGMTString() + "; path=/; domain=.spesati.com";
            $('#cookie').css({'display': 'none'});
        });
    }
});
</script></head><body><script type="text/javascript">
    var addText = "Add";
    var slider  = null;
    $(document).ready(function() {
        slider = $('#cartSlider').lightSlider({
            controls: false,
            item:13,
            loop:false,
            slideMove:1,
            easing: 'cubic-bezier(0.25, 0, 0.25, 1)',
            speed:600,
            responsive : [
                {
                    breakpoint:1400,
                    settings: {
                        item:12,
                        slideMove:1,
                    }
                },
                {
                    breakpoint:1200,
                    settings: {
                        item:11,
                        slideMove:1,
                    }
                },
                {
                    breakpoint:1080,
                    settings: {
                        item:14,
                        slideMove:1,
                    }
                },
                {
                    breakpoint:800,
                    settings: {
                        item:12,
                        slideMove:1,
                    }
                }
            ]
        });
        $('.lSPager').css("display","none");
        $('.lSAction').css("display","block");
        $('#goToPrevSlide').on('click', function () {
            slider.goToPrevSlide();
        });
        $('#goToNextSlide').on('click', function () {
            slider.goToNextSlide();
        });
    });

</script>
<div id="header" class="bgYellow">
    <header>
        <a class="menu" href="#"><i class="fa red fa-bars fa-2x"></i></a>
        <a id="logo" class="colLeft estDynamic" href="../index.html">
            <img src="../../cdn.spesati.com/images/layout/logo-eng.png" alt="Spesati.com" />
            <h2 class="red">Grocery Delivery</h2>
        </a>
        <div class="colRight">
            <div id="controls" class="right">
                <p id="establishmentControls">
                    <span class="establishmentWarning"><i class="fa-solid fa-triangle-exclamation red" title="Stai visualizzando i prodotti disponibili in una zona diversa. Se vuoi cambiare zona, cliccan qui"></i>&nbsp;&nbsp;</span>
                    Shopping from <b><a id="establishment" href="#"></a></b> <span id="estAddress">for </span> <a href="../change-establishment.html">(<i class="fa-solid fa-pencil"></i> Change)</a> <span class="establishmentWarning">but viewing <b>Olbia</b></span>
                </p>
                <p><a href="https://www.spesati.it/vino-birra-e-alcolici/distillati" class="black switch-site">Versione italiana</a></p>                
            </div>
            <div>
                <form id="search" action="https://www.spesati.com/search" method="post" class="left">
                    <fieldset>
                        <div>
                            <input type="text" name="searchBox" id="searchBox" placeholder="Search for a product"></input>
                            <input id="searchButton" type="submit" name="searchButton" class="button bgRed white left" value="Find" />
                        </div>
                    </fieldset>
                </form>
                <div class="center left">
                    <a class="button bgRed white log-in" href="../login.html">Login</a>
                    <a class="button bgRed white sign-up" href="../sign-up.html">Sign up</a>
                    <a class="button bgRed white profile" href="../profile.html">Profile</a>
                    <a class="button bgRed white log-out" href="../index.html" data-endpoint-check-cart="https://api.spesati.com/cart/check">Logout</a>
                </div>
                <div class="right user-function-icons">
                    <a class="red left account"><i class="fa fa-user fa-3x"></i></a>
                    <div id="dropdown">
                        <a class="log-in button bgRed white" href="../login.html">Login</a>
                        <a class="sign-up button bgRed white" href="../sign-up.html">Sign up</a>
                        <a class="profile button bgRed white" href="../profile.html">Profile</a>
                        <a class="log-out button bgRed white" href="../index.html">Logout</a>
                    </div>

                    <div class="cart left">
                        <i class="fa fa-sm fa-shopping-cart red" aria-hidden="true" id="shipping-cart-button"></i>
                        <p id="cartQuantity"></p>
                    </div>

                    <a class="right" href="../cart.html"><p class="black" id="cartTotal"></p></a>
                </div>
            </div>
                            <div id="previewCart">
                    <i id="goToPrevSlide" class="yellow fa fa-angle-left fa-2x" aria-hidden="true"></i>
                    <div><ul id="cartSlider"></ul></div>
                    <i id="goToNextSlide" class="yellow fa fa-angle-right fa-2x" aria-hidden="true"></i>
                </div>
                    </div>
    </header>

    <div id="shipping-cart-options" data-inited="false">
        <a href="../cart.html" class="goto-cart">checkout</a>
        <a href="#" data-endpoint-auth="https://api.spesati.com/cart/save" data-endpoint-noauth="/login" class="save-cart">save</a>
        <a href="#" data-endpoint-auth="https://api.spesati.com/cart/load" class="load-cart">load</a>
    </div>
</div>
<div id="menuCategoriesMobile" class="mobile bgRed">
    <div class="closeMenu">
        <i class="fa fa-times fa-2x white"></i>
        Close
    </div>
    <ul class="bgRed white">
        <div id="langMobile" class="right">
        <a href="https://www.spesati.it/vino-birra-e-alcolici/distillati" class="white switch-site"><p>Versione italiana</p></a>    </div>
        <li><a>Categories</a>
            <ul class="bgWhite">
                <li>
                    <img src="../../cdn.spesati.com/images/menu/on-sale.png"/>
                    On sale                    <i class="fa fa-angle-down" aria-hidden="true"></i>
                    <ul class="sub-menu">
                    <li>
    <a href="../tacchino-fesa-a-fette.html">Tacchino Fesa A Fette</a>
</li><li>
    <a href="../amaro-montenegro-15lt.html">Amaro Montenegro 1,5lt</a>
</li><li>
    <a href="../carbone-di-legna-sacco-10kg.html">Carbone Di Legna Sacco 10Kg</a>
</li><li>
    <a href="../filu-e-ferru-silvio-carta-70cl.html">Filu E Ferru Silvio Carta 70Cl</a>
</li><li>
    <a href="../braciole-suino-con-cotenna.html">Braciole Suino Con Cotenna</a>
</li><li>
    <a href="../bovino-adulto-polpa.html">Bovino Adulto Polpa</a>
</li><li>
    <a href="../vino-la-palma-cannonau-le-bombarde.html">Vino La Palma Cannonau Le Bombarde</a>
</li><li>
    <a href="../fettine-sceltissime-bovino-adulto.html">Fettine Sceltissime Bovino Adulto</a>
</li><li>
    <a href="../suino-fettine-scelte.html">Suino Fettine Scelte</a>
</li><li>
    <a href="../lavazza-caffe-qualita-rossa-2x250gr.html">Lavazza Caffé Qualità Rossa 2x250gr</a>
</li>                        <li>
                            <a class="estDynamic" href="../on-offer.html">All products on sale</a>
                        </li>
                    </ul>
                </li>
                <li>
                    <img src="../../cdn.spesati.com/images/menu/gift.png"/>
                    Gifts                    <i class="fa fa-angle-down" aria-hidden="true"></i>
                    <ul class="sub-menu">
                        <li>
    <a href="../gift-card-da-150.html">Gift Card Da 150</a>
</li><li>
    <a href="../gift-card-da-100.html">Gift Card Da 100</a>
</li><li>
    <a href="../gift-card-da-50.html">Gift Card Da 50</a>
</li><li>
    <a href="../gift-card-da-25.html">Gift Card Da 25</a>
</li>                        <li>
                            <a class="estDynamic" href="../gift.html">All products in the gifts category</a>
                        </li>
                    </ul>
                </li>
                <li>
                    <img src="../../cdn.spesati.com/images/menu/gift-card.png"/>
                    Gift card and discounts                    <i class="fa fa-angle-down" aria-hidden="true"></i>
                    <ul class="sub-menu">
                        <li>
    <a href="../gift-card-da-150.html">Gift Card Da 150</a>
</li><li>
    <a href="../gift-card-da-100.html">Gift Card Da 100</a>
</li><li>
    <a href="../gift-card-da-50.html">Gift Card Da 50</a>
</li><li>
    <a href="../gift-card-da-25.html">Gift Card Da 25</a>
</li>                    </ul>
                </li>
                <li>
                    <img src="../../cdn.spesati.com/images/menu/fuit-and-vegetables.png"/>
                    Fruit and vegetables                    <i class="fa fa-angle-down" aria-hidden="true"></i>
                    <ul class="sub-menu">
                        <li>
                            <a class="estDynamic" href="../fruit-and-vegetables/pulses-and-beans.html">Cereals and pulses and beans</a>
                        </li>
                        <li>
                            <a class="estDynamic" href="../fruit-and-vegetables/fruit.html">Fruit</a>
                        </li>
                        <li>
                            <a class="estDynamic" href="../fruit-and-vegetables/canned-fruit.html">Canned fruit</a>
                        </li>
                        <li>
                            <a class="estDynamic" href="../fruit-and-vegetables/dried-fruit.html">Dried fruit</a>
                        </li>
                        <li>
                            <a class="estDynamic" href="../fruit-and-vegetables/ready-salads.html">Ready salads</a>
                        </li>
                        <li>
                            <a class="estDynamic" href="../fruit-and-vegetables/fresh-spices.html">Fresh spices</a>
                        </li>
                        <li>
                            <a class="estDynamic" href="../fruit-and-vegetables/vegetables.html">Vegetables and soy</a>
                        </li>
                    </ul>
                </li>
                <li>
                    <img src="../../cdn.spesati.com/images/menu/fresh-products.png"/>
                    Fresh products                    <i class="fa fa-angle-down" aria-hidden="true"></i>
                    <ul class="sub-menu">
                        <li>
                            <a class="estDynamic" href="../fresh-products/margarine-and-butter.html">Butter and margarine</a>
                        </li>
                        <li>
                            <a class="estDynamic" href="../fresh-products/danone.html">Danone</a>
                        </li>
                        <li>
                            <a class="estDynamic" href="../fresh-products/dessert.html">Dessert</a>
                        </li>
                        <li>
                            <a class="estDynamic" href="../fresh-products/sweets.html">Sweets</a>
                        </li>
                        <li>
                            <a class="estDynamic" href="../fresh-products/dairy-products.html">Dairy product</a>
                        </li>
                        <li>
                            <a class="estDynamic" href="../fresh-products/bakery.html">Yeast</a>
                        </li>
                        <li>
                            <a class="estDynamic" href="../fresh-products/mascarpone.html">Mascarpone</a>
                        </li>
                        <li>
                            <a class="estDynamic" href="../fresh-products/snacks.html">Snacks</a>
                        </li>
                        <li>
                            <a class="estDynamic" href="../fresh-products/mozzarella.html">Mozzarella</a>
                        </li>
                        <li>
                            <a class="estDynamic" href="../fresh-products/pasta.html">Pasta</a>
                        </li>
                        <li>
                            <a class="estDynamic" href="../fresh-products/pesto-and-sauces.html">Pesto and sauces</a>
                        </li>
                        <li>
                            <a class="estDynamic" href="../fresh-products/ricotta-and-cheese.html">Ricotta and cheese</a>
                        </li>
                        <li>
                            <a class="estDynamic" href="../fresh-products/cured-meat.html">Cured meat</a>
                        </li>
                        <li>
                            <a class="estDynamic" href="../fresh-products/wurstel.html">Würstel</a>
                        </li>
                        <li>
                            <a class="estDynamic" href="../fresh-products/yogurt.html">Yogurt</a>
                        </li>
                    </ul>
                </li>
                <li>
                    <img src="../../cdn.spesati.com/images/menu/frozen-foods.png"/>
                    Frozen foods                    <i class="fa fa-angle-down" aria-hidden="true"></i>
                    <ul class="sub-menu">
                        <li>
                            <a class="estDynamic" href="../frozen-foods/meat.html">Meat</a>
                        </li>
                        <li>
                            <a class="estDynamic" href="../frozen-foods/ice-creams.html">Ice cream and sweet</a>
                        </li>
                        <li>
                            <a class="estDynamic" href="../frozen-foods/pasta.html">Pasta</a>
                        </li>
                        <li>
                            <a class="estDynamic" href="../frozen-foods/fish.html">Fish</a>
                        </li>
                        <li>
                            <a class="estDynamic" href="../frozen-foods/ready-meals.html">Ready meals</a>
                        </li>
                        <li>
                            <a class="estDynamic" href="../frozen-foods/pizzas.html">Pizzas</a>
                        </li>
                        <li>
                            <a class="estDynamic" href="../frozen-foods/vegetables.html">Vegetables and soy</a>
                        </li>
                    </ul>
                </li>
                <li>
                    <img src="../../cdn.spesati.com/images/menu/bread-and-pasta.png"/>
                    Bread and pasta                    <i class="fa fa-angle-down" aria-hidden="true"></i>
                    <ul class="sub-menu">
                        <li>
                            <a class="estDynamic" href="../bread-and-pasta/crackers.html">Crackers</a>
                        </li>
                        <li>
                            <a class="estDynamic" href="../bread-and-pasta/rusks.html">Rusks</a>
                        </li>
                        <li>
                            <a class="estDynamic" href="../bread-and-pasta/white-bread.html">White bread</a>
                        </li>
                        <li>
                            <a class="estDynamic" href="../bread-and-pasta/local-bread.html">Local bread</a>
                        </li>
                        <li>
                            <a class="estDynamic" href="../bread-and-pasta/soft-bread.html">Soft bread</a>
                        </li>
                        <li>
                            <a class="estDynamic" href="../bread-and-pasta/sardinian-bread.html">Sardinian bread</a>
                        </li>
                        <li>
                            <a class="estDynamic" href="../bread-and-pasta/bakery.html">Bakery</a>
                        </li>
                        <li>
                            <a class="estDynamic" href="../bread-and-pasta/pasta.html">Pasta</a>
                        </li>
                        <li>
                            <a class="estDynamic" href="../bread-and-pasta/fresh-pasta.html">Fresh pasta</a>
                        </li>
                    </ul>
                </li>
                <li>
                    <img src="../../cdn.spesati.com/images/menu/meat.png"/>
                    Meat                    <i class="fa fa-angle-down" aria-hidden="true"></i>
                    <ul class="sub-menu">
                        <li>
                            <a class="estDynamic" href="../meat/beef.html">Beef</a>
                        </li>
                        <li>
                            <a class="estDynamic" href="../meat/goat.html">Goat</a>
                        </li>
                        <li>
                            <a class="estDynamic" href="../meat/packaged-meat.html">Packaged meat</a>
                        </li>
                        <li>
                            <a class="estDynamic" href="../meat/rabbit.html">Rabbit</a>
                        </li>
                        <li>
                            <a class="estDynamic" href="../meat/horse.html">Horse</a>
                        </li>
                        <li>
                            <a class="estDynamic" href="../meat/pork.html">Pork</a>
                        </li>
                        <li>
                            <a class="estDynamic" href="../meat/lamb.html">Lamb</a>
                        </li>
                        <li>
                            <a class="estDynamic" href="../meat/poultry.html">Poultry</a>
                        </li>
                    </ul>
                </li>
                <li>
                    <img src="../../cdn.spesati.com/images/menu/fish.png"/>
                    Fish                    <i class="fa fa-angle-down" aria-hidden="true"></i>
                    <ul class="sub-menu">
                        <li>
                            <a class="estDynamic" href="../fish/fresh-water.html">Fresh water</a>
                        </li>
                        <li>
                            <a class="estDynamic" href="../fish/salt-water.html">Salt water</a>
                        </li>
                        <li>
                            <a class="estDynamic" href="../fish/mussels.html">Mussels</a>
                        </li>
                        <li>
                            <a class="estDynamic" href="../fish/dried-and-salted.html">Dried and salted</a>
                        </li>
                        <li>
                            <a class="estDynamic" href="../fish/seafood-salad.html">Seafood salad</a>
                        </li>
                        <li>
                            <a class="estDynamic" href="../fish/prepared.html">Prepared</a>
                        </li>
                        <li>
                            <a class="estDynamic" href="../fish/specialty.html">Specialty</a>
                        </li>   
                        <li>
                            <a class="estDynamic" href="../fish/tuna-and-salmon.html">Tuna and salmon</a>
                        </li>
                    </ul>
                </li>
                <li>
                    <img src="../../cdn.spesati.com/images/menu/alcohol.png"/>
                    Wine beer and spirits                    <i class="fa fa-angle-down" aria-hidden="true"></i>
                    <ul class="sub-menu">
                        <li>
                            <a class="estDynamic" href="spirits-and-liquors.html">Alcohol</a>
                        </li>
                        <li>
                            <a class="estDynamic" href="bitters.html">Bitters</a>
                        </li>
                        <li>
                            <a class="estDynamic" href="aperatif.html">Aperatifs</a>
                        </li>
                        <li>
                            <a class="estDynamic" href="beer.html">Beer</a>
                        </li>
                        <li>
                            <a class="estDynamic" href="creams.html">Creams</a>
                        </li>
                        <li>
                            <a class="estDynamic" href="spirits.html">Spirits</a>
                        </li>
                        <li>
                            <a class="estDynamic" href="liquors.html">Liquors</a>
                        </li>
                        <li>
                            <a class="estDynamic" href="white-wine.html">White wine</a>
                        </li>
                        <li>
                            <a class="estDynamic" href="prosecco-wine.html">Prosecco wine</a>
                        </li>
                        <li>
                            <a class="estDynamic" href="rose-wine.html">Rose wine</a>
                        </li>
                        <li>
                            <a class="estDynamic" href="red-wine.html">Red wine</a>
                        </li>
                        <li>
                            <a class="estDynamic" href="specialty-wine.html">Special wine</a>
                        </li>
                        <li>
                            <a class="estDynamic" href="sparkling-wine.html">Sparkling wine</a>
                        </li>
                        <li>
                            <a class="estDynamic" href="vermentino-wine.html">Vermentino wine</a>
                        </li>
                    </ul>
                </li>
                <li>
                    <img src="../../cdn.spesati.com/images/menu/water-and-drinks.png"/>
                    Water and drinks                    <i class="fa fa-angle-down" aria-hidden="true"></i>
                    <ul class="sub-menu">
                        <li>
                            <a class="estDynamic" href="../water-and-drinks/san-martino.html">San Martino</a>
                        </li>
                        <li>
                            <a class="estDynamic" href="../water-and-drinks/water.html">Water</a>
                        </li>
                        <li>
                            <a class="estDynamic" href="../water-and-drinks/alpro.html">Alpro</a>
                        </li>
                        <li>
                            <a class="estDynamic" href="../water-and-drinks/fizzy-drinks.html">Fizzy drinks</a>
                        </li>
                        <li>
                            <a class="estDynamic" href="../water-and-drinks/coca-cola.html">Coca-Cola</a>
                        </li>
                        <li>
                            <a class="estDynamic" href="../water-and-drinks/energy-drink.html">Energy drink</a>
                        </li>
                        <li>
                            <a class="estDynamic" href="../water-and-drinks/syrups.html">Syrups</a>
                        </li>
                        <li>
                            <a class="estDynamic" href="../water-and-drinks/supplements.html">Supplements</a>
                        </li>
                        <li>
                            <a class="estDynamic" href="../water-and-drinks/instant-drinks.html">Instant drinks</a>
                        </li>
                        <li>
                            <a class="estDynamic" href="../water-and-drinks/juice.html">Juice</a>
                        </li>
                        <li>
                            <a class="estDynamic" href="../water-and-drinks/tea.html">Tea</a>
                        </li>
                    </ul>
                </li>
                <li>
                    <img src="../../cdn.spesati.com/images/menu/sweets.png"/>
                    Sweets                    <i class="fa fa-angle-down" aria-hidden="true"></i>
                    <ul class="sub-menu">
                        <li>
                            <a class="estDynamic" href="../sweets/bars-and-snacks.html">Bars and snacks</a>
                        </li>
                        <li>
                            <a class="estDynamic" href="../sweets/biscuits.html">Biscuits</a>
                        </li>
                        <li>
                            <a class="estDynamic" href="../sweets/brioches.html">Brioches</a>
                        </li>
                        <li>
                            <a class="estDynamic" href="../sweets/candy-and-chewing-gum.html">Candy and chewing gum</a>
                        </li>
                        <li>
                            <a class="estDynamic" href="../sweets/cereals.html">Cereals</a>
                        </li>
                        <li>
                            <a class="estDynamic" href="../sweets/chocolate.html">Chocolate</a>
                        </li>
                        <li>
                            <a class="estDynamic" href="../sweets/spreadable-creams.html">Spreads</a>
                        </li>
                        <li>
                            <a class="estDynamic" href="../sweets/dessert-toppings.html">Dessert toppings</a>
                        </li>
                        <li>
                            <a class="estDynamic" href="../sweets/jam.html">Jam</a>
                        </li>
                        <li>
                            <a class="estDynamic" href="../sweets/honey.html">Honey</a>
                        </li>
                        <li>
                            <a class="estDynamic" href="../sweets/panettoni-and-pandoro.html">Panettone and pandoro</a>
                        </li>
                        <li>
                            <a class="estDynamic" href="../sweets/pastry.html">Pastry</a>
                        </li>
                        <li>
                            <a class="estDynamic" href="../sweets/instant-dessert.html">Prepared</a>
                        </li>
                        <li>
                            <a class="estDynamic" href="../sweets/cakes-and-pies.html">Cakes and pies</a>
                        </li>
                        <li>
                            <a class="estDynamic" href="../sweets/easter-eggs-and-doves.html">Easter eggs and doves</a>
                        </li>
                    </ul>
                </li>
                <li>
                    <img src="../../cdn.spesati.com/images/menu/shelf.png"/>
                    Cupboard                    <i class="fa fa-angle-down" aria-hidden="true"></i>
                    <ul class="sub-menu">
                        <li>
                            <a class="estDynamic" href="../shelf/coffee.html">Coffee</a>
                        </li>
                        <li>
                            <a class="estDynamic" href="../shelf/gift-baskets.html">Gift baskets</a>
                        </li>
                        <li>
                            <a class="estDynamic" href="../shelf/stock-cubes.html">Nuts and preparations</a>
                        </li>
                        <li>
                            <a class="estDynamic" href="../shelf/flour-and-baking.html">Flour and baking</a>
                        </li>
                        <li>
                            <a class="estDynamic" href="../shelf/milk.html">Milk</a>
                        </li>
                        <li>
                            <a class="estDynamic" href="../shelf/oil-salt-vinegar.html">Oil, vinegar and salt</a>
                        </li>
                        <li>
                            <a class="estDynamic" href="../shelf/cream-and-bechamel.html">Cream and bechamel</a>
                        </li>
                        <li>
                            <a class="estDynamic" href="../shelf/crisps-and-pretzels.html">Crisps and pretzels</a>
                        </li>
                        <li>
                            <a class="estDynamic" href="../shelf/baby-and-infants-products.html">Early childhood products</a>
                        </li>
                        <li>
                            <a class="estDynamic" href="../shelf/rice.html">Rice</a>
                        </li>
                        <li>
                            <a class="estDynamic" href="../shelf/tins-and-preserves.html">Tins and Preserves</a>
                        </li>
                        <li>
                            <a class="estDynamic" href="../shelf/spices.html">Spices</a>
                        </li>
                        <li>
                            <a class="estDynamic" href="../shelf/sauces.html">Sauces</a>
                        </li>
                        <li>
                            <a class="estDynamic" href="../shelf/tea-and-infusions.html">Tea and infusions</a>
                        </li>
                        <li>
                            <a class="estDynamic" href="../shelf/eggs.html">Eggs</a>
                        </li>
                        <li>
                            <a class="estDynamic" href="../shelf/sugar-and-sweeteners.html">Sugar and sweeteners</a>
                        </li>
                    </ul>
                </li>
                <li>
                    <img src="../../cdn.spesati.com/images/menu/personal-care.png"/>
                    Personal care                    <i class="fa fa-angle-down" aria-hidden="true"></i>
                    <ul class="sub-menu">
                        <li>
                            <a class="estDynamic" href="../personal-care/accessories-and-cotton.html">Accessories and cotton</a>
                        </li>
                        <li>
                            <a class="estDynamic" href="../personal-care/feminine-care-incontinence-and-baby-diapers.html">Feminine incontinence and diapers</a>
                        </li>
                        <li>
                            <a class="estDynamic" href="../personal-care/shower-gel.html">Shower gel</a>
                        </li>
                        <li>
                            <a class="estDynamic" href="../personal-care/creams.html">Creams</a>
                        </li>
                        <li>
                            <a class="estDynamic" href="../personal-care/deodorant.html">Deodorant</a>
                        </li>
                        <li>
                            <a class="estDynamic" href="../personal-care/hair-removal.html">Hair removal</a>
                        </li>
                        <li>
                            <a class="estDynamic" href="../personal-care/disinfectants.html">Disinfectants</a>
                        </li>
                        <li>
                            <a class="estDynamic" href="../personal-care/oral-hygiene.html">Oral hygiene</a>
                        </li>
                        <li>
                            <a class="estDynamic" href="../personal-care/supplements-and-multivitamins.html">Supplements and multivitamins</a>
                        </li>
                        <li>
                            <a class="estDynamic" href="../personal-care/first-aid.html">First aid label</a>
                        </li>
                        <li>
                            <a class="estDynamic" href="../personal-care/beard-products.html">Beard products</a>
                        </li>
                        <li>
                            <a class="estDynamic" href="../personal-care/hairs-products.html">Hair products</a>
                        </li>
                        <li>
                            <a class="estDynamic" href="../personal-care/perfume.html">Perfumes</a>
                        </li>
                        <li>
                            <a class="estDynamic" href="../personal-care/wipes.html">Wipes</a>
                        </li>
                        <li>
                            <a class="estDynamic" href="../personal-care/soaps-and-body-wash.html">Soaps and body wash</a>
                        </li>
                        <li>
                            <a class="estDynamic" href="../personal-care/shampoo-and-conditioner.html">Shampoo and conditioner</a>
                        </li>
                    </ul>
                </li>
                <li>
                    <img src="../../cdn.spesati.com/images/menu/pellet-and-home.png"/>
                    Home and outdoors                    <i class="fa fa-angle-down" aria-hidden="true"></i>
                    <ul class="sub-menu">
                        <li>
                            <a class="estDynamic" href="../household-and-outdoors/distilled-water.html">Distilled water</a>
                        </li>
                        <li>
                            <a class="estDynamic" href="../household-and-outdoors/car-products.html">Cars</a>
                        </li>
                        <li>
                            <a class="estDynamic" href="../household-and-outdoors/bin-bags-and-buckets.html">Bin bags and buckets</a>
                        </li>
                        <li>
                            <a class="estDynamic" href="../household-and-outdoors/bleach-and-stain-removers.html">Bleach and stain removers</a>
                        </li>
                        <li>
                            <a class="estDynamic" href="../household-and-outdoors/candles.html">Candles</a>
                        </li>
                        <li>
                            <a class="estDynamic" href="../household-and-outdoors/kitchen-roll.html">Kitchen roll</a>
                        </li>
                        <li>
                            <a class="estDynamic" href="../household-and-outdoors/air-fresheners.html">Air fresheners</a>
                        </li>
                        <li>
                            <a class="estDynamic" href="../household-and-outdoors/laundry-accessories-and-detergent.html">Laundry detergent</a>
                        </li>
                        <li>
                            <a class="estDynamic" href="../household-and-outdoors/dishwasher-and-washing-up.html">Dishwasher and washing up</a>
                        </li>
                        <li>
                            <a class="estDynamic" href="../household-and-outdoors/gardening.html">Gardening</a>
                        </li>
                        <li>
                            <a class="estDynamic" href="../household-and-outdoors/light-bulbs-and-batteries.html">Lightbulbs and batteries</a>
                        </li>
                        <li>
                            <a class="estDynamic" href="../household-and-outdoors/pellet-and-bbq.html">Pellet and BBQ</a>
                        </li>
                        <li>
                            <a class="estDynamic" href="../household-and-outdoors/bathroom-products.html">Bathroom products</a>
                        </li>
                        <li>
                            <a class="estDynamic" href="../household-and-outdoors/home-and-furniture-products.html">Home and furniture products</a>
                        </li>
                        <li>
                            <a class="estDynamic" href="../household-and-outdoors/kitchen-products.html">Kitchen products</a>
                        </li>
                        <li>
                            <a class="estDynamic" href="../household-and-outdoors/window-and-floor-cleaners.html">Window and floor cleaner</a>
                        </li>
                        <li>
                            <a class="estDynamic" href="../household-and-outdoors/repellents.html">Repellents</a>
                        </li>
                        <li>
                            <a class="estDynamic" href="../household-and-outdoors/disposable-tableware.html">Disposable tableware</a>
                        </li>
                    </ul>
                </li>
                <li>
                    <img src="../../cdn.spesati.com/images/menu/animals.png"/>
                    Pets                    <i class="fa fa-angle-down" aria-hidden="true"></i>
                    <ul class="sub-menu">
                        <li>
                            <a class="estDynamic" href="../pets/pet-food-other-animals.html">Other animals pet food</a>
                        </li>
                        <li>
                            <a class="estDynamic" href="../pets/pet-food-dogs.html">Pet food dogs</a>
                        </li>
                        <li>
                            <a class="estDynamic" href="../pets/pet-food-cats.html">Pet food cats</a>
                        </li>
                        <li>
                            <a class="estDynamic" href="../pets/hygiene-and-cleaning.html">Hygiene and cleaning</a>
                        </li>
                    </ul>
                </li>
                <li>
                    <img src="../../cdn.spesati.com/images/menu/technology.png"/>
                    Technology                    <i class="fa fa-angle-down" aria-hidden="true"></i>
                    <ul class="sub-menu">
                        <li>
                            <a class="estDynamic" href="../technology/accessories.html">Accessories</a>
                        </li>
                        <li>
                            <a class="estDynamic" href="../technology/computer.html">Computer</a>
                        </li>
                        <li>
                            <a class="estDynamic" href="../technology/telephones.html">Telephones</a>
                        </li>
                        <li>
                            <a class="estDynamic" href="../technology/tv.html">TV</a>
                        </li>
                    </ul>
                </li>
                <li>
                    <img src="../../cdn.spesati.com/images/menu/gluten-free.png"/>
                    Gluten free                    <i class="fa fa-angle-down" aria-hidden="true"></i>
                    <ul class="sub-menu">
                        <li>
                            <a class="estDynamic" href="../gluten-free/frozen-foods.html">Frozen foods</a>
                        </li>
                        <li>
                            <a class="estDynamic" href="../gluten-free/beer.html">Beer</a>
                        </li>
                        <li>
                            <a class="estDynamic" href="../gluten-free/sweets.html">Sweets</a>
                        </li>
                        <li>
                            <a class="estDynamic" href="../gluten-free/bread-and-pasta.html">Bread and pasta</a>
                        </li>
                        <li>
                            <a class="estDynamic" href="../gluten-free/shelf.html">Cupboard</a>
                        </li>
                    </ul>
                </li>
                <li>
                    <img src="../../cdn.spesati.com/images/menu/lactose-free.png"/>
                    Lactose free                    <i class="fa fa-angle-down" aria-hidden="true"></i>
                    <ul class="sub-menu">
                        <li>
                            <a class="estDynamic" href="../lactose-free/frozen-foods.html">Frozen foods</a>
                        </li>
                        <li>
                            <a class="estDynamic" href="../lactose-free/sweets.html">Sweets</a>
                        </li>
                        <li>
                            <a class="estDynamic" href="../lactose-free/dairy-product.html">Dairy product</a>
                        </li>
                        <li>
                            <a class="estDynamic" href="../lactose-free/shelf.html">Cupboard</a>
                        </li>
                    </ul>
                </li>
                <li>
                    <img src="../../cdn.spesati.com/images/menu/special.png"/>
                    Special                    <i class="fa fa-angle-down" aria-hidden="true"></i>
                    <ul class="sub-menu">
                        <li>
                            <a class="estDynamic" href="../special/alpro.html">Alpro</a>
                        </li>
                        <li>
                            <a class="estDynamic" href="../special/organic.html">Biological</a>
                        </li>
                        <li>
                            <a class="estDynamic" href="../special/meat.html">Meat</a>
                        </li>
                        <li>
                            <a class="estDynamic" href="../special/wholegrain.html">Wholegrain</a>
                        </li>
                        <li>
                            <a class="estDynamic" href="../special/bread-and-pasta.html">Bread and pasta</a>
                        </li>
                        <li>
                            <a class="estDynamic" href="../special/vegan.html">Vegan</a>
                        </li>
                    </ul>
                </li>
                <li>
                    <img src="../../cdn.spesati.com/images/menu/sardinian-products.png"/>
                    Sardinian products                    <i class="fa fa-angle-down" aria-hidden="true"></i>
                    <ul class="sub-menu">
                        <li>
                            <a class="estDynamic" href="../sardinian-products/drinks.html">Drinks</a>
                        </li>
                        <li>
                            <a class="estDynamic" href="../sardinian-products/meat.html">Meat</a>
                        </li>
                        <li>
                            <a class="estDynamic" href="../sardinian-products/sweets.html">Sweets</a>
                        </li>
                        <li>
                            <a class="estDynamic" href="../sardinian-products/fruit-and-vegetables.html">Fruit and vegetables</a>
                        </li>
                        <li>
                            <a class="estDynamic" href="../sardinian-products/ichnusa.html">Ichnusa</a>
                        </li>
                        <li>
                            <a class="estDynamic" href="../sardinian-products/dairy-product.html">Dairy product</a>
                        </li>
                        <li>
                            <a class="estDynamic" href="../sardinian-products/bread-and-pasta.html">Bread and pasta</a>
                        </li>
                        <li>
                            <a class="estDynamic" href="../sardinian-products/fish.html">Fish</a>
                        </li>
                        <li>
                            <a class="estDynamic" href="../sardinian-products/cured-meat.html">Cured meat</a>
                        </li>
                        <li>
                            <a class="estDynamic" href="../sardinian-products/shelf.html">Cupboard</a>
                        </li>
                        <li>
                            <a class="estDynamic" href="../sardinian-products/vermentino-wine.html">Vermentino wine</a>
                        </li>
                        <li>
                            <a class="estDynamic" href="../sardinian-products/wine-beer-and-spirits.html">Wine beer and spirits</a>
                        </li>
                    </ul>
                </li>
            </ul>
        </li>
        <li>
            <a href="../about.html">About</a>
        </li>
        <li>
            <a href="../faq.html">Faq</a>
        </li>
        <li>
            <a href="../customer-care.html">Support</a>
        </li>
        <li>
            <a href="../news.html">Blog</a>
        </li>
        <li>
            <a href="../terms-and-conditions.html">Conditions</a>
        </li>
        <li>
            <a href="../privacy-policy.html">Privacy policy</a>
        </li>
        <li>
            <a href="../login.html">Login</a>
        </li>
        <li>
             <a href="../sign-up.html">Sign up</a>
        </li>
    </ul>
</div><section class="first">
    <div id="menuCategories" class="colLeft">
    <ul id="main_nav" >
        <li>
            <a class="estDynamic" href="../on-offer.html">
               <img src="../../cdn.spesati.com/images/menu/on-sale.png"/>
               On sale            </a>
            <i class="fa fa-angle-right" aria-hidden="true"></i>
            <ul class="sub-menu">
                <li>
    <a href="../tacchino-fesa-a-fette.html" class="estDynamic">Tacchino Fesa A Fette</a>
</li><li>
    <a href="../amaro-montenegro-15lt.html" class="estDynamic">Amaro Montenegro 1,5lt</a>
</li><li>
    <a href="../carbone-di-legna-sacco-10kg.html" class="estDynamic">Carbone Di Legna Sacco 10Kg</a>
</li><li>
    <a href="../filu-e-ferru-silvio-carta-70cl.html" class="estDynamic">Filu E Ferru Silvio Carta 70Cl</a>
</li><li>
    <a href="../braciole-suino-con-cotenna.html" class="estDynamic">Braciole Suino Con Cotenna</a>
</li><li>
    <a href="../bovino-adulto-polpa.html" class="estDynamic">Bovino Adulto Polpa</a>
</li><li>
    <a href="../vino-la-palma-cannonau-le-bombarde.html" class="estDynamic">Vino La Palma Cannonau Le Bombarde</a>
</li><li>
    <a href="../fettine-sceltissime-bovino-adulto.html" class="estDynamic">Fettine Sceltissime Bovino Adulto</a>
</li><li>
    <a href="../suino-fettine-scelte.html" class="estDynamic">Suino Fettine Scelte</a>
</li><li>
    <a href="../lavazza-caffe-qualita-rossa-2x250gr.html" class="estDynamic">Lavazza Caffé Qualità Rossa 2x250gr</a>
</li>                <li>
                    <a class="estDynamic" href="../on-offer.html">All products on sale</a>
                </li>
            </ul>
        </li>
        <li>
            <a class="estDynamic" href="../gift.html">
               <img src="../../cdn.spesati.com/images/menu/gift.png"/>
               Gifts            </a>
            <i class="fa fa-angle-right" aria-hidden="true"></i>
            <ul class="sub-menu">
                <li>
    <a href="../gift-card-da-150.html" class="estDynamic">Gift Card Da 150</a>
</li><li>
    <a href="../gift-card-da-100.html" class="estDynamic">Gift Card Da 100</a>
</li><li>
    <a href="../gift-card-da-50.html" class="estDynamic">Gift Card Da 50</a>
</li><li>
    <a href="../gift-card-da-25.html" class="estDynamic">Gift Card Da 25</a>
</li>                <li>
                    <a class="estDynamic" href="../gift.html">All products in the gifts category</a>
                </li>
            </ul>
        </li>
        <li>
            <a class="estDynamic" href="../gift-card.html">
               <img src="../../cdn.spesati.com/images/menu/gift-card.png"/>
               Gift card and discounts            </a>
            <i class="fa fa-angle-right" aria-hidden="true"></i>
            <ul class="sub-menu">
                <li>
    <a href="../gift-card-da-150.html">Gift Card Da 150</a>
</li><li>
    <a href="../gift-card-da-100.html">Gift Card Da 100</a>
</li><li>
    <a href="../gift-card-da-50.html">Gift Card Da 50</a>
</li><li>
    <a href="../gift-card-da-25.html">Gift Card Da 25</a>
</li>            </ul>
        </li>
        <li>
            <a class="estDynamic" href="../fruit-and-vegetables.html">
               <img src="../../cdn.spesati.com/images/menu/fuit-and-vegetables.png"/>
               Fruit and vegetables           </a>
            <i class="fa fa-angle-right" aria-hidden="true"></i>
            <ul class="sub-menu">
                <li>
                    <a class="estDynamic" href="../fruit-and-vegetables/pulses-and-beans.html">Cereals and pulses and beans</a>
                </li>
                <li>
                    <a class="estDynamic" href="../fruit-and-vegetables/fruit.html">Fruit</a>
                </li>
                <li>
                    <a class="estDynamic" href="../fruit-and-vegetables/canned-fruit.html">Canned fruit</a>
                </li>
                <li>
                    <a class="estDynamic" href="../fruit-and-vegetables/dried-fruit.html">Dried fruit</a>
                </li>
                <li>
                    <a class="estDynamic" href="../fruit-and-vegetables/ready-salads.html">Ready salads</a>
                </li>
                <li>
                    <a class="estDynamic" href="../fruit-and-vegetables/fresh-spices.html">Fresh spices</a>
                </li>
                <li>
                    <a class="estDynamic" href="../fruit-and-vegetables/vegetables.html">Vegetables and soy</a>
                </li>
            </ul>
        </li>
        <li>
            <a class="estDynamic" href="../fresh-products.html">
                <img src="../../cdn.spesati.com/images/menu/fresh-products.png"/>
                Fresh products            </a>
            <i class="fa fa-angle-right" aria-hidden="true"></i>
            <ul class="sub-menu">
                <li>
                    <a class="estDynamic" href="../fresh-products/margarine-and-butter.html">Butter and margarine</a>
                </li>
                <li>
                    <a class="estDynamic" href="../fresh-products/danone.html">Danone</a>
                </li>
                <li>
                    <a class="estDynamic" href="../fresh-products/dessert.html">Dessert</a>
                </li>
                <li>
                    <a class="estDynamic" href="../fresh-products/sweets.html">Sweets</a>
                </li>
                <li>
                    <a class="estDynamic" href="../fresh-products/dairy-products.html">Dairy product</a>
                </li>
                <li>
                    <a class="estDynamic" href="../fresh-products/bakery.html">Yeast</a>
                </li>
                <li>
                    <a class="estDynamic" href="../fresh-products/mascarpone.html">Mascarpone</a>
                </li>
                <li>
                    <a class="estDynamic" href="../fresh-products/snacks.html">Snacks</a>
                </li>
                <li>
                    <a class="estDynamic" href="../fresh-products/mozzarella.html">Mozzarella</a>
                </li>
                <li>
                    <a class="estDynamic" href="../fresh-products/pasta.html">Pasta</a>
                </li>
                <li>
                    <a class="estDynamic" href="../fresh-products/pesto-and-sauces.html">Pesto and sauces</a>
                </li>
                <li>
                    <a class="estDynamic" href="../fresh-products/ricotta-and-cheese.html">Ricotta and cheese</a>
                </li>
                <li>
                    <a class="estDynamic" href="../fresh-products/cured-meat.html">Cured meat</a>
                </li>
                <li>
                    <a class="estDynamic" href="../fresh-products/wurstel.html">Würstel</a>
                </li>
                <li>
                    <a class="estDynamic" href="../fresh-products/yogurt.html">Yogurt</a>
                </li>
            </ul>
        </li>
        <li>
            <a class="estDynamic" href="../frozen-foods.html">
                <img src="../../cdn.spesati.com/images/menu/frozen-foods.png"/>
                Frozen foods            </a>
            <i class="fa fa-angle-right" aria-hidden="true"></i>
            <ul class="sub-menu">
                <li>
                    <a class="estDynamic" href="../frozen-foods/meat.html">Meat</a>
                </li>
                <li>
                    <a class="estDynamic" href="../frozen-foods/ice-creams.html">Ice cream and sweet</a>
                </li>
                <li>
                    <a class="estDynamic" href="../frozen-foods/pasta.html">Pasta</a>
                </li>
                <li>
                    <a class="estDynamic" href="../frozen-foods/fish.html">Fish</a>
                </li>
                <li>
                    <a class="estDynamic" href="../frozen-foods/ready-meals.html">Ready meals</a>
                </li>
                <li>
                    <a class="estDynamic" href="../frozen-foods/pizzas.html">Pizzas</a>
                </li>
                <li>
                    <a class="estDynamic" href="../frozen-foods/vegetables.html">Vegetables and soy</a>
                </li>
            </ul>
        </li>
        <li>
            <a class="estDynamic" href="../bread-and-pasta.html">
                <img src="../../cdn.spesati.com/images/menu/bread-and-pasta.png"/>
                Bread and pasta            </a>
            <i class="fa fa-angle-right" aria-hidden="true"></i>
            <ul class="sub-menu">
                <li>
                    <a class="estDynamic" href="../bread-and-pasta/crackers.html">Crackers</a>
                </li>
                <li>
                    <a class="estDynamic" href="../bread-and-pasta/rusks.html">Rusks</a>
                </li>
                <li>
                    <a class="estDynamic" href="../bread-and-pasta/white-bread.html">White bread</a>
                </li>
                <li>
                    <a class="estDynamic" href="../bread-and-pasta/local-bread.html">Local bread</a>
                </li>
                <li>
                    <a class="estDynamic" href="../bread-and-pasta/soft-bread.html">Soft bread</a>
                </li>
                <li>
                    <a class="estDynamic" href="../bread-and-pasta/sardinian-bread.html">Sardinian bread</a>
                </li>
                <li>
                    <a class="estDynamic" href="../bread-and-pasta/bakery.html">Bakery</a>
                </li>
                <li>
                    <a class="estDynamic" href="../bread-and-pasta/pasta.html">Pasta</a>
                </li>
                <li>
                    <a class="estDynamic" href="../bread-and-pasta/fresh-pasta.html">Fresh pasta</a>
                </li>
            </ul>
        </li>
        <li>
            <a class="estDynamic" href="../meat.html">
                <img src="../../cdn.spesati.com/images/menu/meat.png"/>
                Meat            </a>
            <i class="fa fa-angle-right" aria-hidden="true"></i>
            <ul class="sub-menu">
                <li>
                    <a class="estDynamic" href="../meat/beef.html">Beef</a>
                </li>
                <li>
                    <a class="estDynamic" href="../meat/goat.html">Goat</a>
                </li>
                <li>
                    <a class="estDynamic" href="../meat/packaged-meat.html">Packaged meat</a>
                </li>
                <li>
                    <a class="estDynamic" href="../meat/rabbit.html">Rabbit</a>
                </li>
                <li>
                    <a class="estDynamic" href="../meat/horse.html">Horse</a>
                </li>
                <li>
                    <a class="estDynamic" href="../meat/pork.html">Pork</a>
                </li>
                <li>
                    <a class="estDynamic" href="../meat/lamb.html">Lamb</a>
                </li>
                <li>
                    <a class="estDynamic" href="../meat/poultry.html">Poultry</a>
                </li>
            </ul>
        </li>
        <li>
            <a class="estDynamic" href="../fish.html">
                <img src="../../cdn.spesati.com/images/menu/fish.png"/>
                Fish            </a>
            <i class="fa fa-angle-right" aria-hidden="true"></i>
            <ul class="sub-menu">
                <li>
                    <a class="estDynamic" href="../fish/fresh-water.html">Fresh water</a>
                </li>
                <li>
                    <a class="estDynamic" href="../fish/salt-water.html">Salt water</a>
                </li>
                <li>
                    <a class="estDynamic" href="../fish/mussels.html">Mussels</a>
                </li>
                <li>
                    <a class="estDynamic" href="../fish/dried-and-salted.html">Dried and salted</a>
                </li>
                <li>
                    <a class="estDynamic" href="../fish/seafood-salad.html">Seafood salad</a>
                </li>
                <li>
                    <a class="estDynamic" href="../fish/prepared.html">Prepared</a>
                </li>
                <li>
                    <a class="estDynamic" href="../fish/specialty.html">Specialty</a>
                </li>   
                <li>
                    <a class="estDynamic" href="../fish/tuna-and-salmon.html">Tuna and salmon</a>
                </li>
            </ul>
        </li>
        <li>
            <a class="estDynamic" href="../wine-beer-and-spirits.html">
                <img src="../../cdn.spesati.com/images/menu/alcohol.png"/>
                Wine beer and spirits            </a>
            <i class="fa fa-angle-right" aria-hidden="true"></i>
            <ul class="sub-menu">
                <li>
                    <a class="estDynamic" href="spirits-and-liquors.html">Alcohol</a>
                </li>
                <li>
                    <a class="estDynamic" href="bitters.html">Bitters</a>
                </li>
                <li>
                    <a class="estDynamic" href="aperatif.html">Aperatifs</a>
                </li>
                <li>
                    <a class="estDynamic" href="beer.html">Beer</a>
                </li>
                <li>
                    <a class="estDynamic" href="creams.html">Creams</a>
                </li>
                <li>
                    <a class="estDynamic" href="spirits.html">Spirits</a>
                </li>
                <li>
                    <a class="estDynamic" href="liquors.html">Liquors</a>
                </li>
                <li>
                    <a class="estDynamic" href="white-wine.html">White wine</a>
                </li>
                <li>
                    <a class="estDynamic" href="prosecco-wine.html">Prosecco wine</a>
                </li>
                <li>
                    <a class="estDynamic" href="rose-wine.html">Rose wine</a>
                </li>
                <li>
                    <a class="estDynamic" href="red-wine.html">Red wine</a>
                </li>
                <li>
                    <a class="estDynamic" href="specialty-wine.html">Special wine</a>
                </li>
                <li>
                    <a class="estDynamic" href="sparkling-wine.html">Sparkling wine</a>
                </li>
                <li>
                    <a class="estDynamic" href="vermentino-wine.html">Vermentino wine</a>
                </li>
            </ul>
        </li>
        <li>
            <a class="estDynamic" href="../water-and-drinks.html">
                <img src="../../cdn.spesati.com/images/menu/water-and-drinks.png"/>
                Water and drinks            </a>
            <i class="fa fa-angle-right" aria-hidden="true"></i>
            <ul class="sub-menu">
                <li>
                    <a class="estDynamic" href="../water-and-drinks/san-martino.html">San Martino</a>
                </li>
                <li>
                    <a class="estDynamic" href="../water-and-drinks/water.html">Water</a>
                </li>
                <li>
                    <a class="estDynamic" href="../water-and-drinks/alpro.html">Alpro</a>
                </li>
                <li>
                    <a class="estDynamic" href="../water-and-drinks/fizzy-drinks.html">Fizzy drinks</a>
                </li>
                <li>
                    <a class="estDynamic" href="../water-and-drinks/coca-cola.html">Coca-Cola</a>
                </li>
                <li>
                    <a class="estDynamic" href="../water-and-drinks/energy-drink.html">Energy drink</a>
                </li>
                <li>
                    <a class="estDynamic" href="../water-and-drinks/syrups.html">Syrups</a>
                </li>
                <li>
                    <a class="estDynamic" href="../water-and-drinks/supplements.html">Supplements</a>
                </li>
                <li>
                    <a class="estDynamic" href="../water-and-drinks/instant-drinks.html">Instant drinks</a>
                </li>
                <li>
                    <a class="estDynamic" href="../water-and-drinks/juice.html">Juice</a>
                </li>
                <li>
                    <a class="estDynamic" href="../water-and-drinks/tea.html">Tea</a>
                </li>
            </ul>
        </li>
        <li>
            <a class="estDynamic" href="../sweets.html">
                <img src="../../cdn.spesati.com/images/menu/sweets.png"/>
                Sweets            </a>
            <i class="fa fa-angle-right" aria-hidden="true"></i>
            <ul class="sub-menu">
                <li>
                    <a class="estDynamic" href="../sweets/bars-and-snacks.html">Bars and snacks</a>
                </li>
                <li>
                    <a class="estDynamic" href="../sweets/biscuits.html">Biscuits</a>
                </li>
                <li>
                    <a class="estDynamic" href="../sweets/brioches.html">Brioches</a>
                </li>
                <li>
                    <a class="estDynamic" href="../sweets/candy-and-chewing-gum.html">Candy and chewing gum</a>
                </li>
                <li>
                    <a class="estDynamic" href="../sweets/cereals.html">Cereals</a>
                </li>
                <li>
                    <a class="estDynamic" href="../sweets/chocolate.html">Chocolate</a>
                </li>
                <li>
                    <a class="estDynamic" href="../sweets/spreadable-creams.html">Spreads</a>
                </li>
                <li>
                    <a class="estDynamic" href="../sweets/dessert-toppings.html">Dessert toppings</a>
                </li>
                <li>
                    <a class="estDynamic" href="../sweets/jam.html">Jam</a>
                </li>
                <li>
                    <a class="estDynamic" href="../sweets/honey.html">Honey</a>
                </li>
                <li>
                    <a class="estDynamic" href="../sweets/panettoni-and-pandoro.html">Panettone and pandoro</a>
                </li>
                <li>
                    <a class="estDynamic" href="../sweets/pastry.html">Pastry</a>
                </li>
                <li>
                    <a class="estDynamic" href="../sweets/instant-dessert.html">Prepared</a>
                </li>
                <li>
                    <a class="estDynamic" href="../sweets/cakes-and-pies.html">Cakes and pies</a>
                </li>
                <li>
                    <a class="estDynamic" href="../sweets/easter-eggs-and-doves.html">Easter eggs and doves</a>
                </li>
            </ul>
        </li>
        <li>
            <a class="estDynamic" href="../shelf.html">
                <img src="../../cdn.spesati.com/images/menu/shelf.png"/>
                Cupboard            </a>
            <i class="fa fa-angle-right" aria-hidden="true"></i>
            <ul class="sub-menu">
                <li>
                    <a class="estDynamic" href="../shelf/coffee.html">Coffee</a>
                </li>
                <li>
                    <a class="estDynamic" href="../shelf/gift-baskets.html">Gift baskets</a>
                </li>
                <li>
                    <a class="estDynamic" href="../shelf/stock-cubes.html">Nuts and preparations</a>
                </li>
                <li>
                    <a class="estDynamic" href="../shelf/flour-and-baking.html">Flour and baking</a>
                </li>
                <li>
                    <a class="estDynamic" href="../shelf/milk.html">Milk</a>
                </li>
                <li>
                    <a class="estDynamic" href="../shelf/oil-salt-vinegar.html">Oil, vinegar and salt</a>
                </li>
                <li>
                    <a class="estDynamic" href="../shelf/cream-and-bechamel.html">Cream and bechamel</a>
                </li>
                <li>
                    <a class="estDynamic" href="../shelf/crisps-and-pretzels.html">Crisps and pretzels</a>
                </li>
                <li>
                    <a class="estDynamic" href="../shelf/baby-and-infants-products.html">Early childhood products</a>
                </li>
                <li>
                    <a class="estDynamic" href="../shelf/rice.html">Rice</a>
                </li>
                <li>
                    <a class="estDynamic" href="../shelf/tins-and-preserves.html">Tins and Preserves</a>
                </li>
                <li>
                    <a class="estDynamic" href="../shelf/spices.html">Spices</a>
                </li>
                <li>
                    <a class="estDynamic" href="../shelf/sauces.html">Sauces</a>
                </li>
                <li>
                    <a class="estDynamic" href="../shelf/tea-and-infusions.html">Tea and infusions</a>
                </li>
                <li>
                    <a class="estDynamic" href="../shelf/eggs.html">Eggs</a>
                </li>
                <li>
                    <a class="estDynamic" href="../shelf/sugar-and-sweeteners.html">Sugar and sweeteners</a>
                </li>
            </ul>
        </li>
        <li>
            <a class="estDynamic" href="../personal-care.html">
                <img src="../../cdn.spesati.com/images/menu/personal-care.png"/>
                Personal care            </a>
            <i class="fa fa-angle-right" aria-hidden="true"></i>
            <ul class="sub-menu">
                <li>
                    <a class="estDynamic" href="../personal-care/accessories-and-cotton.html">Accessories and cotton</a>
                </li>
                <li>
                    <a class="estDynamic" href="../personal-care/feminine-care-incontinence-and-baby-diapers.html">Feminine incontinence and diapers</a>
                </li>
                <li>
                    <a class="estDynamic" href="../personal-care/shower-gel.html">Shower gel</a>
                </li>
                <li>
                    <a class="estDynamic" href="../personal-care/creams.html">Creams</a>
                </li>
                <li>
                    <a class="estDynamic" href="../personal-care/deodorant.html">Deodorant</a>
                </li>
                <li>
                    <a class="estDynamic" href="../personal-care/hair-removal.html">Hair removal</a>
                </li>
                <li>
                    <a class="estDynamic" href="../personal-care/disinfectants.html">Disinfectants</a>
                </li>
                <li>
                    <a class="estDynamic" href="../personal-care/oral-hygiene.html">Oral hygiene</a>
                </li>
                <li>
                    <a class="estDynamic" href="../personal-care/supplements-and-multivitamins.html">Supplements and multivitamins</a>
                </li>
                <li>
                    <a class="estDynamic" href="../personal-care/first-aid.html">First aid label</a>
                </li>
                <li>
                    <a class="estDynamic" href="../personal-care/beard-products.html">Beard products</a>
                </li>
                <li>
                    <a class="estDynamic" href="../personal-care/hairs-products.html">Hair products</a>
                </li>
                <li>
                    <a class="estDynamic" href="../personal-care/perfume.html">Perfumes</a>
                </li>
                <li>
                    <a class="estDynamic" href="../personal-care/wipes.html">Wipes</a>
                </li>
                <li>
                    <a class="estDynamic" href="../personal-care/soaps-and-body-wash.html">Soaps and body wash</a>
                </li>
                <li>
                    <a class="estDynamic" href="../personal-care/shampoo-and-conditioner.html">Shampoo and conditioner</a>
                </li>
            </ul>
        </li>
        <li>
            <a class="estDynamic" href="../household-and-outdoors.html">
                <img src="../../cdn.spesati.com/images/menu/pellet-and-home.png"/>
                Home and outdoors 
            </a>
            <i class="fa fa-angle-right" aria-hidden="true"></i>
            <ul class="sub-menu">
                <li>
                    <a class="estDynamic" href="../household-and-outdoors/distilled-water.html">Distilled water</a>
                </li>
                <li>
                    <a class="estDynamic" href="../household-and-outdoors/car-products.html">Cars</a>
                </li>
                <li>
                    <a class="estDynamic" href="../household-and-outdoors/bin-bags-and-buckets.html">Bin bags and buckets</a>
                </li>
                <li>
                    <a class="estDynamic" href="../household-and-outdoors/bleach-and-stain-removers.html">Bleach and stain removers</a>
                </li>
                <li>
                    <a class="estDynamic" href="../household-and-outdoors/candles.html">Candles</a>
                </li>
                <li>
                    <a class="estDynamic" href="../household-and-outdoors/kitchen-roll.html">Kitchen roll</a>
                </li>
                <li>
                    <a class="estDynamic" href="../household-and-outdoors/air-fresheners.html">Air fresheners</a>
                </li>
                <li>
                    <a class="estDynamic" href="../household-and-outdoors/laundry-accessories-and-detergent.html">Laundry detergent</a>
                </li>
                <li>
                    <a class="estDynamic" href="../household-and-outdoors/dishwasher-and-washing-up.html">Dishwasher and washing up</a>
                </li>
                <li>
                    <a class="estDynamic" href="../household-and-outdoors/gardening.html">Gardening</a>
                </li>
                <li>
                    <a class="estDynamic" href="../household-and-outdoors/light-bulbs-and-batteries.html">Lightbulbs and batteries</a>
                </li>
                <li>
                    <a class="estDynamic" href="../household-and-outdoors/pellet-and-bbq.html">Pellet and BBQ</a>
                </li>
                <li>
                    <a class="estDynamic" href="../household-and-outdoors/bathroom-products.html">Bathroom products</a>
                </li>
                <li>
                    <a class="estDynamic" href="../household-and-outdoors/home-and-furniture-products.html">Home and furniture products</a>
                </li>
                <li>
                    <a class="estDynamic" href="../household-and-outdoors/kitchen-products.html">Kitchen products</a>
                </li>
                <li>
                    <a class="estDynamic" href="../household-and-outdoors/window-and-floor-cleaners.html">Window and floor cleaner</a>
                </li>
                <li>
                    <a class="estDynamic" href="../household-and-outdoors/repellents.html">Repellents</a>
                </li>
                <li>
                    <a class="estDynamic" href="../household-and-outdoors/disposable-tableware.html">Disposable tableware</a>
                </li>
            </ul>
        </li>
        <li>
            <a class="estDynamic" href="../pet.html">
                <img src="../../cdn.spesati.com/images/menu/animals.png"/>
                Pets            </a>
            <i class="fa fa-angle-right" aria-hidden="true"></i>
            <ul class="sub-menu">
                <li>
                    <a class="estDynamic" href="../pets/pet-food-other-animals.html">Other animals pet food</a>
                </li>
                <li>
                    <a class="estDynamic" href="../pets/pet-food-dogs.html">Pet food dogs</a>
                </li>
                <li>
                    <a class="estDynamic" href="../pets/pet-food-cats.html">Pet food cats</a>
                </li>
                <li>
                    <a class="estDynamic" href="../pets/hygiene-and-cleaning.html">Hygiene and cleaning</a>
                </li>
            </ul>
        </li>
        <li>
            <a class="estDynamic" href="../technology.html">
                <img src="../../cdn.spesati.com/images/menu/technology.png"/>
                Technology            </a>
            <i class="fa fa-angle-right" aria-hidden="true"></i>
            <ul class="sub-menu">
                <li>
                    <a class="estDynamic" href="../technology/accessories.html">Accessories</a>
                </li>
                <li>
                    <a class="estDynamic" href="../technology/computer.html">Computer</a>
                </li>
                <li>
                    <a class="estDynamic" href="../technology/telephones.html">Telephones</a>
                </li>
                <li>
                    <a class="estDynamic" href="../technology/tv.html">TV</a>
                </li>
            </ul>
        </li>
        <li>
            <a class="estDynamic" href="../gluten-free.html">
                <img src="../../cdn.spesati.com/images/menu/gluten-free.png"/>
                Gluten free            </a>
            <i class="fa fa-angle-right" aria-hidden="true"></i>
            <ul class="sub-menu">
                <li>
                    <a class="estDynamic" href="../gluten-free/frozen-foods.html">Frozen foods</a>
                </li>
                <li>
                    <a class="estDynamic" href="../gluten-free/beer.html">Beer</a>
                </li>
                <li>
                    <a class="estDynamic" href="../gluten-free/sweets.html">Sweets</a>
                </li>
                <li>
                    <a class="estDynamic" href="../gluten-free/bread-and-pasta.html">Bread and pasta</a>
                </li>
                <li>
                    <a class="estDynamic" href="../gluten-free/shelf.html">Cupboard</a>
                </li>
            </ul>
        </li>
        <li>
            <a class="estDynamic" href="../lactose-free.html">
                <img src="../../cdn.spesati.com/images/menu/lactose-free.png"/>
                Lactose free            </a>
            <i class="fa fa-angle-right" aria-hidden="true"></i>
            <ul class="sub-menu">
                <li>
                    <a class="estDynamic" href="../lactose-free/frozen-foods.html">Frozen foods</a>
                </li>
                <li>
                    <a class="estDynamic" href="../lactose-free/sweets.html">Sweets</a>
                </li>
                <li>
                    <a class="estDynamic" href="../lactose-free/dairy-product.html">Dairy product</a>
                </li>
                <li>
                    <a class="estDynamic" href="../lactose-free/shelf.html">Cupboard</a>
                </li>
            </ul>
        </li>
        <li>
            <a class="estDynamic" href="../special.html">
                <img src="../../cdn.spesati.com/images/menu/special.png"/>
                Special            </a>
            <i class="fa fa-angle-right" aria-hidden="true"></i>
            <ul class="sub-menu">
                <li>
                    <a class="estDynamic" href="../special/alpro.html">Alpro</a>
                </li>
                <li>
                    <a class="estDynamic" href="../special/organic.html">Biological</a>
                </li>
                <li>
                    <a class="estDynamic" href="../special/meat.html">Meat</a>
                </li>
                <li>
                    <a class="estDynamic" href="../special/wholegrain.html">Wholegrain</a>
                </li>
                <li>
                    <a class="estDynamic" href="../special/bread-and-pasta.html">Bread and pasta</a>
                </li>
                <li>
                    <a class="estDynamic" href="../special/vegan.html">Vegan</a>
                </li>
            </ul>
        </li>
        <li>
            <a class="estDynamic" href="../sardinian-products.html">
                <img src="../../cdn.spesati.com/images/menu/sardinian-products.png"/>
                Sardinian products            </a>
            <i class="fa fa-angle-right" aria-hidden="true"></i>
            <ul class="sub-menu">
                <li>
                    <a class="estDynamic" href="../sardinian-products/drinks.html">Drinks</a>
                </li>
                <li>
                    <a class="estDynamic" href="../sardinian-products/meat.html">Meat</a>
                </li>
                <li>
                    <a class="estDynamic" href="../sardinian-products/sweets.html">Sweets</a>
                </li>
                <li>
                    <a class="estDynamic" href="../sardinian-products/fruit-and-vegetables.html">Fruit and vegetables</a>
                </li>
                <li>
                    <a class="estDynamic" href="../sardinian-products/ichnusa.html">Ichnusa</a>
                </li>
                <li>
                    <a class="estDynamic" href="../sardinian-products/dairy-product.html">Dairy product</a>
                </li>
                <li>
                    <a class="estDynamic" href="../sardinian-products/bread-and-pasta.html">Bread and pasta</a>
                </li>
                <li>
                    <a class="estDynamic" href="../sardinian-products/fish.html">Fish</a>
                </li>
                <li>
                    <a class="estDynamic" href="../sardinian-products/cured-meat.html">Cured meat</a>
                </li>
                <li>
                    <a class="estDynamic" href="../sardinian-products/shelf.html">Cupboard</a>
                </li>
                <li>
                    <a class="estDynamic" href="../sardinian-products/vermentino-wine.html">Vermentino wine</a>
                </li>
                <li>
                    <a class="estDynamic" href="../sardinian-products/wine-beer-and-spirits.html">Wine beer and spirits</a>
                </li>
            </ul>
        </li>
    </ul>
</div>    <div class="colRight">
        <div class="title mobile">
	<a href="../wine-beer-and-spirits.html"><i class="fa red fa-angle-left fa-3x mobile" aria-hidden="true"></i></a>
	<h2>
		<b>
			spirits		</b>
	</h2>
</div>

<div class="breadcrumb bgGrey internal">
	<p>
		<b>
			<a href="../index.html">Home</a>
												&gt; <a href="../wine-beer-and-spirits.html">Wine beer and spirits</a>
																&gt; Spirits									</b>
	</p>
	<div>
		<p>Order by</p>
		<select name="orderProd" id="orderProd">
			<option disabled="disabled" selected="selected">- Choose -</option>
			<option value="nameAsc">Name (A - Z)</option>
			<option value="nameDes">Name (Z - A)</option>
			<option value="priceHigh">Price - High to low</option>
			<option value="priceLow">Price - Low to high</option>
			<option value="soldAsc">Best Selling</option>
			<option value="available">Availability</option>
		</select>
	</div>
</div>
        <div class="containerProduct">
            <script type='text/javascript'>var track = '{"event":"ViewContent", "type":"category", "id":"Alcolici", "subids":["Creme","Vodka","Rum"], "url":"https://www.spesati.com/wine-beer-and-spirits/spirits"}';</script>
<script>
gtag('event', 'select_content', {content_type: 'category', item_id: 'Alcolici'});gtag('event', 'select_content', {content_type: 'category', item_id: 'Creme'});gtag('event', 'select_content', {content_type: 'category', item_id: 'Vodka'});gtag('event', 'select_content', {content_type: 'category', item_id: 'Rum'});
</script>
<div class="left product prod1"
        data-name="Cremovo Marsala Sperone 1Lt"
        data-price="7.12"
        data-id="6715"
        data-available="yes"
        data-category="2933"
        data-bestselling="">
    <a href="../cremovo-marsala-sperone-1lt.html">
        <div style="background-image: url('../../cdn.spesati.com/images/products/210405/cremovo-marsala-sperone-01.jpg')">
            <div class="hover"></div>
            
            <div class="stickers"></div>
        </div>
    </a>
    <div>
        <h4><a href="../cremovo-marsala-sperone-1lt.html"><b>Cremovo Marsala Sperone 1Lt</b></a></h4>
        <p class="description">1 Lt</p>
        <p class="right price"><b>7.12 €</b></p>
        <p class="right unitPrice">7.12 € per litre</p>
    </div>
    <div class="contButton">
    <a class="button bgRed white addToCart" href="#">Add</a>
</div>
</div><div class="left product prod2"
        data-name="Whisky J & B"
        data-price="27.15"
        data-id="3655"
        data-available="yes"
        data-category="1926"
        data-bestselling="">
    <a href="../whisky-j-b.html">
        <div style="background-image: url('../../cdn.spesati.com/images/products/207081/whisky-jb-01.jpg')">
            <div class="hover"></div>
            
            <div class="stickers"></div>
        </div>
    </a>
    <div>
        <h4><a href="../whisky-j-b.html"><b>Whisky J & B</b></a></h4>
        <p class="description">1 Lt</p>
        <p class="right price"><b>27.15 €</b></p>
        <p class="right unitPrice">27.16 € per litre</p>
    </div>
    <div class="contButton">
    <a class="button bgRed white addToCart" href="#">Add</a>
</div>
</div><div class="left product prod3"
        data-name="Filuferru Rau 70Cl"
        data-price="14.90"
        data-id="6716"
        data-available="yes"
        data-category="2933"
        data-bestselling="">
    <a href="../filuferru-rau-70cl.html">
        <div style="background-image: url('../../cdn.spesati.com/images/products/206009/filuferru-rau-70cl-01.jpg')">
            <div class="hover"></div>
            
            <div class="stickers"><img class="left" src="../../cdn.spesati.com/images/layout/sardinian.png" /></div>
        </div>
    </a>
    <div>
        <h4><a href="../filuferru-rau-70cl.html"><b>Filuferru Rau 70Cl</b></a></h4>
        <p class="description">0.7 Lt</p>
        <p class="right price"><b>14.90 €</b></p>
        <p class="right unitPrice">21.29 € per litre</p>
    </div>
    <div class="contButton">
    <a class="button bgRed white addToCart" href="#">Add</a>
</div>
</div><div class="left product prod4"
        data-name="Grappa Vernaccia Carta Invecchiata 50Cl"
        data-price="19.47"
        data-id="7106"
        data-available="yes"
        data-category="2933"
        data-bestselling="">
    <a href="../grappa-vernaccia-carta-invecchiata-50cl.html">
        <div style="background-image: url('../../cdn.spesati.com/images/products/206001/grappa-vernaccia-carta-01.jpg')">
            <div class="hover"></div>
            
            <div class="stickers"><img class="left" src="../../cdn.spesati.com/images/layout/sardinian.png" /></div>
        </div>
    </a>
    <div>
        <h4><a href="../grappa-vernaccia-carta-invecchiata-50cl.html"><b>Grappa Vernaccia Carta Invecchiata 50Cl</b></a></h4>
        <p class="description">0.5 Lt</p>
        <p class="right price"><b>19.47 €</b></p>
        <p class="right unitPrice">38.94 € per litre</p>
    </div>
    <div class="contButton">
    <a class="button bgRed white addToCart" href="#">Add</a>
</div>
</div><div class="left product prod5"
        data-name="Crema di Limoncello Rau"
        data-price="9.29"
        data-id="3648"
        data-available="yes"
        data-category="2933"
        data-bestselling="">
    <a href="../crema-di-limoncello-rau.html">
        <div style="background-image: url('../../cdn.spesati.com/images/products/205456/crema-di-limoncello-01.jpg')">
            <div class="hover"></div>
            
            <div class="stickers"><img class="left" src="../../cdn.spesati.com/images/layout/sardinian.png" /></div>
        </div>
    </a>
    <div>
        <h4><a href="../crema-di-limoncello-rau.html"><b>Crema di Limoncello Rau</b></a></h4>
        <p class="description">0.5 Lt</p>
        <p class="right price"><b>9.29 €</b></p>
        <p class="right unitPrice">18.58 € per litre</p>
    </div>
    <div class="contButton">
    <a class="button bgRed white addToCart" href="#">Add</a>
</div>
</div><div class="left product prod6"
        data-name="Liquore Crema Di Mirto Rau 50Cl"
        data-price="9.75"
        data-id="7103"
        data-available="yes"
        data-category="2933"
        data-bestselling="">
    <a href="../liquore-crema-di-mirto-rau-50cl.html">
        <div style="background-image: url('../../cdn.spesati.com/images/products/205337/liquore-crema-di-01.jpg')">
            <div class="hover"></div>
            
            <div class="stickers"><img class="left" src="../../cdn.spesati.com/images/layout/sardinian.png" /></div>
        </div>
    </a>
    <div>
        <h4><a href="../liquore-crema-di-mirto-rau-50cl.html"><b>Liquore Crema Di Mirto Rau 50Cl</b></a></h4>
        <p class="description">0.5 Lt</p>
        <p class="right price"><b>9.75 €</b></p>
        <p class="right unitPrice">19.50 € per litre</p>
    </div>
    <div class="contButton">
    <a class="button bgRed white addToCart" href="#">Add</a>
</div>
</div><div class="left product prod7"
        data-name="Liquore Filuferru Lucrezio"
        data-price="9.90"
        data-id="3647"
        data-available="yes"
        data-category="2933"
        data-bestselling="">
    <a href="../liquore-filuferru-lucrezio.html">
        <div style="background-image: url('../../cdn.spesati.com/images/products/205304/liquore-filuferru-lucrezio-01.jpg')">
            <div class="hover"></div>
            
            <div class="stickers"><img class="left" src="../../cdn.spesati.com/images/layout/sardinian.png" /></div>
        </div>
    </a>
    <div>
        <h4><a href="../liquore-filuferru-lucrezio.html"><b>Liquore Filuferru Lucrezio</b></a></h4>
        <p class="description">0.5 Lt</p>
        <p class="right price"><b>9.90 €</b></p>
        <p class="right unitPrice">19.80 € per litre</p>
    </div>
    <div class="contButton">
    <a class="button bgRed white addToCart" href="#">Add</a>
</div>
</div><div class="left product prod8"
        data-name="Liquore Anice Pacini 1 Lt"
        data-price="17.50"
        data-id="5479"
        data-available="yes"
        data-category="2933"
        data-bestselling="">
    <a href="../liquore-anice-pacini-1-lt.html">
        <div style="background-image: url('../../cdn.spesati.com/images/products/205015/liquore-anice-pacini-01.jpg')">
            <div class="hover"></div>
            
            <div class="stickers"><img class="left" src="../../cdn.spesati.com/images/layout/sardinian.png" /></div>
        </div>
    </a>
    <div>
        <h4><a href="../liquore-anice-pacini-1-lt.html"><b>Liquore Anice Pacini 1 Lt</b></a></h4>
        <p class="description">1 Lt</p>
        <p class="right price"><b>17.50 €</b></p>
        <p class="right unitPrice">17.49 € per litre</p>
    </div>
    <div class="contButton">
    <a class="button bgRed white addToCart" href="#">Add</a>
</div>
</div><div class="left product prod9"
        data-name="Gin Hendricks"
        data-price="37.50"
        data-id="3643"
        data-available="yes"
        data-category="1671"
        data-bestselling="">
    <a href="../gin-hendricks.html">
        <div style="background-image: url('../../cdn.spesati.com/images/products/202850/gin-hendricks-70cl-01.jpg')">
            <div class="hover"></div>
            
            <div class="stickers"></div>
        </div>
    </a>
    <div>
        <h4><a href="../gin-hendricks.html"><b>Gin Hendricks</b></a></h4>
        <p class="description">0.7 Lt</p>
        <p class="right price"><b>37.50 €</b></p>
        <p class="right unitPrice">53.57 € per litre</p>
    </div>
    <div class="contButton">
    <a class="button bgRed white addToCart" href="#">Add</a>
</div>
</div><div class="left product prod10"
        data-name="Grappa Segnana Solera 70cl"
        data-price="27.33"
        data-id="76320"
        data-available="yes"
        data-category="2933"
        data-bestselling="">
    <a href="../grappa-segnana-solera-70cl.html">
        <div style="background-image: url('../../cdn.spesati.com/images/products/000790045/segnana-grappa-trentina-solera-di-solera-70-cl-01.png')">
            <div class="hover"></div>
            
            <div class="stickers"></div>
        </div>
    </a>
    <div>
        <h4><a href="../grappa-segnana-solera-70cl.html"><b>Grappa Segnana Solera 70cl</b></a></h4>
        <p class="description">Segnana Grappa Trentina Solera di Solera 70 cl</p>
        <p class="right price"><b>27.33 €</b></p>
        <p class="right unitPrice">39.04 € per litre</p>
    </div>
    <div class="contButton">
    <a class="button bgRed white addToCart" href="#">Add</a>
</div>
</div><div class="left product prod11"
        data-name="Gin Roku 70 Cl"
        data-price="36.27"
        data-id="67644"
        data-available="yes"
        data-category="1671"
        data-bestselling="">
    <a href="../gin-roku-70-cl.html">
        <div style="background-image: url('../../cdn.spesati.com/images/products/000431948/suntory-roku-gin-6-70-cl-01.png')">
            <div class="hover"></div>
            
            <div class="stickers"></div>
        </div>
    </a>
    <div>
        <h4><a href="../gin-roku-70-cl.html"><b>Gin Roku 70 Cl</b></a></h4>
        <p class="description">Suntory Roku Gin 6 70 cl</p>
        <p class="right price"><b>36.27 €</b></p>
        <p class="right unitPrice">279.04 € per litre</p>
    </div>
    <div class="contButton">
    <a class="button bgRed white addToCart" href="#">Add</a>
</div>
</div><div class="left product prod12"
        data-name="Brandy Carlos 1 70 Cl"
        data-price="37.35"
        data-id="29293"
        data-available="yes"
        data-category="2364"
        data-bestselling="">
    <a href="../brandy-carlos-1-70-cl.html">
        <div style="background-image: url('../../cdn.spesati.com/images/products/000211001/carlos-i-brandy-de-jerez-solera-gran-reserva-70-cl-01.png')">
            <div class="hover"></div>
            
            <div class="stickers"></div>
        </div>
    </a>
    <div>
        <h4><a href="../brandy-carlos-1-70-cl.html"><b>Brandy Carlos 1 70 Cl</b></a></h4>
        <p class="description">Carlos I Brandy de Jerez Solera Gran Reserva 70 cl</p>
        <p class="right price"><b>37.35 €</b></p>
        <p class="right unitPrice">53.36 € per litre</p>
    </div>
    <div class="contButton">
    <a class="button bgRed white addToCart" href="#">Add</a>
</div>
</div><div class="left product prod13"
        data-name="Liq.bols Creme Banana 70 Cl"
        data-price="14.86"
        data-id="29292"
        data-available="yes"
        data-category="2933"
        data-bestselling="">
    <a href="../liqbols-creme-banana-70-cl.html">
        <div style="background-image: url('../../cdn.spesati.com/images/products/000211000/bols-banana-liqueur-700-ml-01.png')">
            <div class="hover"></div>
            
            <div class="stickers"></div>
        </div>
    </a>
    <div>
        <h4><a href="../liqbols-creme-banana-70-cl.html"><b>Liq.bols Creme Banana 70 Cl</b></a></h4>
        <p class="description">Bols Banana Liqueur 700 ml</p>
        <p class="right price"><b>14.86 €</b></p>
        <p class="right unitPrice">19.81 € per litre</p>
    </div>
    <div class="contButton">
    <a class="button bgRed white addToCart" href="#">Add</a>
</div>
</div><div class="left product prod14"
        data-name="Gin Etsu Japanese  70cl"
        data-price="56.85"
        data-id="71788"
        data-available="yes"
        data-category="1671"
        data-bestselling="">
    <a href="../gin-etsu-japanese-70cl.html">
        <div style="background-image: url('../../cdn.spesati.com/images/products/000210883/etsu-handcrafted-gin-700-ml-01.png')">
            <div class="hover"></div>
            
            <div class="stickers"></div>
        </div>
    </a>
    <div>
        <h4><a href="../gin-etsu-japanese-70cl.html"><b>Gin Etsu Japanese  70cl</b></a></h4>
        <p class="description">Etsu Handcrafted Gin 700 ml</p>
        <p class="right price"><b>56.85 €</b></p>
        <p class="right unitPrice">81.22 € per litre</p>
    </div>
    <div class="contButton">
    <a class="button bgRed white addToCart" href="#">Add</a>
</div>
</div><div class="left product prod15"
        data-name="Tequila Epsolon Reposado 70 Cl"
        data-price="32.94"
        data-id="29208"
        data-available="yes"
        data-category="2220"
        data-bestselling="">
    <a href="../tequila-epsolon-reposado-70-cl.html">
        <div style="background-image: url('../../cdn.spesati.com/images/products/000210571/el-espolon-tequila-reposado-100-puro-agave-70-cl-01.png')">
            <div class="hover"></div>
            
            <div class="stickers"></div>
        </div>
    </a>
    <div>
        <h4><a href="../tequila-epsolon-reposado-70-cl.html"><b>Tequila Epsolon Reposado 70 Cl</b></a></h4>
        <p class="description">El Espolón Tequila Reposado 100 % Puro Agave 70 cl</p>
        <p class="right price"><b>32.94 €</b></p>
        <p class="right unitPrice">47.06 € per litre</p>
    </div>
    <div class="contButton">
    <a class="button bgRed white addToCart" href="#">Add</a>
</div>
</div><div class="left product prod16"
        data-name="Tequila Epsolon Blanco 70 Cl"
        data-price="29.98"
        data-id="29207"
        data-available="yes"
        data-category="2220"
        data-bestselling="">
    <a href="../tequila-epsolon-blanco-70-cl.html">
        <div style="background-image: url('../../cdn.spesati.com/images/products/000210569/el-espolon-tequila-blanco-100-puro-agave-70-cl-01.png')">
            <div class="hover"></div>
            
            <div class="stickers"></div>
        </div>
    </a>
    <div>
        <h4><a href="../tequila-epsolon-blanco-70-cl.html"><b>Tequila Epsolon Blanco 70 Cl</b></a></h4>
        <p class="description">El Espolòn Tequila Blanco 100% puro agave 70 cl</p>
        <p class="right price"><b>29.98 €</b></p>
        <p class="right unitPrice">42.82 € per litre</p>
    </div>
    <div class="contButton">
    <a class="button bgRed white addToCart" href="#">Add</a>
</div>
</div><div class="left product prod17"
        data-name="Whisky Jim Beam Rye 70 Cl"
        data-price="25.31"
        data-id="29205"
        data-available="yes"
        data-category="1926"
        data-bestselling="">
    <a href="../whisky-jim-beam-rye-70-cl.html">
        <div style="background-image: url('../../cdn.spesati.com/images/products/000210567/jim-beam-kentucky-straight-rye-whiskey-70-cl-01.png')">
            <div class="hover"></div>
            
            <div class="stickers"></div>
        </div>
    </a>
    <div>
        <h4><a href="../whisky-jim-beam-rye-70-cl.html"><b>Whisky Jim Beam Rye 70 Cl</b></a></h4>
        <p class="description">Jim Beam Kentucky Straight Rye Whiskey 70 cl</p>
        <p class="right price"><b>25.31 €</b></p>
        <p class="right unitPrice">36.16 € per litre</p>
    </div>
    <div class="contButton">
    <a class="button bgRed white addToCart" href="#">Add</a>
</div>
</div><div class="left product prod18"
        data-name="Rhum Bacardi Riserva Ocho 70cl"
        data-price="29.90"
        data-id="29204"
        data-available="yes"
        data-category="2605"
        data-bestselling="">
    <a href="../rhum-bacardi-riserva-ocho-70cl.html">
        <div style="background-image: url('../../cdn.spesati.com/images/products/000210565/bacardi-reserva-ocho-rare-gold-rum-aged-8-years-700-ml-01.png')">
            <div class="hover"></div>
            
            <div class="stickers"></div>
        </div>
    </a>
    <div>
        <h4><a href="../rhum-bacardi-riserva-ocho-70cl.html"><b>Rhum Bacardi Riserva Ocho 70cl</b></a></h4>
        <p class="description">Bacardi Reserva Ocho Rare Gold Rum Aged 8 Years 700 ml</p>
        <p class="right price"><b>29.90 €</b></p>
        <p class="right unitPrice">42.71 € per litre</p>
    </div>
    <div class="contButton">
    <a class="button bgRed white addToCart" href="#">Add</a>
</div>
</div><div class="left product prod19"
        data-name="Whisky Bulleit Rye 70 Cl"
        data-price="46.07"
        data-id="29202"
        data-available="yes"
        data-category="1926"
        data-bestselling="">
    <a href="../whisky-bulleit-rye-70-cl.html">
        <div style="background-image: url('../../cdn.spesati.com/images/products/000210562/bulleit-rye-frontier-whiskey-70-cl-01.png')">
            <div class="hover"></div>
            
            <div class="stickers"></div>
        </div>
    </a>
    <div>
        <h4><a href="../whisky-bulleit-rye-70-cl.html"><b>Whisky Bulleit Rye 70 Cl</b></a></h4>
        <p class="description">Bulleit Rye Frontier Whiskey 70 cl</p>
        <p class="right price"><b>46.07 €</b></p>
        <p class="right unitPrice">65.81 € per litre</p>
    </div>
    <div class="contButton">
    <a class="button bgRed white addToCart" href="#">Add</a>
</div>
</div><div class="left product prod20"
        data-name="Gin Malfy Originale 70 Cl"
        data-price="37.05"
        data-id="68793"
        data-available="yes"
        data-category="1671"
        data-bestselling="">
    <a href="../gin-malfy-originale-70-cl.html">
        <div style="background-image: url('../../cdn.spesati.com/images/products/000210498/malfy-gin-originale-70-cl-01.png')">
            <div class="hover"></div>
            
            <div class="stickers"></div>
        </div>
    </a>
    <div>
        <h4><a href="../gin-malfy-originale-70-cl.html"><b>Gin Malfy Originale 70 Cl</b></a></h4>
        <p class="description">Malfy Gin Originale 70 CL</p>
        <p class="right price"><b>37.05 €</b></p>
        <p class="right unitPrice">52.92 € per litre</p>
    </div>
    <div class="contButton">
    <a class="button bgRed white addToCart" href="#">Add</a>
</div>
</div><div class="left product prod21"
        data-name="Gin Malfy Limone 70 Cl"
        data-price="28.90"
        data-id="68790"
        data-available="yes"
        data-category="1671"
        data-bestselling="">
    <a href="../gin-malfy-limone-70-cl.html">
        <div style="background-image: url('../../cdn.spesati.com/images/products/000210497/malfy-gin-con-limone-70-cl-01.png')">
            <div class="hover"></div>
            
            <div class="stickers"></div>
        </div>
    </a>
    <div>
        <h4><a href="../gin-malfy-limone-70-cl.html"><b>Gin Malfy Limone 70 Cl</b></a></h4>
        <p class="description">Malfy Gin con Limone 70 CL</p>
        <p class="right price"><b>28.90 €</b></p>
        <p class="right unitPrice">41.28 € per litre</p>
    </div>
    <div class="contButton">
    <a class="button bgRed white addToCart" href="#">Add</a>
</div>
</div><div class="left product prod22"
        data-name="Gin Malfy Rosa 70 Cl"
        data-price="28.90"
        data-id="68787"
        data-available="yes"
        data-category="1671"
        data-bestselling="">
    <a href="../gin-malfy-rosa-70-cl.html">
        <div style="background-image: url('../../cdn.spesati.com/images/products/000210496/malfy-gin-rosa-70-cl-01.png')">
            <div class="hover"></div>
            
            <div class="stickers"></div>
        </div>
    </a>
    <div>
        <h4><a href="../gin-malfy-rosa-70-cl.html"><b>Gin Malfy Rosa 70 Cl</b></a></h4>
        <p class="description">Malfy Gin Rosa 70 CL</p>
        <p class="right price"><b>28.90 €</b></p>
        <p class="right unitPrice">41.28 € per litre</p>
    </div>
    <div class="contButton">
    <a class="button bgRed white addToCart" href="#">Add</a>
</div>
</div><div class="left product prod23"
        data-name="Gin Gordon's Pink 70 Cl"
        data-price="13.69"
        data-id="29123"
        data-available="yes"
        data-category="1671"
        data-bestselling="">
    <a href="../gin-gordons-pink-70-cl.html">
        <div style="background-image: url('../../cdn.spesati.com/images/products/000210363/gordons-premium-pink-distilled-gin-70-cl-01.png')">
            <div class="hover"></div>
            
            <div class="stickers"></div>
        </div>
    </a>
    <div>
        <h4><a href="../gin-gordons-pink-70-cl.html"><b>Gin Gordon's Pink 70 Cl</b></a></h4>
        <p class="description">Gordon's Premium Pink Distilled Gin 70 cl</p>
        <p class="right price"><b>13.69 €</b></p>
        <p class="right unitPrice">19.56 € per litre</p>
    </div>
    <div class="contButton">
    <a class="button bgRed white addToCart" href="#">Add</a>
</div>
</div><div class="left product prod24"
        data-name="Gin Tanqueray Ten 70cl"
        data-price="46.35"
        data-id="29120"
        data-available="yes"
        data-category="1671"
        data-bestselling="">
    <a href="../gin-tanqueray-ten-70cl.html">
        <div style="background-image: url('../../cdn.spesati.com/images/products/000210360/tanqueray-n-ten-70-cl-01.png')">
            <div class="hover"></div>
            
            <div class="stickers"></div>
        </div>
    </a>
    <div>
        <h4><a href="../gin-tanqueray-ten-70cl.html"><b>Gin Tanqueray Ten 70cl</b></a></h4>
        <p class="description">Tanqueray N.° Ten 70 cl</p>
        <p class="right price"><b>46.35 €</b></p>
        <p class="right unitPrice">66.21 € per litre</p>
    </div>
    <div class="contButton">
    <a class="button bgRed white addToCart" href="#">Add</a>
</div>
</div><div class="left product prod25"
        data-name="Rhum Captain Morgan 70 Cl"
        data-price="18.25"
        data-id="29116"
        data-available="yes"
        data-category="2605"
        data-bestselling="">
    <a href="../rhum-captain-morgan-70-cl.html">
        <div style="background-image: url('../../cdn.spesati.com/images/products/000210354/captain-morgan-original-spiced-gold-700-ml-01.png')">
            <div class="hover"></div>
            
            <div class="stickers"></div>
        </div>
    </a>
    <div>
        <h4><a href="../rhum-captain-morgan-70-cl.html"><b>Rhum Captain Morgan 70 Cl</b></a></h4>
        <p class="description">Captain Morgan Original Spiced Gold 700 ml</p>
        <p class="right price"><b>18.25 €</b></p>
        <p class="right unitPrice">26.07 € per litre</p>
    </div>
    <div class="contButton">
    <a class="button bgRed white addToCart" href="#">Add</a>
</div>
</div><div class="left product prod26"
        data-name="Vodka Smirnoff Red 1Lt"
        data-price="18.60"
        data-id="6244"
        data-available="yes"
        data-category="2107"
        data-bestselling="">
    <a href="../vodka-smirnoff-red-1lt.html">
        <div style="background-image: url('../../cdn.spesati.com/images/products/000210306/smirnoff-recipe-n21-vodka-1-l-01.png')">
            <div class="hover"></div>
            
            <div class="stickers"></div>
        </div>
    </a>
    <div>
        <h4><a href="../vodka-smirnoff-red-1lt.html"><b>Vodka Smirnoff Red 1Lt</b></a></h4>
        <p class="description">Smirnoff Recipe N°21 Vodka 1 L</p>
        <p class="right price"><b>18.60 €</b></p>
        <p class="right unitPrice">18.61 € per litre</p>
    </div>
    <div class="contButton">
    <a class="button bgRed white addToCart" href="#">Add</a>
</div>
</div><div class="left product prod27"
        data-name="Whisky Jack Daniel's 3 Lt Bour"
        data-price="128.13"
        data-id="28615"
        data-available="yes"
        data-category="1926"
        data-bestselling="">
    <a href="../whisky-jack-daniels-3-lt-bour.html">
        <div style="background-image: url('../../cdn.spesati.com/images/products/000207164/jack-daniels-old-no7-tennessee-whiskey-30-litre-01.png')">
            <div class="hover"></div>
            
            <div class="stickers"></div>
        </div>
    </a>
    <div>
        <h4><a href="../whisky-jack-daniels-3-lt-bour.html"><b>Whisky Jack Daniel's 3 Lt Bour</b></a></h4>
        <p class="description">Jack Daniel's Old No.7 Tennessee Whiskey 3,0 Litre</p>
        <p class="right price"><b>128.13 €</b></p>
        <p class="right unitPrice">42.71 € per litre</p>
    </div>
    <div class="contButton">
    <a class="button bgRed white addToCart" href="#">Add</a>
</div>
</div><div class="left product prod28"
        data-name="Whisky Laphroaig 10 Anni"
        data-price="55.31"
        data-id="28608"
        data-available="yes"
        data-category="1926"
        data-bestselling="">
    <a href="../whisky-laphroaig-10-anni.html">
        <div style="background-image: url('../../cdn.spesati.com/images/products/000207130/laphroaig-aged-10-years-islay-single-malt-scotch-whisky-70-cl-01.png')">
            <div class="hover"></div>
            
            <div class="stickers"></div>
        </div>
    </a>
    <div>
        <h4><a href="../whisky-laphroaig-10-anni.html"><b>Whisky Laphroaig 10 Anni</b></a></h4>
        <p class="description">Laphroaig Aged 10 Years Islay Single Malt Scotch Whisky 70 cl</p>
        <p class="right price"><b>55.31 €</b></p>
        <p class="right unitPrice">79.02 € per litre</p>
    </div>
    <div class="contButton">
    <a class="button bgRed white addToCart" href="#">Add</a>
</div>
</div><div class="left product prod29"
        data-name="Whisky La Gavulin 8 Anni 70cl"
        data-price="76.49"
        data-id="73757"
        data-available="yes"
        data-category="1926"
        data-bestselling="">
    <a href="../whisky-la-gavulin-8-anni-70cl.html">
        <div style="background-image: url('../../cdn.spesati.com/images/products/000207121/lagavulin-8yo-single-malt-scotch-whisky-70-cl-01.png')">
            <div class="hover"></div>
            
            <div class="stickers"></div>
        </div>
    </a>
    <div>
        <h4><a href="../whisky-la-gavulin-8-anni-70cl.html"><b>Whisky La Gavulin 8 Anni 70cl</b></a></h4>
        <p class="description">Lagavulin 8YO Single Malt Scotch Whisky 70 cl</p>
        <p class="right price"><b>76.49 €</b></p>
        <p class="right unitPrice">109.28 € per litre</p>
    </div>
    <div class="contButton">
    <a class="button bgRed white addToCart" href="#">Add</a>
</div>
</div><div class="left product prod30"
        data-name="Whisky La Gavulin 16 Anni 70cl"
        data-price="59.50"
        data-id="28607"
        data-available="yes"
        data-category="1926"
        data-bestselling="">
    <a href="../whisky-la-gavulin-16-anni-70cl.html">
        <div style="background-image: url('../../cdn.spesati.com/images/products/000207120/lagavulin-16-yo-single-malt-scotch-whisky-70cl-01.png')">
            <div class="hover"></div>
            
            <div class="stickers"></div>
        </div>
    </a>
    <div>
        <h4><a href="../whisky-la-gavulin-16-anni-70cl.html"><b>Whisky La Gavulin 16 Anni 70cl</b></a></h4>
        <p class="description">Lagavulin 16 YO Single Malt Scotch Whisky 70cl</p>
        <p class="right price"><b>59.50 €</b></p>
        <p class="right unitPrice">85.00 € per litre</p>
    </div>
    <div class="contButton">
    <a class="button bgRed white addToCart" href="#">Add</a>
</div>
</div><div class="left product prod31"
        data-name="Whisky johnnie walker black label 12a 70"
        data-price="38.07"
        data-id="5072"
        data-available="yes"
        data-category="1926"
        data-bestselling="">
    <a href="../whisky-johnnie-walker-black-label-12a-70.html">
        <div style="background-image: url('../../cdn.spesati.com/images/products/000207100/johnnie-walker-black-label-blended-scotch-whisky-70-cl-01.png')">
            <div class="hover"></div>
            
            <div class="stickers"></div>
        </div>
    </a>
    <div>
        <h4><a href="../whisky-johnnie-walker-black-label-12a-70.html"><b>Whisky johnnie walker black label 12a 70</b></a></h4>
        <p class="description">Johnnie Walker Black Label Blended Scotch Whisky 70 cl</p>
        <p class="right price"><b>38.07 €</b></p>
        <p class="right unitPrice">54.39 € per litre</p>
    </div>
    <div class="contButton">
    <a class="button bgRed white addToCart" href="#">Add</a>
</div>
</div><div class="left product prod32"
        data-name="Whisky Caol Ila 12a 70 Cl"
        data-price="66.93"
        data-id="28606"
        data-available="yes"
        data-category="1926"
        data-bestselling="">
    <a href="../whisky-caol-ila-12a-70-cl.html">
        <div style="background-image: url('../../cdn.spesati.com/images/products/000207098/caol-ila-aged-12-years-islay-single-malt-scotch-whisky-70-cl-01.png')">
            <div class="hover"></div>
            
            <div class="stickers"></div>
        </div>
    </a>
    <div>
        <h4><a href="../whisky-caol-ila-12a-70-cl.html"><b>Whisky Caol Ila 12a 70 Cl</b></a></h4>
        <p class="description">Caol Ila Aged 12 Years Islay Single Malt Scotch Whisky 70 cl</p>
        <p class="right price"><b>66.93 €</b></p>
        <p class="right unitPrice">95.61 € per litre</p>
    </div>
    <div class="contButton">
    <a class="button bgRed white addToCart" href="#">Add</a>
</div>
</div><div class="left product prod33"
        data-name="Whisky J.walker Normale 70cl"
        data-price="14.90"
        data-id="28603"
        data-available="yes"
        data-category="1926"
        data-bestselling="">
    <a href="../whisky-jwalker-normale-70cl.html">
        <div style="background-image: url('../../cdn.spesati.com/images/products/000207095/johnnie-walker-red-blended-scotch-whisky-200-years-keep-walking-limited-edition-design-700-ml-01.png')">
            <div class="hover"></div>
            
            <div class="stickers"></div>
        </div>
    </a>
    <div>
        <h4><a href="../whisky-jwalker-normale-70cl.html"><b>Whisky J.walker Normale 70cl</b></a></h4>
        <p class="description">Johnnie Walker Red Blended Scotch Whisky 200 Years Keep Walking Limited Edition Design 700 ml</p>
        <p class="right price"><b>14.90 €</b></p>
        <p class="right unitPrice">21.29 € per litre</p>
    </div>
    <div class="contButton">
    <a class="button bgRed white addToCart" href="#">Add</a>
</div>
</div><div class="left product prod34"
        data-name="Whisky jack daniel's honey 70 cl"
        data-price="22.50"
        data-id="5079"
        data-available="yes"
        data-category="1926"
        data-bestselling="">
    <a href="../whisky-jack-daniels-honey-70-cl.html">
        <div style="background-image: url('../../cdn.spesati.com/images/products/000207083/jack-daniels-tennessee-honey-70-cl-01.png')">
            <div class="hover"></div>
            
            <div class="stickers"></div>
        </div>
    </a>
    <div>
        <h4><a href="../whisky-jack-daniels-honey-70-cl.html"><b>Whisky jack daniel's honey 70 cl</b></a></h4>
        <p class="description">Jack Daniel's Tennessee Honey 70 cl</p>
        <p class="right price"><b>22.50 €</b></p>
        <p class="right unitPrice">32.15 € per litre</p>
    </div>
    <div class="contButton">
    <a class="button bgRed white addToCart" href="#">Add</a>
</div>
</div><div class="left product prod35"
        data-name="Whisky J & B 70Cl"
        data-price="14.90"
        data-id="6171"
        data-available="yes"
        data-category="1926"
        data-bestselling="">
    <a href="../whisky-j-b-70cl.html">
        <div style="background-image: url('../../cdn.spesati.com/images/products/000207080/jb-rare-blended-scotch-whisky-70-cl-01.png')">
            <div class="hover"></div>
            
            <div class="stickers"></div>
        </div>
    </a>
    <div>
        <h4><a href="../whisky-j-b-70cl.html"><b>Whisky J & B 70Cl</b></a></h4>
        <p class="description">J&B Rare Blended Scotch Whisky 70 cl</p>
        <p class="right price"><b>14.90 €</b></p>
        <p class="right unitPrice">21.29 € per litre</p>
    </div>
    <div class="contButton">
    <a class="button bgRed white addToCart" href="#">Add</a>
</div>
</div><div class="left product prod36"
        data-name="Whisky jack daniel's lt 1 bour"
        data-price="39.19"
        data-id="5080"
        data-available="yes"
        data-category="1926"
        data-bestselling="">
    <a href="../whisky-jack-daniels-lt-1-bour.html">
        <div style="background-image: url('../../cdn.spesati.com/images/products/000207079/jack-daniels-old-no7-tennessee-whiskey-10-litre-01.png')">
            <div class="hover"></div>
            
            <div class="stickers"></div>
        </div>
    </a>
    <div>
        <h4><a href="../whisky-jack-daniels-lt-1-bour.html"><b>Whisky jack daniel's lt 1 bour</b></a></h4>
        <p class="description">Jack Daniel's Old No.7 Tennessee Whiskey 1,0 Litre</p>
        <p class="right price"><b>39.19 €</b></p>
        <p class="right unitPrice">39.19 € per litre</p>
    </div>
    <div class="contButton">
    <a class="button bgRed white addToCart" href="#">Add</a>
</div>
</div><div class="left product prod37"
        data-name="Whisky Jack Daniels Bour 70Cl"
        data-price="24.90"
        data-id="14532"
        data-available="yes"
        data-category="1926"
        data-bestselling="">
    <a href="../whisky-jack-daniels-bour-70cl.html">
        <div style="background-image: url('../../cdn.spesati.com/images/products/000207078/jack-daniels-old-no7-tennessee-whiskey-70-cl-01.png')">
            <div class="hover"></div>
            
            <div class="stickers"></div>
        </div>
    </a>
    <div>
        <h4><a href="../whisky-jack-daniels-bour-70cl.html"><b>Whisky Jack Daniels Bour 70Cl</b></a></h4>
        <p class="description">Jack Daniel's Old No.7 Tennessee Whiskey 70 cl</p>
        <p class="right price"><b>24.90 €</b></p>
        <p class="right unitPrice">35.58 € per litre</p>
    </div>
    <div class="contButton">
    <a class="button bgRed white addToCart" href="#">Add</a>
</div>
</div><div class="left product prod38"
        data-name="Whisky Jack Daniel's Single Ba"
        data-price="57.53"
        data-id="28597"
        data-available="yes"
        data-category="1926"
        data-bestselling="">
    <a href="../whisky-jack-daniels-single-ba.html">
        <div style="background-image: url('../../cdn.spesati.com/images/products/000207076/jack-daniels-single-barrel-select-tennessee-whiskey-70-cl-01.png')">
            <div class="hover"></div>
            
            <div class="stickers"></div>
        </div>
    </a>
    <div>
        <h4><a href="../whisky-jack-daniels-single-ba.html"><b>Whisky Jack Daniel's Single Ba</b></a></h4>
        <p class="description">Jack Daniel's Single Barrel Select Tennessee Whiskey 70 cL</p>
        <p class="right price"><b>57.53 €</b></p>
        <p class="right unitPrice">82.18 € per litre</p>
    </div>
    <div class="contButton">
    <a class="button bgRed white addToCart" href="#">Add</a>
</div>
</div><div class="left product prod39"
        data-name="Whisky Glenkinchie 70cl"
        data-price="62.58"
        data-id="28595"
        data-available="yes"
        data-category="1926"
        data-bestselling="">
    <a href="../whisky-glenkinchie-70cl.html">
        <div style="background-image: url('../../cdn.spesati.com/images/products/000207072/glenkinchie-single-malt-scotch-whisky-12-year-old-70-cl-01.png')">
            <div class="hover"></div>
            
            <div class="stickers"></div>
        </div>
    </a>
    <div>
        <h4><a href="../whisky-glenkinchie-70cl.html"><b>Whisky Glenkinchie 70cl</b></a></h4>
        <p class="description">Glenkinchie Single Malt Scotch Whisky 12 Year Old 70 cl</p>
        <p class="right price"><b>62.58 €</b></p>
        <p class="right unitPrice">89.40 € per litre</p>
    </div>
    <div class="contButton">
    <a class="button bgRed white addToCart" href="#">Add</a>
</div>
</div><div class="left product prod40"
        data-name="Whisky Glen Grant 5 Anni 70cl"
        data-price="18.90"
        data-id="28594"
        data-available="yes"
        data-category="1926"
        data-bestselling="">
    <a href="../whisky-glen-grant-5-anni-70cl.html">
        <div style="background-image: url('../../cdn.spesati.com/images/products/000207070/the-glen-grant-single-malt-scotch-whisky-the-majors-reserve-70-cl-01.png')">
            <div class="hover"></div>
            
            <div class="stickers"></div>
        </div>
    </a>
    <div>
        <h4><a href="../whisky-glen-grant-5-anni-70cl.html"><b>Whisky Glen Grant 5 Anni 70cl</b></a></h4>
        <p class="description">The Glen Grant Single Malt Scotch Whisky the Major's Reserve 70 cl</p>
        <p class="right price"><b>18.90 €</b></p>
        <p class="right unitPrice">27.00 € per litre</p>
    </div>
    <div class="contButton">
    <a class="button bgRed white addToCart" href="#">Add</a>
</div>
</div><div class="left product prod41"
        data-name="Whisky Glen Grant 1l. 5 Anni"
        data-price="35.71"
        data-id="28592"
        data-available="yes"
        data-category="1926"
        data-bestselling="">
    <a href="../whisky-glen-grant-1l-5-anni.html">
        <div style="background-image: url('../../cdn.spesati.com/images/products/000207068/the-glen-grant-single-malt-scotch-whisky-the-majors-reserve-100-cl-01.png')">
            <div class="hover"></div>
            
            <div class="stickers"></div>
        </div>
    </a>
    <div>
        <h4><a href="../whisky-glen-grant-1l-5-anni.html"><b>Whisky Glen Grant 1l. 5 Anni</b></a></h4>
        <p class="description">The Glen Grant Single Malt Scotch Whisky the Major's Reserve 100 cl</p>
        <p class="right price"><b>35.71 €</b></p>
        <p class="right unitPrice">35.71 € per litre</p>
    </div>
    <div class="contButton">
    <a class="button bgRed white addToCart" href="#">Add</a>
</div>
</div><div class="left product prod42"
        data-name="Whisky Jameson Irish 70cl"
        data-price="24.02"
        data-id="28590"
        data-available="yes"
        data-category="1926"
        data-bestselling="">
    <a href="../whisky-jameson-irish-70cl.html">
        <div style="background-image: url('../../cdn.spesati.com/images/products/000207066/jameson-irish-whiskey-700-ml-01.png')">
            <div class="hover"></div>
            
            <div class="stickers"></div>
        </div>
    </a>
    <div>
        <h4><a href="../whisky-jameson-irish-70cl.html"><b>Whisky Jameson Irish 70cl</b></a></h4>
        <p class="description">Jameson Irish Whiskey 700 ml</p>
        <p class="right price"><b>24.02 €</b></p>
        <p class="right unitPrice">34.32 € per litre</p>
    </div>
    <div class="contButton">
    <a class="button bgRed white addToCart" href="#">Add</a>
</div>
</div><div class="left product prod43"
        data-name="Whisky Bourbon Four Roses 70cl"
        data-price="18.35"
        data-id="28585"
        data-available="yes"
        data-category="1926"
        data-bestselling="">
    <a href="../whisky-bourbon-four-roses-70cl.html">
        <div style="background-image: url('../../cdn.spesati.com/images/products/000207060/four-roses-bourbon-70-cl-01.png')">
            <div class="hover"></div>
            
            <div class="stickers"></div>
        </div>
    </a>
    <div>
        <h4><a href="../whisky-bourbon-four-roses-70cl.html"><b>Whisky Bourbon Four Roses 70cl</b></a></h4>
        <p class="description">Four Roses Bourbon 70 cl</p>
        <p class="right price"><b>18.35 €</b></p>
        <p class="right unitPrice">26.22 € per litre</p>
    </div>
    <div class="contButton">
    <a class="button bgRed white addToCart" href="#">Add</a>
</div>
</div><div class="left product prod44"
        data-name="Whisky Dalwhinnie 70cl"
        data-price="64.32"
        data-id="28580"
        data-available="yes"
        data-category="1926"
        data-bestselling="">
    <a href="../whisky-dalwhinnie-70cl.html">
        <div style="background-image: url('../../cdn.spesati.com/images/products/000207055/dalwhinnie-highland-single-malt-scotch-whisky-fifteen-years-old-700-ml-01.png')">
            <div class="hover"></div>
            
            <div class="stickers"></div>
        </div>
    </a>
    <div>
        <h4><a href="../whisky-dalwhinnie-70cl.html"><b>Whisky Dalwhinnie 70cl</b></a></h4>
        <p class="description">Dalwhinnie Highland Single Malt Scotch Whisky Fifteen Years Old 700 ml</p>
        <p class="right price"><b>64.32 €</b></p>
        <p class="right unitPrice">91.89 € per litre</p>
    </div>
    <div class="contButton">
    <a class="button bgRed white addToCart" href="#">Add</a>
</div>
</div><div class="left product prod45"
        data-name="Whisky Chivas Regal 70cl 18 A."
        data-price="19.90"
        data-id="28576"
        data-available="yes"
        data-category="1926"
        data-bestselling="">
    <a href="../whisky-chivas-regal-70cl-18-a.html">
        <div style="background-image: url('../../cdn.spesati.com/images/products/000207051/chivas-regal-aged-18-years-blended-scotch-whisky-gold-signature-70-cl-01.png')">
            <div class="hover"></div>
            
            <div class="stickers"></div>
        </div>
    </a>
    <div>
        <h4><a href="../whisky-chivas-regal-70cl-18-a.html"><b>Whisky Chivas Regal 70cl 18 A.</b></a></h4>
        <p class="description">Chivas Regal Aged 18 Years Blended Scotch Whisky Gold Signature 70 cl</p>
        <p class="right price"><b>19.90 €</b></p>
        <p class="right unitPrice">28.43 € per litre</p>
    </div>
    <div class="contButton">
    <a class="button bgRed white addToCart" href="#">Add</a>
</div>
</div><div class="left product prod46"
        data-name="Whisky Chivas Regal 70cl 12 A."
        data-price="26.50"
        data-id="28575"
        data-available="yes"
        data-category="1926"
        data-bestselling="">
    <a href="../whisky-chivas-regal-70cl-12-a.html">
        <div style="background-image: url('../../cdn.spesati.com/images/products/000207050/chivas-regal-blended-scotch-whisky-aged-12-years-70-cl-01.png')">
            <div class="hover"></div>
            
            <div class="stickers"></div>
        </div>
    </a>
    <div>
        <h4><a href="../whisky-chivas-regal-70cl-12-a.html"><b>Whisky Chivas Regal 70cl 12 A.</b></a></h4>
        <p class="description">Chivas Regal Blended Scotch Whisky Aged 12 Years 70 cl</p>
        <p class="right price"><b>26.50 €</b></p>
        <p class="right unitPrice">37.86 € per litre</p>
    </div>
    <div class="contButton">
    <a class="button bgRed white addToCart" href="#">Add</a>
</div>
</div><div class="left product prod47"
        data-name="Whisky Ardbeg 10 Anni"
        data-price="17.50"
        data-id="28563"
        data-available="yes"
        data-category="1926"
        data-bestselling="">
    <a href="../whisky-ardbeg-10-anni.html">
        <div style="background-image: url('../../cdn.spesati.com/images/products/000207033/whisky-ardbeg-10-years-old-70-cl-astuccio-01.png')">
            <div class="hover"></div>
            
            <div class="stickers"></div>
        </div>
    </a>
    <div>
        <h4><a href="../whisky-ardbeg-10-anni.html"><b>Whisky Ardbeg 10 Anni</b></a></h4>
        <p class="description">Whisky Ardbeg 10 Years Old 70 cl. Astuccio</p>
        <p class="right price"><b>17.50 €</b></p>
        <p class="right unitPrice">25.00 € per litre</p>
    </div>
    <div class="contButton">
    <a class="button bgRed white addToCart" href="#">Add</a>
</div>
</div><div class="left product prod48"
        data-name="Whisky Glenmorangie Lasanta"
        data-price="81.12"
        data-id="28561"
        data-available="yes"
        data-category="1926"
        data-bestselling="">
    <a href="../whisky-glenmorangie-lasanta.html">
        <div style="background-image: url('../../cdn.spesati.com/images/products/000207031/glenmorangie-the-lasanta-12-years-old-70cl-01.png')">
            <div class="hover"></div>
            
            <div class="stickers"></div>
        </div>
    </a>
    <div>
        <h4><a href="../whisky-glenmorangie-lasanta.html"><b>Whisky Glenmorangie Lasanta</b></a></h4>
        <p class="description">Glenmorangie The Lasanta 12 Years Old 70cl</p>
        <p class="right price"><b>81.12 €</b></p>
        <p class="right unitPrice">115.89 € per litre</p>
    </div>
    <div class="contButton">
    <a class="button bgRed white addToCart" href="#">Add</a>
</div>
</div><div class="left product prod49"
        data-name="Whisky Glenmorangie 10 Anni"
        data-price="58.23"
        data-id="28560"
        data-available="yes"
        data-category="1926"
        data-bestselling="">
    <a href="../whisky-glenmorangie-10-anni.html">
        <div style="background-image: url('../../cdn.spesati.com/images/products/000207030/glenmorangie-the-original-10-years-old-70cl-01.png')">
            <div class="hover"></div>
            
            <div class="stickers"></div>
        </div>
    </a>
    <div>
        <h4><a href="../whisky-glenmorangie-10-anni.html"><b>Whisky Glenmorangie 10 Anni</b></a></h4>
        <p class="description">Glenmorangie The Original 10 Years Old 70cl</p>
        <p class="right price"><b>58.23 €</b></p>
        <p class="right unitPrice">83.19 € per litre</p>
    </div>
    <div class="contButton">
    <a class="button bgRed white addToCart" href="#">Add</a>
</div>
</div><div class="left product prod50"
        data-name="Grappa 903 Bianca 70cl"
        data-price="24.34"
        data-id="28557"
        data-available="yes"
        data-category="2933"
        data-bestselling="">
    <a href="../grappa-903-bianca-70cl.html">
        <div style="background-image: url('../../cdn.spesati.com/images/products/000207027/bonaventura-maschio-la-grappa-903-tipica-070-l-01.png')">
            <div class="hover"></div>
            
            <div class="stickers"></div>
        </div>
    </a>
    <div>
        <h4><a href="../grappa-903-bianca-70cl.html"><b>Grappa 903 Bianca 70cl</b></a></h4>
        <p class="description">Bonaventura Maschio la Grappa 903 Tipica 0,70 l</p>
        <p class="right price"><b>24.34 €</b></p>
        <p class="right unitPrice">34.77 € per litre</p>
    </div>
    <div class="contButton">
    <a class="button bgRed white addToCart" href="#">Add</a>
</div>
</div><div class="left product prod51"
        data-name="Ron Matusalem 23 Anni 70 Cl"
        data-price="72.62"
        data-id="28547"
        data-available="yes"
        data-category="2605"
        data-bestselling="">
    <a href="../ron-matusalem-23-anni-70-cl.html">
        <div style="background-image: url('../../cdn.spesati.com/images/products/000207012/matusalem-ron-gran-reserva-23-70-cl-01.png')">
            <div class="hover"></div>
            
            <div class="stickers"></div>
        </div>
    </a>
    <div>
        <h4><a href="../ron-matusalem-23-anni-70-cl.html"><b>Ron Matusalem 23 Anni 70 Cl</b></a></h4>
        <p class="description">Matusalem Ron Gran Reserva 23 70 cl</p>
        <p class="right price"><b>72.62 €</b></p>
        <p class="right unitPrice">103.75 € per litre</p>
    </div>
    <div class="contButton">
    <a class="button bgRed white addToCart" href="#">Add</a>
</div>
</div><div class="left product prod52"
        data-name="Whisky Ballantines 70cl"
        data-price="12.90"
        data-id="28546"
        data-available="yes"
        data-category="1926"
        data-bestselling="">
    <a href="../whisky-ballantines-70cl.html">
        <div style="background-image: url('../../cdn.spesati.com/images/products/000207010/ballantines-finest-blended-scotch-whisky-70-cl-01.png')">
            <div class="hover"></div>
            
            <div class="stickers"></div>
        </div>
    </a>
    <div>
        <h4><a href="../whisky-ballantines-70cl.html"><b>Whisky Ballantines 70cl</b></a></h4>
        <p class="description">Ballantine's Finest blended scotch whisky 70 cl</p>
        <p class="right price"><b>12.90 €</b></p>
        <p class="right unitPrice">18.43 € per litre</p>
    </div>
    <div class="contButton">
    <a class="button bgRed white addToCart" href="#">Add</a>
</div>
</div><div class="left product prod53"
        data-name="Vodka Kegl Menta Sleeve 1 Lt"
        data-price="16.76"
        data-id="28535"
        data-available="yes"
        data-category="2107"
        data-bestselling="">
    <a href="../vodka-kegl-menta-sleeve-1-lt.html">
        <div style="background-image: url('../../cdn.spesati.com/images/products/000206496/keglevich-with-pure-vodka-pure-taste-menta-1-l-01.png')">
            <div class="hover"></div>
            
            <div class="stickers"></div>
        </div>
    </a>
    <div>
        <h4><a href="../vodka-kegl-menta-sleeve-1-lt.html"><b>Vodka Kegl Menta Sleeve 1 Lt</b></a></h4>
        <p class="description">Keglevich with Pure Vodka & Pure Taste Menta 1 L</p>
        <p class="right price"><b>16.76 €</b></p>
        <p class="right unitPrice">16.75 € per litre</p>
    </div>
    <div class="contButton">
    <a class="button bgRed white addToCart" href="#">Add</a>
</div>
</div><div class="left product prod54"
        data-name="Vodka Kegl Melone Sleeve 1 Lt"
        data-price="16.76"
        data-id="28534"
        data-available="yes"
        data-category="2107"
        data-bestselling="">
    <a href="../vodka-kegl-melone-sleeve-1-lt.html">
        <div style="background-image: url('../../cdn.spesati.com/images/products/000206493/keglevich-with-pure-vodka-pure-fruit-con-succo-di-melone-1-l-01.png')">
            <div class="hover"></div>
            
            <div class="stickers"></div>
        </div>
    </a>
    <div>
        <h4><a href="../vodka-kegl-melone-sleeve-1-lt.html"><b>Vodka Kegl Melone Sleeve 1 Lt</b></a></h4>
        <p class="description">Keglevich with Pure Vodka & Pure Fruit con Succo di Melone 1 L</p>
        <p class="right price"><b>16.76 €</b></p>
        <p class="right unitPrice">16.75 € per litre</p>
    </div>
    <div class="contButton">
    <a class="button bgRed white addToCart" href="#">Add</a>
</div>
</div><div class="left product prod55"
        data-name="Vodka Keglevich Sleve Pesca 1 Lt"
        data-price="16.76"
        data-id="5487"
        data-available="yes"
        data-category="2107"
        data-bestselling="">
    <a href="../vodka-keglevich-sleve-pesca-1-lt.html">
        <div style="background-image: url('../../cdn.spesati.com/images/products/000206491/keglevich-with-pure-vodka-pure-fruit-con-succo-di-pesca-1-l-01.png')">
            <div class="hover"></div>
            
            <div class="stickers"></div>
        </div>
    </a>
    <div>
        <h4><a href="../vodka-keglevich-sleve-pesca-1-lt.html"><b>Vodka Keglevich Sleve Pesca 1 Lt</b></a></h4>
        <p class="description">Keglevich with Pure Vodka & Pure Fruit con Succo di Pesca 1 L</p>
        <p class="right price"><b>16.76 €</b></p>
        <p class="right unitPrice">16.75 € per litre</p>
    </div>
    <div class="contButton">
    <a class="button bgRed white addToCart" href="#">Add</a>
</div>
</div><div class="left product prod56"
        data-name="Vodka Belvedere"
        data-price="42.90"
        data-id="3705"
        data-available="yes"
        data-category="2107"
        data-bestselling="">
    <a href="../vodka-belvedere.html">
        <div style="background-image: url('../../cdn.spesati.com/images/products/000206490/vodka-belvedere-70-cl-01.png')">
            <div class="hover"></div>
            
            <div class="stickers"></div>
        </div>
    </a>
    <div>
        <h4><a href="../vodka-belvedere.html"><b>Vodka Belvedere</b></a></h4>
        <p class="description">Vodka Belvedere 70 cl</p>
        <p class="right price"><b>42.90 €</b></p>
        <p class="right unitPrice">61.28 € per litre</p>
    </div>
    <div class="contButton">
    <a class="button bgRed white addToCart" href="#">Add</a>
</div>
</div><div class="left product prod57"
        data-name="Vodka Kegl Fragola Sleeve 1lt"
        data-price="16.76"
        data-id="28533"
        data-available="yes"
        data-category="2107"
        data-bestselling="">
    <a href="../vodka-kegl-fragola-sleeve-1lt.html">
        <div style="background-image: url('../../cdn.spesati.com/images/products/000206489/keglevich-with-pure-vodka-pure-fruit-con-succo-di-fragola-1-l-01.png')">
            <div class="hover"></div>
            
            <div class="stickers"></div>
        </div>
    </a>
    <div>
        <h4><a href="../vodka-kegl-fragola-sleeve-1lt.html"><b>Vodka Kegl Fragola Sleeve 1lt</b></a></h4>
        <p class="description">Keglevich with Pure Vodka & Pure Fruit con Succo di Fragola 1 L</p>
        <p class="right price"><b>16.76 €</b></p>
        <p class="right unitPrice">16.75 € per litre</p>
    </div>
    <div class="contButton">
    <a class="button bgRed white addToCart" href="#">Add</a>
</div>
</div><div class="left product prod58"
        data-name="Vodka Keglevich Fragola"
        data-price="10.90"
        data-id="49"
        data-available="yes"
        data-category="2107"
        data-bestselling="">
    <a href="../vodka-keglevich-fragola.html">
        <div style="background-image: url('../../cdn.spesati.com/images/products/000206488/keglevich-with-pure-vodka-pure-fruit-con-succo-di-fragola-07-l-01.png')">
            <div class="hover"></div>
            
            <div class="stickers"></div>
        </div>
    </a>
    <div>
        <h4><a href="../vodka-keglevich-fragola.html"><b>Vodka Keglevich Fragola</b></a></h4>
        <p class="description">Keglevich with Pure Vodka & Pure Fruit con Succo di Fragola 0,7 L</p>
        <p class="right price"><b>10.90 €</b></p>
        <p class="right unitPrice">15.57 € per litre</p>
    </div>
    <div class="contButton">
    <a class="button bgRed white addToCart" href="#">Add</a>
</div>
</div><div class="left product prod59"
        data-name="Vodka Kegl Guarana' 70cl"
        data-price="12.10"
        data-id="28532"
        data-available="yes"
        data-category="2107"
        data-bestselling="">
    <a href="../vodka-kegl-guarana-70cl.html">
        <div style="background-image: url('../../cdn.spesati.com/images/products/000206486/keglevich-k-guar-ginseng-guarana-07-l-01.png')">
            <div class="hover"></div>
            
            <div class="stickers"></div>
        </div>
    </a>
    <div>
        <h4><a href="../vodka-kegl-guarana-70cl.html"><b>Vodka Kegl Guarana' 70cl</b></a></h4>
        <p class="description">Keglevich K-Guar Ginseng & Guaranà 0,7 L</p>
        <p class="right price"><b>12.10 €</b></p>
        <p class="right unitPrice">17.29 € per litre</p>
    </div>
    <div class="contButton">
    <a class="button bgRed white addToCart" href="#">Add</a>
</div>
</div><div class="left product prod60"
        data-name="Vodka Keglevich Pesca"
        data-price="10.90"
        data-id="56"
        data-available="yes"
        data-category="2107"
        data-bestselling="">
    <a href="../vodka-keglevich-pesca.html">
        <div style="background-image: url('../../cdn.spesati.com/images/products/000206484/keglevich-with-pure-vodka-pure-fruit-con-succo-di-pesca-07-l-01.png')">
            <div class="hover"></div>
            
            <div class="stickers"></div>
        </div>
    </a>
    <div>
        <h4><a href="../vodka-keglevich-pesca.html"><b>Vodka Keglevich Pesca</b></a></h4>
        <p class="description">Keglevich with Pure Vodka & Pure Fruit con Succo di Pesca 0,7 L</p>
        <p class="right price"><b>10.90 €</b></p>
        <p class="right unitPrice">15.57 € per litre</p>
    </div>
    <div class="contButton">
    <a class="button bgRed white addToCart" href="#">Add</a>
</div>
</div><div class="left product prod61"
        data-name="Vodka Keglevich Melone"
        data-price="10.90"
        data-id="53"
        data-available="yes"
        data-category="2107"
        data-bestselling="">
    <a href="../vodka-keglevich-melone.html">
        <div style="background-image: url('../../cdn.spesati.com/images/products/000206478/keglevich-with-pure-vodka-pure-fruit-con-succo-di-melone-07-l-01.png')">
            <div class="hover"></div>
            
            <div class="stickers"></div>
        </div>
    </a>
    <div>
        <h4><a href="../vodka-keglevich-melone.html"><b>Vodka Keglevich Melone</b></a></h4>
        <p class="description">Keglevich with Pure Vodka & Pure Fruit con Succo di Melone 0,7 L</p>
        <p class="right price"><b>10.90 €</b></p>
        <p class="right unitPrice">15.57 € per litre</p>
    </div>
    <div class="contButton">
    <a class="button bgRed white addToCart" href="#">Add</a>
</div>
</div><div class="left product prod62"
        data-name="Vodka Keglevich Limone"
        data-price="13.10"
        data-id="51"
        data-available="yes"
        data-category="2107"
        data-bestselling="">
    <a href="../vodka-keglevich-limone.html">
        <div style="background-image: url('../../cdn.spesati.com/images/products/000206476/keglevich-with-pure-vodka-pure-fruit-con-succo-di-limone-07-l-01.png')">
            <div class="hover"></div>
            
            <div class="stickers"></div>
        </div>
    </a>
    <div>
        <h4><a href="../vodka-keglevich-limone.html"><b>Vodka Keglevich Limone</b></a></h4>
        <p class="description">Keglevich with Pure Vodka & Pure Fruit con Succo di Limone 0,7 L</p>
        <p class="right price"><b>13.10 €</b></p>
        <p class="right unitPrice">18.70 € per litre</p>
    </div>
    <div class="contButton">
    <a class="button bgRed white addToCart" href="#">Add</a>
</div>
</div><div class="left product prod63"
        data-name="Vodka Wyborowa 1lt"
        data-price="17.23"
        data-id="28528"
        data-available="yes"
        data-category="2107"
        data-bestselling="">
    <a href="../vodka-wyborowa-1lt.html">
        <div style="background-image: url('../../cdn.spesati.com/images/products/000206470/wyborowa-wodka-1-l-01.png')">
            <div class="hover"></div>
            
            <div class="stickers"></div>
        </div>
    </a>
    <div>
        <h4><a href="../vodka-wyborowa-1lt.html"><b>Vodka Wyborowa 1lt</b></a></h4>
        <p class="description">Wyborowa Wodka 1 L</p>
        <p class="right price"><b>17.23 €</b></p>
        <p class="right unitPrice">17.24 € per litre</p>
    </div>
    <div class="contButton">
    <a class="button bgRed white addToCart" href="#">Add</a>
</div>
</div><div class="left product prod64"
        data-name="Tequila Jose Cuervo Silver 1lt"
        data-price="30.15"
        data-id="28517"
        data-available="yes"
        data-category="2220"
        data-bestselling="">
    <a href="../tequila-jose-cuervo-silver-1lt.html">
        <div style="background-image: url('../../cdn.spesati.com/images/products/000206454/jose-cuervo-especial-silver-tequila-100-cl-01.png')">
            <div class="hover"></div>
            
            <div class="stickers"></div>
        </div>
    </a>
    <div>
        <h4><a href="../tequila-jose-cuervo-silver-1lt.html"><b>Tequila Jose Cuervo Silver 1lt</b></a></h4>
        <p class="description">Jose Cuervo Especial Silver Tequila 100 cl</p>
        <p class="right price"><b>30.15 €</b></p>
        <p class="right unitPrice">30.15 € per litre</p>
    </div>
    <div class="contButton">
    <a class="button bgRed white addToCart" href="#">Add</a>
</div>
</div><div class="left product prod65"
        data-name="Vodka Wyborowa 70Cl"
        data-price="11.39"
        data-id="6704"
        data-available="yes"
        data-category="2107"
        data-bestselling="">
    <a href="../vodka-wyborowa-70cl.html">
        <div style="background-image: url('../../cdn.spesati.com/images/products/000206452/wyborowa-vodka-700-ml-01.png')">
            <div class="hover"></div>
            
            <div class="stickers"></div>
        </div>
    </a>
    <div>
        <h4><a href="../vodka-wyborowa-70cl.html"><b>Vodka Wyborowa 70Cl</b></a></h4>
        <p class="description">Wyborowa Vodka 700 ml</p>
        <p class="right price"><b>11.39 €</b></p>
        <p class="right unitPrice">16.26 € per litre</p>
    </div>
    <div class="contButton">
    <a class="button bgRed white addToCart" href="#">Add</a>
</div>
</div><div class="left product prod66"
        data-name="Vodka Skyy 1 Lt"
        data-price="18.30"
        data-id="28514"
        data-available="yes"
        data-category="2107"
        data-bestselling="">
    <a href="../vodka-skyy-1-lt.html">
        <div style="background-image: url('../../cdn.spesati.com/images/products/000206440/skyy-vodka-100-cl-01.png')">
            <div class="hover"></div>
            
            <div class="stickers"></div>
        </div>
    </a>
    <div>
        <h4><a href="../vodka-skyy-1-lt.html"><b>Vodka Skyy 1 Lt</b></a></h4>
        <p class="description">Skyy Vodka 100 cl</p>
        <p class="right price"><b>18.30 €</b></p>
        <p class="right unitPrice">18.30 € per litre</p>
    </div>
    <div class="contButton">
    <a class="button bgRed white addToCart" href="#">Add</a>
</div>
</div><div class="left product prod67"
        data-name="Vodka Keglevich Menta"
        data-price="10.90"
        data-id="54"
        data-available="yes"
        data-category="2107"
        data-bestselling="">
    <a href="../vodka-keglevich-menta.html">
        <div style="background-image: url('../../cdn.spesati.com/images/products/000206436/keglevich-with-pure-vodka-pure-taste-menta-07-l-01.png')">
            <div class="hover"></div>
            
            <div class="stickers"></div>
        </div>
    </a>
    <div>
        <h4><a href="../vodka-keglevich-menta.html"><b>Vodka Keglevich Menta</b></a></h4>
        <p class="description">Keglevich with Pure Vodka & Pure Taste Menta 0,7 L</p>
        <p class="right price"><b>10.90 €</b></p>
        <p class="right unitPrice">15.57 € per litre</p>
    </div>
    <div class="contButton">
    <a class="button bgRed white addToCart" href="#">Add</a>
</div>
</div><div class="left product prod68"
        data-name="Vodka Absolut 1lt"
        data-price="19.90"
        data-id="28513"
        data-available="yes"
        data-category="2107"
        data-bestselling="">
    <a href="../vodka-absolut-1lt.html">
        <div style="background-image: url('../../cdn.spesati.com/images/products/000206431/absolut-vodka-1-l-01.png')">
            <div class="hover"></div>
            
            <div class="stickers"></div>
        </div>
    </a>
    <div>
        <h4><a href="../vodka-absolut-1lt.html"><b>Vodka Absolut 1lt</b></a></h4>
        <p class="description">Absolut Vodka 1 L</p>
        <p class="right price"><b>19.90 €</b></p>
        <p class="right unitPrice">19.90 € per litre</p>
    </div>
    <div class="contButton">
    <a class="button bgRed white addToCart" href="#">Add</a>
</div>
</div><div class="left product prod69"
        data-name="Vodka Absolut"
        data-price="15.50"
        data-id="3654"
        data-available="yes"
        data-category="2107"
        data-bestselling="">
    <a href="../vodka-absolut.html">
        <div style="background-image: url('../../cdn.spesati.com/images/products/000206430/absolut-vodka-700-ml-01.png')">
            <div class="hover"></div>
            
            <div class="stickers"></div>
        </div>
    </a>
    <div>
        <h4><a href="../vodka-absolut.html"><b>Vodka Absolut</b></a></h4>
        <p class="description">Absolut Vodka 700 ml</p>
        <p class="right price"><b>15.50 €</b></p>
        <p class="right unitPrice">22.14 € per litre</p>
    </div>
    <div class="contButton">
    <a class="button bgRed white addToCart" href="#">Add</a>
</div>
</div><div class="left product prod70"
        data-name="Grappa Maschio P.uve Nere Cl70"
        data-price="39.29"
        data-id="28512"
        data-available="yes"
        data-category="2933"
        data-bestselling="">
    <a href="../grappa-maschio-puve-nere-cl70.html">
        <div style="background-image: url('../../cdn.spesati.com/images/products/000206429/bonaventura-maschio-prime-uve-nere-0-70-l-01.png')">
            <div class="hover"></div>
            
            <div class="stickers"></div>
        </div>
    </a>
    <div>
        <h4><a href="../grappa-maschio-puve-nere-cl70.html"><b>Grappa Maschio P.uve Nere Cl70</b></a></h4>
        <p class="description">Bonaventura Maschio Prime Uve Nere 0,70 l</p>
        <p class="right price"><b>39.29 €</b></p>
        <p class="right unitPrice">56.13 € per litre</p>
    </div>
    <div class="contButton">
    <a class="button bgRed white addToCart" href="#">Add</a>
</div>
</div><div class="left product prod71"
        data-name="Gin Gordon's 1 Lt"
        data-price="21.33"
        data-id="28504"
        data-available="yes"
        data-category="1671"
        data-bestselling="">
    <a href="../gin-gordons-1-lt.html">
        <div style="background-image: url('../../cdn.spesati.com/images/products/000206420/gordons-london-dry-gin-1-l-01.png')">
            <div class="hover"></div>
            
            <div class="stickers"></div>
        </div>
    </a>
    <div>
        <h4><a href="../gin-gordons-1-lt.html"><b>Gin Gordon's 1 Lt</b></a></h4>
        <p class="description">Gordon's London Dry Gin 1 L</p>
        <p class="right price"><b>21.33 €</b></p>
        <p class="right unitPrice">21.33 € per litre</p>
    </div>
    <div class="contButton">
    <a class="button bgRed white addToCart" href="#">Add</a>
</div>
</div><div class="left product prod72"
        data-name="Rum Kraken 70 Cl"
        data-price="22.90"
        data-id="28491"
        data-available="yes"
        data-category="2605"
        data-bestselling="">
    <a href="../rum-kraken-70-cl.html">
        <div style="background-image: url('../../cdn.spesati.com/images/products/000206407/the-kraken-black-spiced-700-ml-01.png')">
            <div class="hover"></div>
            
            <div class="stickers"></div>
        </div>
    </a>
    <div>
        <h4><a href="../rum-kraken-70-cl.html"><b>Rum Kraken 70 Cl</b></a></h4>
        <p class="description">The Kraken Black Spiced 700 ml</p>
        <p class="right price"><b>22.90 €</b></p>
        <p class="right unitPrice">32.71 € per litre</p>
    </div>
    <div class="contButton">
    <a class="button bgRed white addToCart" href="#">Add</a>
</div>
</div><div class="left product prod73"
        data-name="Vodka Keglevich 1 Lt Stock Cla"
        data-price="16.57"
        data-id="28490"
        data-available="yes"
        data-category="2107"
        data-bestselling="">
    <a href="../vodka-keglevich-1-lt-stock-cla.html">
        <div style="background-image: url('../../cdn.spesati.com/images/products/000206406/keglevich-1-l-01.png')">
            <div class="hover"></div>
            
            <div class="stickers"></div>
        </div>
    </a>
    <div>
        <h4><a href="../vodka-keglevich-1-lt-stock-cla.html"><b>Vodka Keglevich 1 Lt Stock Cla</b></a></h4>
        <p class="description">Keglevich 1 L</p>
        <p class="right price"><b>16.57 €</b></p>
        <p class="right unitPrice">16.57 € per litre</p>
    </div>
    <div class="contButton">
    <a class="button bgRed white addToCart" href="#">Add</a>
</div>
</div><div class="left product prod74"
        data-name="Vodka Keglevich Stock 70cl Cla"
        data-price="10.50"
        data-id="28489"
        data-available="yes"
        data-category="2107"
        data-bestselling="">
    <a href="../vodka-keglevich-stock-70cl-cla.html">
        <div style="background-image: url('../../cdn.spesati.com/images/products/000206405/keglevich-07-l-01.png')">
            <div class="hover"></div>
            
            <div class="stickers"></div>
        </div>
    </a>
    <div>
        <h4><a href="../vodka-keglevich-stock-70cl-cla.html"><b>Vodka Keglevich Stock 70cl Cla</b></a></h4>
        <p class="description">Keglevich 0,7 L</p>
        <p class="right price"><b>10.50 €</b></p>
        <p class="right unitPrice">15.01 € per litre</p>
    </div>
    <div class="contButton">
    <a class="button bgRed white addToCart" href="#">Add</a>
</div>
</div><div class="left product prod75"
        data-name="Grappa Nonino Vendemm Ris 70cl"
        data-price="21.90"
        data-id="28488"
        data-available="yes"
        data-category="2933"
        data-bestselling="">
    <a href="../grappa-nonino-vendemm-ris-70cl.html">
        <div style="background-image: url('../../cdn.spesati.com/images/products/000206401/grappa-nonino-vendemmia-riserva-invecchiata-18-mesi-in-barriques-e-piccole-botti-700-ml-01.png')">
            <div class="hover"></div>
            
            <div class="stickers"></div>
        </div>
    </a>
    <div>
        <h4><a href="../grappa-nonino-vendemm-ris-70cl.html"><b>Grappa Nonino Vendemm Ris 70cl</b></a></h4>
        <p class="description">Grappa Nonino Vendemmia Riserva Invecchiata 18 Mesi in Barriques e Piccole Botti 700 ml</p>
        <p class="right price"><b>21.90 €</b></p>
        <p class="right unitPrice">31.28 € per litre</p>
    </div>
    <div class="contButton">
    <a class="button bgRed white addToCart" href="#">Add</a>
</div>
</div><div class="left product prod76"
        data-name="Grappa Nonino Vendemmia 70cl"
        data-price="25.38"
        data-id="28487"
        data-available="yes"
        data-category="2933"
        data-bestselling="">
    <a href="../grappa-nonino-vendemmia-70cl.html">
        <div style="background-image: url('../../cdn.spesati.com/images/products/000206399/grappa-nonino-vendemmia-700-ml-01.png')">
            <div class="hover"></div>
            
            <div class="stickers"></div>
        </div>
    </a>
    <div>
        <h4><a href="../grappa-nonino-vendemmia-70cl.html"><b>Grappa Nonino Vendemmia 70cl</b></a></h4>
        <p class="description">Grappa Nonino Vendemmia 700 ml</p>
        <p class="right price"><b>25.38 €</b></p>
        <p class="right unitPrice">36.26 € per litre</p>
    </div>
    <div class="contButton">
    <a class="button bgRed white addToCart" href="#">Add</a>
</div>
</div><div class="left product prod77"
        data-name="Gin Beefeater 1lt"
        data-price="24.09"
        data-id="28485"
        data-available="yes"
        data-category="1671"
        data-bestselling="">
    <a href="../gin-beefeater-1lt.html">
        <div style="background-image: url('../../cdn.spesati.com/images/products/000206394/beefeater-london-dry-gin-1-l-01.png')">
            <div class="hover"></div>
            
            <div class="stickers"></div>
        </div>
    </a>
    <div>
        <h4><a href="../gin-beefeater-1lt.html"><b>Gin Beefeater 1lt</b></a></h4>
        <p class="description">Beefeater London Dry Gin 1 L</p>
        <p class="right price"><b>24.09 €</b></p>
        <p class="right unitPrice">24.10 € per litre</p>
    </div>
    <div class="contButton">
    <a class="button bgRed white addToCart" href="#">Add</a>
</div>
</div><div class="left product prod78"
        data-name="Rhum zacapa solera 23 cl.70"
        data-price="74.50"
        data-id="5097"
        data-available="yes"
        data-category="2605"
        data-bestselling="">
    <a href="../rhum-zacapa-solera-23-cl70.html">
        <div style="background-image: url('../../cdn.spesati.com/images/products/000206385/ron-zacapa-centenario-sistema-solera-23-anni-70-cl-01.png')">
            <div class="hover"></div>
            
            <div class="stickers"></div>
        </div>
    </a>
    <div>
        <h4><a href="../rhum-zacapa-solera-23-cl70.html"><b>Rhum zacapa solera 23 cl.70</b></a></h4>
        <p class="description">Ron Zacapa Centenario Sistema Solera 23 Anni 70 cl</p>
        <p class="right price"><b>74.50 €</b></p>
        <p class="right unitPrice">106.43 € per litre</p>
    </div>
    <div class="contButton">
    <a class="button bgRed white addToCart" href="#">Add</a>
</div>
</div><div class="left product prod79"
        data-name="Rhum Bacardi Carta Blanca"
        data-price="14.90"
        data-id="3652"
        data-available="yes"
        data-category="2605"
        data-bestselling="">
    <a href="../rhum-bacardi-carta-blanca.html">
        <div style="background-image: url('../../cdn.spesati.com/images/products/000206375/bacardi-carta-blanca-superior-white-rum-700-ml-01.png')">
            <div class="hover"></div>
            
            <div class="stickers"></div>
        </div>
    </a>
    <div>
        <h4><a href="../rhum-bacardi-carta-blanca.html"><b>Rhum Bacardi Carta Blanca</b></a></h4>
        <p class="description">Bacardi Carta Blanca Superior White Rum 700 ml</p>
        <p class="right price"><b>14.90 €</b></p>
        <p class="right unitPrice">21.29 € per litre</p>
    </div>
    <div class="contButton">
    <a class="button bgRed white addToCart" href="#">Add</a>
</div>
</div><div class="left product prod80"
        data-name="Rhum Pampero Blanco Lt 1"
        data-price="19.56"
        data-id="28476"
        data-available="yes"
        data-category="2605"
        data-bestselling="">
    <a href="../rhum-pampero-blanco-lt-1.html">
        <div style="background-image: url('../../cdn.spesati.com/images/products/000206373/pampero-blanco-ron-anejo-1-l-01.png')">
            <div class="hover"></div>
            
            <div class="stickers"></div>
        </div>
    </a>
    <div>
        <h4><a href="../rhum-pampero-blanco-lt-1.html"><b>Rhum Pampero Blanco Lt 1</b></a></h4>
        <p class="description">Pampero Blanco Ron Añejo 1 L</p>
        <p class="right price"><b>19.56 €</b></p>
        <p class="right unitPrice">19.56 € per litre</p>
    </div>
    <div class="contButton">
    <a class="button bgRed white addToCart" href="#">Add</a>
</div>
</div><div class="left product prod81"
        data-name="Rhum Pampero 100cl Especial"
        data-price="22.42"
        data-id="28475"
        data-available="yes"
        data-category="2605"
        data-bestselling="">
    <a href="../rhum-pampero-100cl-especial.html">
        <div style="background-image: url('../../cdn.spesati.com/images/products/000206372/pampero-especial-ron-anejo-1-l-01.png')">
            <div class="hover"></div>
            
            <div class="stickers"></div>
        </div>
    </a>
    <div>
        <h4><a href="../rhum-pampero-100cl-especial.html"><b>Rhum Pampero 100cl Especial</b></a></h4>
        <p class="description">Pampero Especial Ron Añejo 1 L</p>
        <p class="right price"><b>22.42 €</b></p>
        <p class="right unitPrice">22.42 € per litre</p>
    </div>
    <div class="contButton">
    <a class="button bgRed white addToCart" href="#">Add</a>
</div>
</div><div class="left product prod82"
        data-name="Rhum Pampero Especial 70Cl"
        data-price="12.90"
        data-id="7109"
        data-available="yes"
        data-category="2605"
        data-bestselling="6">
    <a href="../rhum-pampero-especial-70cl.html">
        <div style="background-image: url('../../cdn.spesati.com/images/products/000206371/pampero-especial-70-cl-01.png')">
            <div class="hover"></div>
            <p class="arrow bgRed white">Best Seller</p>
            <div class="stickers"></div>
        </div>
    </a>
    <div>
        <h4><a href="../rhum-pampero-especial-70cl.html"><b>Rhum Pampero Especial 70Cl</b></a></h4>
        <p class="description">Pampero Especial 70 cl</p>
        <p class="right price"><b>12.90 €</b></p>
        <p class="right unitPrice">18.43 € per litre</p>
    </div>
    <div class="contButton">
    <a class="button bgRed white addToCart" href="#">Add</a>
</div>
</div><div class="left product prod83"
        data-name="Rhum Pampero 70cl Aniversario"
        data-price="23.90"
        data-id="28474"
        data-available="yes"
        data-category="2605"
        data-bestselling="">
    <a href="../rhum-pampero-70cl-aniversario.html">
        <div style="background-image: url('../../cdn.spesati.com/images/products/000206370/pampero-aniversario-reserva-exclusiva-ron-de-venezuela-doc-70-cl-01.png')">
            <div class="hover"></div>
            
            <div class="stickers"></div>
        </div>
    </a>
    <div>
        <h4><a href="../rhum-pampero-70cl-aniversario.html"><b>Rhum Pampero 70cl Aniversario</b></a></h4>
        <p class="description">Pampero Aniversario Reserva Exclusiva Ron de Venezuela D.O.C 70 cl</p>
        <p class="right price"><b>23.90 €</b></p>
        <p class="right unitPrice">34.15 € per litre</p>
    </div>
    <div class="contButton">
    <a class="button bgRed white addToCart" href="#">Add</a>
</div>
</div><div class="left product prod84"
        data-name="Rhum Santa Teresa 1796"
        data-price="39.90"
        data-id="28467"
        data-available="yes"
        data-category="2605"
        data-bestselling="">
    <a href="../rhum-santa-teresa-1796.html">
        <div style="background-image: url('../../cdn.spesati.com/images/products/000206356/santa-teresa-1796-solera-rum-venezuela-doc-700-ml-01.png')">
            <div class="hover"></div>
            
            <div class="stickers"></div>
        </div>
    </a>
    <div>
        <h4><a href="../rhum-santa-teresa-1796.html"><b>Rhum Santa Teresa 1796</b></a></h4>
        <p class="description">santa Teresa 1796 Solera Rum Venezuela D.O.C. 700 ml</p>
        <p class="right price"><b>39.90 €</b></p>
        <p class="right unitPrice">57.00 € per litre</p>
    </div>
    <div class="contButton">
    <a class="button bgRed white addToCart" href="#">Add</a>
</div>
</div><div class="left product prod85"
        data-name="Rum Matusalem 7 Anni"
        data-price="30.00"
        data-id="28466"
        data-available="yes"
        data-category="2605"
        data-bestselling="">
    <a href="../rum-matusalem-7-anni.html">
        <div style="background-image: url('../../cdn.spesati.com/images/products/000206355/matusalem-rum-solera-7-blender-70-cl-01.png')">
            <div class="hover"></div>
            
            <div class="stickers"></div>
        </div>
    </a>
    <div>
        <h4><a href="../rum-matusalem-7-anni.html"><b>Rum Matusalem 7 Anni</b></a></h4>
        <p class="description">Matusalem Rum solera 7 blender 70 cl</p>
        <p class="right price"><b>30.00 €</b></p>
        <p class="right unitPrice">42.86 € per litre</p>
    </div>
    <div class="contButton">
    <a class="button bgRed white addToCart" href="#">Add</a>
</div>
</div><div class="left product prod86"
        data-name="Rum Matusalem 15 Anni"
        data-price="41.38"
        data-id="28465"
        data-available="yes"
        data-category="2605"
        data-bestselling="">
    <a href="../rum-matusalem-15-anni.html">
        <div style="background-image: url('../../cdn.spesati.com/images/products/000206354/matusalem-ron-gran-reserva-15-70-cl-01.png')">
            <div class="hover"></div>
            
            <div class="stickers"></div>
        </div>
    </a>
    <div>
        <h4><a href="../rum-matusalem-15-anni.html"><b>Rum Matusalem 15 Anni</b></a></h4>
        <p class="description">Matusalem Ron Gran Reserva 15 70 cl</p>
        <p class="right price"><b>41.38 €</b></p>
        <p class="right unitPrice">59.12 € per litre</p>
    </div>
    <div class="contButton">
    <a class="button bgRed white addToCart" href="#">Add</a>
</div>
</div><div class="left product prod87"
        data-name="Grappa Gentile 70cl Ferrari"
        data-price="18.69"
        data-id="28461"
        data-available="yes"
        data-category="2933"
        data-bestselling="">
    <a href="../grappa-gentile-70cl-ferrari.html">
        <div style="background-image: url('../../cdn.spesati.com/images/products/000206345/segnana-grappa-estrema-70-cl-01.png')">
            <div class="hover"></div>
            
            <div class="stickers"></div>
        </div>
    </a>
    <div>
        <h4><a href="../grappa-gentile-70cl-ferrari.html"><b>Grappa Gentile 70cl Ferrari</b></a></h4>
        <p class="description">Segnana Grappa Estrema 70 cl</p>
        <p class="right price"><b>18.69 €</b></p>
        <p class="right unitPrice">26.71 € per litre</p>
    </div>
    <div class="contButton">
    <a class="button bgRed white addToCart" href="#">Add</a>
</div>
</div><div class="left product prod88"
        data-name="Conf Le Diciot Lune 50cl C-bic"
        data-price="46.07"
        data-id="28460"
        data-available="yes"
        data-category="2933"
        data-bestselling="">
    <a href="../conf-le-diciot-lune-50cl-c-bic.html">
        <div style="background-image: url('../../cdn.spesati.com/images/products/000206343/diciotto-lune-2-bicchieri-50-cl-01.png')">
            <div class="hover"></div>
            
            <div class="stickers"></div>
        </div>
    </a>
    <div>
        <h4><a href="../conf-le-diciot-lune-50cl-c-bic.html"><b>Conf Le Diciot Lune 50cl C-bic</b></a></h4>
        <p class="description">Diciotto Lune + 2 bicchieri 50 cl</p>
        <p class="right price"><b>46.07 €</b></p>
        <p class="right unitPrice">92.13 € per litre</p>
    </div>
    <div class="contButton">
    <a class="button bgRed white addToCart" href="#">Add</a>
</div>
</div><div class="left product prod89"
        data-name="Acquavite Prime Uve Bianche"
        data-price="37.38"
        data-id="3651"
        data-available="yes"
        data-category="2933"
        data-bestselling="">
    <a href="../acquavite-prime-uve-bianche.html">
        <div style="background-image: url('../../cdn.spesati.com/images/products/000206337/bonaventura-maschio-prime-uve-bianche-070-l-01.png')">
            <div class="hover"></div>
            
            <div class="stickers"><img class="left" src="../../cdn.spesati.com/images/layout/sardinian.png" /></div>
        </div>
    </a>
    <div>
        <h4><a href="../acquavite-prime-uve-bianche.html"><b>Acquavite Prime Uve Bianche</b></a></h4>
        <p class="description">Bonaventura Maschio Prime Uve Bianche 0,70 l</p>
        <p class="right price"><b>37.38 €</b></p>
        <p class="right unitPrice">53.40 € per litre</p>
    </div>
    <div class="contButton">
    <a class="button bgRed white addToCart" href="#">Add</a>
</div>
</div><div class="left product prod90"
        data-name="Grappa 903 Barrique 70cl"
        data-price="19.90"
        data-id="28458"
        data-available="yes"
        data-category="2933"
        data-bestselling="">
    <a href="../grappa-903-barrique-70cl.html">
        <div style="background-image: url('../../cdn.spesati.com/images/products/000206336/bonaventura-maschio-la-grappa-903-barrique-070-l-01.png')">
            <div class="hover"></div>
            
            <div class="stickers"></div>
        </div>
    </a>
    <div>
        <h4><a href="../grappa-903-barrique-70cl.html"><b>Grappa 903 Barrique 70cl</b></a></h4>
        <p class="description">Bonaventura Maschio la Grappa 903 Barrique 0,70 l</p>
        <p class="right price"><b>19.90 €</b></p>
        <p class="right unitPrice">28.43 € per litre</p>
    </div>
    <div class="contButton">
    <a class="button bgRed white addToCart" href="#">Add</a>
</div>
</div><div class="left product prod91"
        data-name="Grappa Julia Invecchiata 70cl"
        data-price="14.48"
        data-id="28452"
        data-available="yes"
        data-category="2933"
        data-bestselling="">
    <a href="../grappa-julia-invecchiata-70cl.html">
        <div style="background-image: url('../../cdn.spesati.com/images/products/000206320/grappa-julia-invecchiata-07-l-01.png')">
            <div class="hover"></div>
            
            <div class="stickers"></div>
        </div>
    </a>
    <div>
        <h4><a href="../grappa-julia-invecchiata-70cl.html"><b>Grappa Julia Invecchiata 70cl</b></a></h4>
        <p class="description">Grappa Julia Invecchiata 0,7 l</p>
        <p class="right price"><b>14.48 €</b></p>
        <p class="right unitPrice">20.69 € per litre</p>
    </div>
    <div class="contButton">
    <a class="button bgRed white addToCart" href="#">Add</a>
</div>
</div><div class="left product prod92"
        data-name="Grappa Franciacorta Barric 1lt"
        data-price="21.83"
        data-id="28449"
        data-available="yes"
        data-category="2933"
        data-bestselling="">
    <a href="../grappa-franciacorta-barric-1lt.html">
        <div style="background-image: url('../../cdn.spesati.com/images/products/000206304/distillerie-franciacorta-la-corte-grappa-invecchiata-barricata-12-mesi-100-cl-01.png')">
            <div class="hover"></div>
            
            <div class="stickers"></div>
        </div>
    </a>
    <div>
        <h4><a href="../grappa-franciacorta-barric-1lt.html"><b>Grappa Franciacorta Barric 1lt</b></a></h4>
        <p class="description">Distillerie Franciacorta la Corte Grappa Invecchiata Barricata 12 Mesi 100 cl</p>
        <p class="right price"><b>21.83 €</b></p>
        <p class="right unitPrice">21.84 € per litre</p>
    </div>
    <div class="contButton">
    <a class="button bgRed white addToCart" href="#">Add</a>
</div>
</div><div class="left product prod93"
        data-name="Grappa Franciacorta Bianca 1lt"
        data-price="20.69"
        data-id="28448"
        data-available="yes"
        data-category="2933"
        data-bestselling="">
    <a href="../grappa-franciacorta-bianca-1lt.html">
        <div style="background-image: url('../../cdn.spesati.com/images/products/000206303/distillerie-franciacorta-la-corte-grappa-tradizionale-100-cl-01.png')">
            <div class="hover"></div>
            
            <div class="stickers"></div>
        </div>
    </a>
    <div>
        <h4><a href="../grappa-franciacorta-bianca-1lt.html"><b>Grappa Franciacorta Bianca 1lt</b></a></h4>
        <p class="description">Distillerie Franciacorta la Corte Grappa Tradizionale 100 cl</p>
        <p class="right price"><b>20.69 €</b></p>
        <p class="right unitPrice">20.69 € per litre</p>
    </div>
    <div class="contButton">
    <a class="button bgRed white addToCart" href="#">Add</a>
</div>
</div><div class="left product prod94"
        data-name="Gin Larios 1lt"
        data-price="15.35"
        data-id="28446"
        data-available="yes"
        data-category="1671"
        data-bestselling="">
    <a href="../gin-larios-1lt.html">
        <div style="background-image: url('../../cdn.spesati.com/images/products/000206284/larios-gin-mediterranea-1-l-01.png')">
            <div class="hover"></div>
            
            <div class="stickers"></div>
        </div>
    </a>
    <div>
        <h4><a href="../gin-larios-1lt.html"><b>Gin Larios 1lt</b></a></h4>
        <p class="description">Larios Gin Mediterránea 1 L</p>
        <p class="right price"><b>15.35 €</b></p>
        <p class="right unitPrice">15.35 € per litre</p>
    </div>
    <div class="contButton">
    <a class="button bgRed white addToCart" href="#">Add</a>
</div>
</div><div class="left product prod95"
        data-name="Gin Bombay 1lt"
        data-price="32.10"
        data-id="28444"
        data-available="yes"
        data-category="1671"
        data-bestselling="">
    <a href="../gin-bombay-1lt.html">
        <div style="background-image: url('../../cdn.spesati.com/images/products/000206277/bombay-sapphire-distilled-london-dry-gin-100-cl-01.png')">
            <div class="hover"></div>
            
            <div class="stickers"></div>
        </div>
    </a>
    <div>
        <h4><a href="../gin-bombay-1lt.html"><b>Gin Bombay 1lt</b></a></h4>
        <p class="description">Bombay Sapphire Distilled London Dry Gin 100 cl</p>
        <p class="right price"><b>32.10 €</b></p>
        <p class="right unitPrice">32.10 € per litre</p>
    </div>
    <div class="contButton">
    <a class="button bgRed white addToCart" href="#">Add</a>
</div>
</div><div class="left product prod96"
        data-name="Gin Tanqueray 70 Cl"
        data-price="16.90"
        data-id="5484"
        data-available="yes"
        data-category="1671"
        data-bestselling="">
    <a href="../gin-tanqueray-70-cl.html">
        <div style="background-image: url('../../cdn.spesati.com/images/products/000206276/tanqueray-london-dry-gin-70-cl-01.png')">
            <div class="hover"></div>
            
            <div class="stickers"></div>
        </div>
    </a>
    <div>
        <h4><a href="../gin-tanqueray-70-cl.html"><b>Gin Tanqueray 70 Cl</b></a></h4>
        <p class="description">Tanqueray London Dry Gin 70 cl</p>
        <p class="right price"><b>16.90 €</b></p>
        <p class="right unitPrice">24.14 € per litre</p>
    </div>
    <div class="contButton">
    <a class="button bgRed white addToCart" href="#">Add</a>
</div>
</div><div class="left product prod97"
        data-name="Gin Gordon S 70Cl"
        data-price="11.99"
        data-id="6135"
        data-available="yes"
        data-category="1671"
        data-bestselling="">
    <a href="../gin-gordon-s-70cl.html">
        <div style="background-image: url('../../cdn.spesati.com/images/products/000206275/gordons-london-dry-gin-70-cl-01.png')">
            <div class="hover"></div>
            
            <div class="stickers"></div>
        </div>
    </a>
    <div>
        <h4><a href="../gin-gordon-s-70cl.html"><b>Gin Gordon S 70Cl</b></a></h4>
        <p class="description">Gordon's London Dry Gin 70 cl</p>
        <p class="right price"><b>11.99 €</b></p>
        <p class="right unitPrice">17.13 € per litre</p>
    </div>
    <div class="contButton">
    <a class="button bgRed white addToCart" href="#">Add</a>
</div>
</div><div class="left product prod98"
        data-name="Gin bosford 1lt"
        data-price="19.30"
        data-id="5113"
        data-available="yes"
        data-category="1671"
        data-bestselling="">
    <a href="../gin-bosford-1lt.html">
        <div style="background-image: url('../../cdn.spesati.com/images/products/000206271/bosford-london-dry-gin-1-l-01.png')">
            <div class="hover"></div>
            
            <div class="stickers"></div>
        </div>
    </a>
    <div>
        <h4><a href="../gin-bosford-1lt.html"><b>Gin bosford 1lt</b></a></h4>
        <p class="description">Bosford London Dry Gin 1 L</p>
        <p class="right price"><b>19.30 €</b></p>
        <p class="right unitPrice">19.30 € per litre</p>
    </div>
    <div class="contButton">
    <a class="button bgRed white addToCart" href="#">Add</a>
</div>
</div><div class="left product prod99"
        data-name="Gin Bosford"
        data-price="11.50"
        data-id="3650"
        data-available="yes"
        data-category="1671"
        data-bestselling="">
    <a href="../gin-bosford.html">
        <div style="background-image: url('../../cdn.spesati.com/images/products/000206270/bosford-london-dry-gin-700-ml-01.png')">
            <div class="hover"></div>
            
            <div class="stickers"></div>
        </div>
    </a>
    <div>
        <h4><a href="../gin-bosford.html"><b>Gin Bosford</b></a></h4>
        <p class="description">Bosford London Dry Gin 700 ml</p>
        <p class="right price"><b>11.50 €</b></p>
        <p class="right unitPrice">16.43 € per litre</p>
    </div>
    <div class="contButton">
    <a class="button bgRed white addToCart" href="#">Add</a>
</div>
</div><div class="left product prod100"
        data-name="Whisky Talisker Skye 70cl"
        data-price="41.90"
        data-id="28437"
        data-available="yes"
        data-category="1926"
        data-bestselling="">
    <a href="../whisky-talisker-skye-70cl.html">
        <div style="background-image: url('../../cdn.spesati.com/images/products/000206258/talisker-skye-single-malt-scotch-whisky-70-cl-01.png')">
            <div class="hover"></div>
            
            <div class="stickers"></div>
        </div>
    </a>
    <div>
        <h4><a href="../whisky-talisker-skye-70cl.html"><b>Whisky Talisker Skye 70cl</b></a></h4>
        <p class="description">Talisker Skye Single Malt Scotch Whisky 70 cl</p>
        <p class="right price"><b>41.90 €</b></p>
        <p class="right unitPrice">59.85 € per litre</p>
    </div>
    <div class="contButton">
    <a class="button bgRed white addToCart" href="#">Add</a>
</div>
</div><div class="left product prod101"
        data-name="Tequila Silver Patron 70cl"
        data-price="72.93"
        data-id="28415"
        data-available="yes"
        data-category="2220"
        data-bestselling="">
    <a href="../tequila-silver-patron-70cl.html">
        <div style="background-image: url('../../cdn.spesati.com/images/products/000206231/silver-patron-tequila-100-de-agave-700-ml-01.png')">
            <div class="hover"></div>
            
            <div class="stickers"></div>
        </div>
    </a>
    <div>
        <h4><a href="../tequila-silver-patron-70cl.html"><b>Tequila Silver Patron 70cl</b></a></h4>
        <p class="description">Silver Patrón Tequila 100% de Agave 700 ml</p>
        <p class="right price"><b>72.93 €</b></p>
        <p class="right unitPrice">104.19 € per litre</p>
    </div>
    <div class="contButton">
    <a class="button bgRed white addToCart" href="#">Add</a>
</div>
</div><div class="left product prod102"
        data-name="Brandy Vec.rom. Et.nera 1,5lt"
        data-price="46.94"
        data-id="28407"
        data-available="yes"
        data-category="2364"
        data-bestselling="">
    <a href="../brandy-vecrom-etnera-15lt.html">
        <div style="background-image: url('../../cdn.spesati.com/images/products/000206175/vecchia-romagna-etichetta-nera-1-5-l-01.png')">
            <div class="hover"></div>
            
            <div class="stickers"></div>
        </div>
    </a>
    <div>
        <h4><a href="../brandy-vecrom-etnera-15lt.html"><b>Brandy Vec.rom. Et.nera 1,5lt</b></a></h4>
        <p class="description">Vecchia Romagna Etichetta Nera 1,5 L</p>
        <p class="right price"><b>46.94 €</b></p>
        <p class="right unitPrice">31.29 € per litre</p>
    </div>
    <div class="contButton">
    <a class="button bgRed white addToCart" href="#">Add</a>
</div>
</div><div class="left product prod103"
        data-name="Brandy Vecch.rom. Et.nera 70cl"
        data-price="16.50"
        data-id="28405"
        data-available="yes"
        data-category="2364"
        data-bestselling="">
    <a href="../brandy-vecchrom-etnera-70cl.html">
        <div style="background-image: url('../../cdn.spesati.com/images/products/000206160/vecchia-romagna-etichetta-nera-70-cl-01.png')">
            <div class="hover"></div>
            
            <div class="stickers"></div>
        </div>
    </a>
    <div>
        <h4><a href="../brandy-vecchrom-etnera-70cl.html"><b>Brandy Vecch.rom. Et.nera 70cl</b></a></h4>
        <p class="description">Vecchia Romagna Etichetta Nera 70 cl</p>
        <p class="right price"><b>16.50 €</b></p>
        <p class="right unitPrice">23.57 € per litre</p>
    </div>
    <div class="contButton">
    <a class="button bgRed white addToCart" href="#">Add</a>
</div>
</div><div class="left product prod104"
        data-name="Brandy Vec.rom. 70cl Tre Botti"
        data-price="43.46"
        data-id="63915"
        data-available="yes"
        data-category="2364"
        data-bestselling="">
    <a href="../brandy-vecrom-70cl-tre-botti.html">
        <div style="background-image: url('../../cdn.spesati.com/images/products/000206157/vecchia-romagna-riserva-tre-botti-70-cl-01.png')">
            <div class="hover"></div>
            
            <div class="stickers"></div>
        </div>
    </a>
    <div>
        <h4><a href="../brandy-vecrom-70cl-tre-botti.html"><b>Brandy Vec.rom. 70cl Tre Botti</b></a></h4>
        <p class="description">Vecchia Romagna Riserva Tre Botti 70 cl</p>
        <p class="right price"><b>43.46 €</b></p>
        <p class="right unitPrice">62.09 € per litre</p>
    </div>
    <div class="contButton">
    <a class="button bgRed white addToCart" href="#">Add</a>
</div>
</div><div class="left product prod105"
        data-name="Brandy Vec.rom. Et.bianca 70cl"
        data-price="13.50"
        data-id="28404"
        data-available="yes"
        data-category="2364"
        data-bestselling="">
    <a href="../brandy-vecrom-etbianca-70cl.html">
        <div style="background-image: url('../../cdn.spesati.com/images/products/000206156/vecchia-romagna-classica-70-cl-01.png')">
            <div class="hover"></div>
            
            <div class="stickers"></div>
        </div>
    </a>
    <div>
        <h4><a href="../brandy-vecrom-etbianca-70cl.html"><b>Brandy Vec.rom. Et.bianca 70cl</b></a></h4>
        <p class="description">Vecchia Romagna Classica 70 cl</p>
        <p class="right price"><b>13.50 €</b></p>
        <p class="right unitPrice">19.29 € per litre</p>
    </div>
    <div class="contButton">
    <a class="button bgRed white addToCart" href="#">Add</a>
</div>
</div><div class="left product prod106"
        data-name="Brandy Stravecchio Branca 70cl"
        data-price="12.39"
        data-id="28402"
        data-available="yes"
        data-category="2364"
        data-bestselling="">
    <a href="../brandy-stravecchio-branca-70cl.html">
        <div style="background-image: url('../../cdn.spesati.com/images/products/000206150/flli-branca-distillerie-stravecchio-branca-brandy-riserva-speciale-70-cl-01.png')">
            <div class="hover"></div>
            
            <div class="stickers"></div>
        </div>
    </a>
    <div>
        <h4><a href="../brandy-stravecchio-branca-70cl.html"><b>Brandy Stravecchio Branca 70cl</b></a></h4>
        <p class="description">Flli Branca Distillerie Stravecchio Branca Brandy Riserva Speciale 70 cl</p>
        <p class="right price"><b>12.39 €</b></p>
        <p class="right unitPrice">17.70 € per litre</p>
    </div>
    <div class="contButton">
    <a class="button bgRed white addToCart" href="#">Add</a>
</div>
</div><div class="left product prod107"
        data-name="Brandy Stock 84 Xo 70cl"
        data-price="18.30"
        data-id="28398"
        data-available="yes"
        data-category="2364"
        data-bestselling="">
    <a href="../brandy-stock-84-xo-70cl.html">
        <div style="background-image: url('../../cdn.spesati.com/images/products/000206125/stock-84-xo-07-l-01.png')">
            <div class="hover"></div>
            
            <div class="stickers"></div>
        </div>
    </a>
    <div>
        <h4><a href="../brandy-stock-84-xo-70cl.html"><b>Brandy Stock 84 Xo 70cl</b></a></h4>
        <p class="description">Stock 84 XO 0,7 L</p>
        <p class="right price"><b>18.30 €</b></p>
        <p class="right unitPrice">26.14 € per litre</p>
    </div>
    <div class="contButton">
    <a class="button bgRed white addToCart" href="#">Add</a>
</div>
</div><div class="left product prod108"
        data-name="Brandy Stock 84 Original 70cl"
        data-price="11.90"
        data-id="28396"
        data-available="yes"
        data-category="2364"
        data-bestselling="">
    <a href="../brandy-stock-84-original-70cl.html">
        <div style="background-image: url('../../cdn.spesati.com/images/products/000206115/stock-84-original-07-l-01.png')">
            <div class="hover"></div>
            
            <div class="stickers"></div>
        </div>
    </a>
    <div>
        <h4><a href="../brandy-stock-84-original-70cl.html"><b>Brandy Stock 84 Original 70cl</b></a></h4>
        <p class="description">Stock 84 Original 0,7 L</p>
        <p class="right price"><b>11.90 €</b></p>
        <p class="right unitPrice">16.99 € per litre</p>
    </div>
    <div class="contButton">
    <a class="button bgRed white addToCart" href="#">Add</a>
</div>
</div><div class="left product prod109"
        data-name="Filu E Ferru Zedda Piras 70Cl"
        data-price="17.34"
        data-id="7107"
        data-available="yes"
        data-category="2933"
        data-bestselling="">
    <a href="../filu-e-ferru-zedda-piras-70cl.html">
        <div style="background-image: url('../../cdn.spesati.com/images/products/000206004/zedda-piras-filu-e-ferru-acquavite-di-vinaccia-70-cl-01.png')">
            <div class="hover"></div>
            
            <div class="stickers"><img class="left" src="../../cdn.spesati.com/images/layout/sardinian.png" /></div>
        </div>
    </a>
    <div>
        <h4><a href="../filu-e-ferru-zedda-piras-70cl.html"><b>Filu E Ferru Zedda Piras 70Cl</b></a></h4>
        <p class="description">Zedda Piras Filu 'e Ferru Acquavite di Vinaccia 70 cl</p>
        <p class="right price"><b>17.34 €</b></p>
        <p class="right unitPrice">24.78 € per litre</p>
    </div>
    <div class="contButton">
    <a class="button bgRed white addToCart" href="#">Add</a>
</div>
</div><div class="left product prod110"
        data-name="Filu E Ferru Silvio Carta 70Cl"
        data-price="10.99"
        data-id="7108"
        data-available="yes"
        data-category="2933"
        data-bestselling="">
    <a href="../filu-e-ferru-silvio-carta-70cl.html">
        <div style="background-image: url('../../cdn.spesati.com/images/products/000206003/silvio-carta-filu-e-ferru-70-cl-01.png')">
            <div class="hover"></div>
            <p class="arrow bgRed white">Offer</p>
            <div class="stickers"><img class="left" src="../../cdn.spesati.com/images/layout/sardinian.png" /></div>
        </div>
    </a>
    <div>
        <h4><a href="../filu-e-ferru-silvio-carta-70cl.html"><b>Filu E Ferru Silvio Carta 70Cl</b></a></h4>
        <p class="description">Silvio Carta Filu' e Ferru 70 cl</p>
        <p class="left offer red">13.90 €</p>
<p class="right price"><b>10.99 €</b></p>
        <p class="right unitPrice">15.70 € per litre</p>
    </div>
    <div class="contButton">
    <a class="button bgRed white addToCart" href="#">Add</a>
</div>
</div><div class="left product prod111"
        data-name="Gin Malfy Arancia 70 Cl"
        data-price="37.21"
        data-id="79727"
        data-available="yes"
        data-category="1671"
        data-bestselling="">
    <a href="../gin-malfy-arancia-70-cl.html">
        <div style="background-image: url('../../cdn.spesati.com/images/products/000205678/malfy-gin-con-arancia-70-cl-01.png')">
            <div class="hover"></div>
            
            <div class="stickers"></div>
        </div>
    </a>
    <div>
        <h4><a href="../gin-malfy-arancia-70-cl.html"><b>Gin Malfy Arancia 70 Cl</b></a></h4>
        <p class="description">Malfy Gin con Arancia 70 CL</p>
        <p class="right price"><b>37.21 €</b></p>
        <p class="right unitPrice">53.17 € per litre</p>
    </div>
    <div class="contButton">
    <a class="button bgRed white addToCart" href="#">Add</a>
</div>
</div><div class="left product prod112"
        data-name="Tanqueray 0.0 Alcool Free 70cl"
        data-price="17.02"
        data-id="87123"
        data-available="yes"
        data-category="1671"
        data-bestselling="">
    <a href="../tanqueray-00-alcool-free-70cl.html">
        <div style="background-image: url('../../cdn.spesati.com/images/products/000205674/tanqueray-alcohol-free-00-70-cl-01.png')">
            <div class="hover"></div>
            
            <div class="stickers"></div>
        </div>
    </a>
    <div>
        <h4><a href="../tanqueray-00-alcool-free-70cl.html"><b>Tanqueray 0.0 Alcool Free 70cl</b></a></h4>
        <p class="description">Tanqueray Alcohol Free 0.0% 70 cl</p>
        <p class="right price"><b>17.02 €</b></p>
        <p class="right unitPrice">24.31 € per litre</p>
    </div>
    <div class="contButton">
    <a class="button bgRed white addToCart" href="#">Add</a>
</div>
</div><div class="left product prod113"
        data-name="Rum Botran Reserva 70cl 15anni"
        data-price="62.58"
        data-id="68229"
        data-available="yes"
        data-category="2605"
        data-bestselling="">
    <a href="../rum-botran-reserva-70cl-15anni.html">
        <div style="background-image: url('../../cdn.spesati.com/images/products/000205553/botran-15-reserva-70-cl-01.png')">
            <div class="hover"></div>
            
            <div class="stickers"></div>
        </div>
    </a>
    <div>
        <h4><a href="../rum-botran-reserva-70cl-15anni.html"><b>Rum Botran Reserva 70cl 15anni</b></a></h4>
        <p class="description">Botran 15 Reserva 70 cl</p>
        <p class="right price"><b>62.58 €</b></p>
        <p class="right unitPrice">89.40 € per litre</p>
    </div>
    <div class="contButton">
    <a class="button bgRed white addToCart" href="#">Add</a>
</div>
</div><div class="left product prod114"
        data-name="Ron Zacapa Xo Cl.70"
        data-price="198.92"
        data-id="28357"
        data-available="yes"
        data-category="2605"
        data-bestselling="">
    <a href="../ron-zacapa-xo-cl70.html">
        <div style="background-image: url('../../cdn.spesati.com/images/products/000205552/ron-zacapa-centenario-xo-70-cl-01.png')">
            <div class="hover"></div>
            
            <div class="stickers"></div>
        </div>
    </a>
    <div>
        <h4><a href="../ron-zacapa-xo-cl70.html"><b>Ron Zacapa Xo Cl.70</b></a></h4>
        <p class="description">Ron Zacapa Centenario XO 70 cl</p>
        <p class="right price"><b>198.92 €</b></p>
        <p class="right unitPrice">284.16 € per litre</p>
    </div>
    <div class="contButton">
    <a class="button bgRed white addToCart" href="#">Add</a>
</div>
</div><div class="left product prod115"
        data-name="Grappa La Trentina Bianca 70c"
        data-price="29.90"
        data-id="28343"
        data-available="yes"
        data-category="2933"
        data-bestselling="">
    <a href="../grappa-la-trentina-bianca-70c.html">
        <div style="background-image: url('../../cdn.spesati.com/images/products/000205448/marzadro-trentina-grappa-tradizionale-giovane-70-cl-01.png')">
            <div class="hover"></div>
            
            <div class="stickers"></div>
        </div>
    </a>
    <div>
        <h4><a href="../grappa-la-trentina-bianca-70c.html"><b>Grappa La Trentina Bianca 70c</b></a></h4>
        <p class="description">Marzadro Trentina Grappa Tradizionale Giovane 70 cl</p>
        <p class="right price"><b>29.90 €</b></p>
        <p class="right unitPrice">42.71 € per litre</p>
    </div>
    <div class="contButton">
    <a class="button bgRed white addToCart" href="#">Add</a>
</div>
</div><div class="left product prod116"
        data-name="Grappa La Trentina Barr.70 Cl"
        data-price="29.73"
        data-id="28342"
        data-available="yes"
        data-category="2933"
        data-bestselling="">
    <a href="../grappa-la-trentina-barr70-cl.html">
        <div style="background-image: url('../../cdn.spesati.com/images/products/000205447/marzadro-trentina-grappa-barrique-morbida-70-cl-01.png')">
            <div class="hover"></div>
            
            <div class="stickers"></div>
        </div>
    </a>
    <div>
        <h4><a href="../grappa-la-trentina-barr70-cl.html"><b>Grappa La Trentina Barr.70 Cl</b></a></h4>
        <p class="description">Marzadro Trentina Grappa Barrique Morbida 70 cl</p>
        <p class="right price"><b>29.73 €</b></p>
        <p class="right unitPrice">42.47 € per litre</p>
    </div>
    <div class="contButton">
    <a class="button bgRed white addToCart" href="#">Add</a>
</div>
</div><div class="left product prod117"
        data-name="Liq.sheridans 50cl"
        data-price="14.90"
        data-id="28331"
        data-available="yes"
        data-category="2933"
        data-bestselling="">
    <a href="../liqsheridans-50cl.html">
        <div style="background-image: url('../../cdn.spesati.com/images/products/000205416/sheridans-coffee-layered-liqueur-500-ml-01.png')">
            <div class="hover"></div>
            
            <div class="stickers"></div>
        </div>
    </a>
    <div>
        <h4><a href="../liqsheridans-50cl.html"><b>Liq.sheridans 50cl</b></a></h4>
        <p class="description">Sheridan's Coffee layered liqueur 500 ml</p>
        <p class="right price"><b>14.90 €</b></p>
        <p class="right unitPrice">29.80 € per litre</p>
    </div>
    <div class="contButton">
    <a class="button bgRed white addToCart" href="#">Add</a>
</div>
</div><div class="left product prod118"
        data-name="Sambuca Stock Oro 1 Lt."
        data-price="16.73"
        data-id="5483"
        data-available="yes"
        data-category="2933"
        data-bestselling="">
    <a href="../sambuca-stock-oro-1-lt.html">
        <div style="background-image: url('../../cdn.spesati.com/images/products/000205410/stock-sambuca-1-l-01.png')">
            <div class="hover"></div>
            
            <div class="stickers"></div>
        </div>
    </a>
    <div>
        <h4><a href="../sambuca-stock-oro-1-lt.html"><b>Sambuca Stock Oro 1 Lt.</b></a></h4>
        <p class="description">Stock Sambuca 1 L</p>
        <p class="right price"><b>16.73 €</b></p>
        <p class="right unitPrice">16.73 € per litre</p>
    </div>
    <div class="contButton">
    <a class="button bgRed white addToCart" href="#">Add</a>
</div>
</div><div class="left product prod119"
        data-name="Sambuca Ramazzotti 70Cl"
        data-price="9.90"
        data-id="6858"
        data-available="yes"
        data-category="2933"
        data-bestselling="">
    <a href="../sambuca-ramazzotti-70cl.html">
        <div style="background-image: url('../../cdn.spesati.com/images/products/000205405/ramazzotti-sambuca-70-cl-01.png')">
            <div class="hover"></div>
            
            <div class="stickers"></div>
        </div>
    </a>
    <div>
        <h4><a href="../sambuca-ramazzotti-70cl.html"><b>Sambuca Ramazzotti 70Cl</b></a></h4>
        <p class="description">Ramazzotti Sambuca 70 cl</p>
        <p class="right price"><b>9.90 €</b></p>
        <p class="right unitPrice">14.14 € per litre</p>
    </div>
    <div class="contButton">
    <a class="button bgRed white addToCart" href="#">Add</a>
</div>
</div><div class="left product prod120"
        data-name="Liq Sambuca Molinari 1,5"
        data-price="41.11"
        data-id="28325"
        data-available="yes"
        data-category="2933"
        data-bestselling="">
    <a href="../liq-sambuca-molinari-15.html">
        <div style="background-image: url('../../cdn.spesati.com/images/products/000205392/molinari-sambuca-extra-15-l-01.png')">
            <div class="hover"></div>
            
            <div class="stickers"></div>
        </div>
    </a>
    <div>
        <h4><a href="../liq-sambuca-molinari-15.html"><b>Liq Sambuca Molinari 1,5</b></a></h4>
        <p class="description">Molinari Sambuca extra 1,5 L</p>
        <p class="right price"><b>41.11 €</b></p>
        <p class="right unitPrice">27.41 € per litre</p>
    </div>
    <div class="contButton">
    <a class="button bgRed white addToCart" href="#">Add</a>
</div>
</div><div class="left product prod121"
        data-name="Liq Sambuca Molinari 70cl"
        data-price="14.99"
        data-id="28324"
        data-available="yes"
        data-category="2933"
        data-bestselling="">
    <a href="../liq-sambuca-molinari-70cl.html">
        <div style="background-image: url('../../cdn.spesati.com/images/products/000205390/molinari-sambuca-extra-700-ml-01.png')">
            <div class="hover"></div>
            
            <div class="stickers"></div>
        </div>
    </a>
    <div>
        <h4><a href="../liq-sambuca-molinari-70cl.html"><b>Liq Sambuca Molinari 70cl</b></a></h4>
        <p class="description">Molinari Sambuca extra 700 ml</p>
        <p class="right price"><b>14.99 €</b></p>
        <p class="right unitPrice">21.41 € per litre</p>
    </div>
    <div class="contButton">
    <a class="button bgRed white addToCart" href="#">Add</a>
</div>
</div><div class="left product prod122"
        data-name="Liq Stock Crema Limone 50cl"
        data-price="8.99"
        data-id="28295"
        data-available="yes"
        data-category="2933"
        data-bestselling="">
    <a href="../liq-stock-crema-limone-50cl.html">
        <div style="background-image: url('../../cdn.spesati.com/images/products/000205140/limonce-crema-05-l-01.png')">
            <div class="hover"></div>
            
            <div class="stickers"></div>
        </div>
    </a>
    <div>
        <h4><a href="../liq-stock-crema-limone-50cl.html"><b>Liq Stock Crema Limone 50cl</b></a></h4>
        <p class="description">Limoncè Crema 0,5 l</p>
        <p class="right price"><b>8.99 €</b></p>
        <p class="right unitPrice">17.98 € per litre</p>
    </div>
    <div class="contButton">
    <a class="button bgRed white addToCart" href="#">Add</a>
</div>
</div><div class="left product prod123"
        data-name="Liq. De Kuyper Creme Cacao 70c"
        data-price="16.12"
        data-id="28280"
        data-available="yes"
        data-category="2933"
        data-bestselling="">
    <a href="../liq-de-kuyper-creme-cacao-70c.html">
        <div style="background-image: url('../../cdn.spesati.com/images/products/000205057/de-kuyper-creme-de-cacao-brown-70-cl-01.png')">
            <div class="hover"></div>
            
            <div class="stickers"></div>
        </div>
    </a>
    <div>
        <h4><a href="../liq-de-kuyper-creme-cacao-70c.html"><b>Liq. De Kuyper Creme Cacao 70c</b></a></h4>
        <p class="description">De Kuyper Crème de Cacao Brown 70 cl</p>
        <p class="right price"><b>16.12 €</b></p>
        <p class="right unitPrice">23.02 € per litre</p>
    </div>
    <div class="contButton">
    <a class="button bgRed white addToCart" href="#">Add</a>
</div>
</div><div class="left product prod124"
        data-name="Liq. De Kuyper Menta V. 70cl"
        data-price="16.12"
        data-id="28277"
        data-available="yes"
        data-category="2933"
        data-bestselling="">
    <a href="../liq-de-kuyper-menta-v-70cl.html">
        <div style="background-image: url('../../cdn.spesati.com/images/products/000205053/de-kuyper-creme-de-menthe-green-70-cl-01.png')">
            <div class="hover"></div>
            
            <div class="stickers"></div>
        </div>
    </a>
    <div>
        <h4><a href="../liq-de-kuyper-menta-v-70cl.html"><b>Liq. De Kuyper Menta V. 70cl</b></a></h4>
        <p class="description">De Kuyper Crème de Menthe Green 70 cl</p>
        <p class="right price"><b>16.12 €</b></p>
        <p class="right unitPrice">23.02 € per litre</p>
    </div>
    <div class="contButton">
    <a class="button bgRed white addToCart" href="#">Add</a>
</div>
</div><div class="left product prod125"
        data-name="Liq Bols Crema Cacao Bianc 70c"
        data-price="15.50"
        data-id="28271"
        data-available="yes"
        data-category="2933"
        data-bestselling="">
    <a href="../liq-bols-crema-cacao-bianc-70c.html">
        <div style="background-image: url('../../cdn.spesati.com/images/products/000205041/bols-cacao-white-liqueur-700-ml-01.png')">
            <div class="hover"></div>
            
            <div class="stickers"></div>
        </div>
    </a>
    <div>
        <h4><a href="../liq-bols-crema-cacao-bianc-70c.html"><b>Liq Bols Crema Cacao Bianc 70c</b></a></h4>
        <p class="description">Bols Cacao White Liqueur 700 ml</p>
        <p class="right price"><b>15.50 €</b></p>
        <p class="right unitPrice">22.14 € per litre</p>
    </div>
    <div class="contButton">
    <a class="button bgRed white addToCart" href="#">Add</a>
</div>
</div><div class="left product prod126"
        data-name="Liquore Baileys 100 Cl"
        data-price="26.77"
        data-id="5482"
        data-available="yes"
        data-category="2933"
        data-bestselling="">
    <a href="../liquore-baileys-100-cl.html">
        <div style="background-image: url('../../cdn.spesati.com/images/products/000205037/baileys-the-original-irish-cream-1-l-01.png')">
            <div class="hover"></div>
            
            <div class="stickers"></div>
        </div>
    </a>
    <div>
        <h4><a href="../liquore-baileys-100-cl.html"><b>Liquore Baileys 100 Cl</b></a></h4>
        <p class="description">Baileys The Original Irish Cream 1 L</p>
        <p class="right price"><b>26.77 €</b></p>
        <p class="right unitPrice">267.72 € per litre</p>
    </div>
    <div class="contButton">
    <a class="button bgRed white addToCart" href="#">Add</a>
</div>
</div><div class="left product prod127"
        data-name="Liquore Bayles 70Cl"
        data-price="14.90"
        data-id="4482"
        data-available="yes"
        data-category="2933"
        data-bestselling="">
    <a href="../liquore-bayles-70cl.html">
        <div style="background-image: url('../../cdn.spesati.com/images/products/000205035/baileys-the-original-irish-cream-700-ml-01.png')">
            <div class="hover"></div>
            
            <div class="stickers"></div>
        </div>
    </a>
    <div>
        <h4><a href="../liquore-bayles-70cl.html"><b>Liquore Bayles 70Cl</b></a></h4>
        <p class="description">Baileys The Original Irish Cream 700 ml</p>
        <p class="right price"><b>14.90 €</b></p>
        <p class="right unitPrice">21.29 € per litre</p>
    </div>
    <div class="contButton">
    <a class="button bgRed white addToCart" href="#">Add</a>
</div>
</div><div class="left product prod128"
        data-name="Rhum Barcelo Imperial Astuc 70"
        data-price="34.94"
        data-id="28252"
        data-available="yes"
        data-category="2605"
        data-bestselling="">
    <a href="../rhum-barcelo-imperial-astuc-70.html">
        <div style="background-image: url('../../cdn.spesati.com/images/products/000204157/barcelo-imperial-700-ml-01.png')">
            <div class="hover"></div>
            
            <div class="stickers"></div>
        </div>
    </a>
    <div>
        <h4><a href="../rhum-barcelo-imperial-astuc-70.html"><b>Rhum Barcelo Imperial Astuc 70</b></a></h4>
        <p class="description">Barceló Imperial 700 ml</p>
        <p class="right price"><b>34.94 €</b></p>
        <p class="right unitPrice">49.92 € per litre</p>
    </div>
    <div class="contButton">
    <a class="button bgRed white addToCart" href="#">Add</a>
</div>
</div><div class="left product prod129"
        data-name="Ron Barcelo Gran Anejo 70 Cl"
        data-price="26.93"
        data-id="28250"
        data-available="yes"
        data-category="2605"
        data-bestselling="">
    <a href="../ron-barcelo-gran-anejo-70-cl.html">
        <div style="background-image: url('../../cdn.spesati.com/images/products/000204153/barcelo-gran-anejo-700-ml-01.png')">
            <div class="hover"></div>
            
            <div class="stickers"></div>
        </div>
    </a>
    <div>
        <h4><a href="../ron-barcelo-gran-anejo-70-cl.html"><b>Ron Barcelo Gran Anejo 70 Cl</b></a></h4>
        <p class="description">Barceló Gran Añejo 700 ml</p>
        <p class="right price"><b>26.93 €</b></p>
        <p class="right unitPrice">38.47 € per litre</p>
    </div>
    <div class="contButton">
    <a class="button bgRed white addToCart" href="#">Add</a>
</div>
</div><div class="left product prod130"
        data-name="Sambuca Borghetti Oro 1lt"
        data-price="18.25"
        data-id="28241"
        data-available="yes"
        data-category="2933"
        data-bestselling="">
    <a href="../sambuca-borghetti-oro-1lt.html">
        <div style="background-image: url('../../cdn.spesati.com/images/products/000204127/borghetti-sambuca-100-cl-01.png')">
            <div class="hover"></div>
            
            <div class="stickers"></div>
        </div>
    </a>
    <div>
        <h4><a href="../sambuca-borghetti-oro-1lt.html"><b>Sambuca Borghetti Oro 1lt</b></a></h4>
        <p class="description">Borghetti Sambuca 100 cl</p>
        <p class="right price"><b>18.25 €</b></p>
        <p class="right unitPrice">18.25 € per litre</p>
    </div>
    <div class="contButton">
    <a class="button bgRed white addToCart" href="#">Add</a>
</div>
</div><div class="left product prod131"
        data-name="Gin Gordon's Sicilian Lem 70cl"
        data-price="17.40"
        data-id="68706"
        data-available="yes"
        data-category="1671"
        data-bestselling="">
    <a href="../gin-gordons-sicilian-lem-70cl.html">
        <div style="background-image: url('../../cdn.spesati.com/images/products/000204107/gordons-sicilian-lemon-distilled-gin-70-cl-01.png')">
            <div class="hover"></div>
            
            <div class="stickers"></div>
        </div>
    </a>
    <div>
        <h4><a href="../gin-gordons-sicilian-lem-70cl.html"><b>Gin Gordon's Sicilian Lem 70cl</b></a></h4>
        <p class="description">Gordon's Sicilian Lemon Distilled Gin 70 cl</p>
        <p class="right price"><b>17.40 €</b></p>
        <p class="right unitPrice">24.86 € per litre</p>
    </div>
    <div class="contButton">
    <a class="button bgRed white addToCart" href="#">Add</a>
</div>
</div><div class="left product prod132"
        data-name="Gin Bombay 70cl 40"
        data-price="16.90"
        data-id="35170"
        data-available="yes"
        data-category="1671"
        data-bestselling="">
    <a href="../gin-bombay-70cl-40.html">
        <div style="background-image: url('../../cdn.spesati.com/images/products/000204071/bombay-sapphire-distilled-london-dry-gin-70-cl-01.png')">
            <div class="hover"></div>
            
            <div class="stickers"></div>
        </div>
    </a>
    <div>
        <h4><a href="../gin-bombay-70cl-40.html"><b>Gin Bombay 70cl 40</b></a></h4>
        <p class="description">Bombay Sapphire Distilled London Dry Gin 70 cl</p>
        <p class="right price"><b>16.90 €</b></p>
        <p class="right unitPrice">24.14 € per litre</p>
    </div>
    <div class="contButton">
    <a class="button bgRed white addToCart" href="#">Add</a>
</div>
</div><div class="left product prod133"
        data-name="Whisky Maker S Bourbon 70 Cl"
        data-price="38.85"
        data-id="28228"
        data-available="yes"
        data-category="1926"
        data-bestselling="">
    <a href="../whisky-maker-s-bourbon-70-cl.html">
        <div style="background-image: url('../../cdn.spesati.com/images/products/000204049/makers-mark-whisky-70-cl-01.png')">
            <div class="hover"></div>
            
            <div class="stickers"></div>
        </div>
    </a>
    <div>
        <h4><a href="../whisky-maker-s-bourbon-70-cl.html"><b>Whisky Maker S Bourbon 70 Cl</b></a></h4>
        <p class="description">Maker's Mark Whisky 70 cl</p>
        <p class="right price"><b>38.85 €</b></p>
        <p class="right unitPrice">55.50 € per litre</p>
    </div>
    <div class="contButton">
    <a class="button bgRed white addToCart" href="#">Add</a>
</div>
</div><div class="left product prod134"
        data-name="Whisky Laphroaig Select 70cl"
        data-price="44.19"
        data-id="28226"
        data-available="yes"
        data-category="1926"
        data-bestselling="">
    <a href="../whisky-laphroaig-select-70cl.html">
        <div style="background-image: url('../../cdn.spesati.com/images/products/000204047/laphroaig-select-islay-single-malt-scotch-whisky-70-cl-01.png')">
            <div class="hover"></div>
            
            <div class="stickers"></div>
        </div>
    </a>
    <div>
        <h4><a href="../whisky-laphroaig-select-70cl.html"><b>Whisky Laphroaig Select 70cl</b></a></h4>
        <p class="description">Laphroaig Select Islay Single Malt Scotch Whisky 70 cl</p>
        <p class="right price"><b>44.19 €</b></p>
        <p class="right unitPrice">63.14 € per litre</p>
    </div>
    <div class="contButton">
    <a class="button bgRed white addToCart" href="#">Add</a>
</div>
</div><div class="left product prod135"
        data-name="Gin Bulldog 70cl"
        data-price="32.84"
        data-id="28225"
        data-available="yes"
        data-category="1671"
        data-bestselling="">
    <a href="../gin-bulldog-70cl.html">
        <div style="background-image: url('../../cdn.spesati.com/images/products/000204046/bulldog-london-dry-gin-70-cl-01.png')">
            <div class="hover"></div>
            
            <div class="stickers"></div>
        </div>
    </a>
    <div>
        <h4><a href="../gin-bulldog-70cl.html"><b>Gin Bulldog 70cl</b></a></h4>
        <p class="description">Bulldog London Dry Gin 70 cl</p>
        <p class="right price"><b>32.84 €</b></p>
        <p class="right unitPrice">46.92 € per litre</p>
    </div>
    <div class="contButton">
    <a class="button bgRed white addToCart" href="#">Add</a>
</div>
</div><div class="left product prod136"
        data-name="Whisky Woodford Reserve 70cl"
        data-price="53.53"
        data-id="28222"
        data-available="yes"
        data-category="1926"
        data-bestselling="">
    <a href="../whisky-woodford-reserve-70cl.html">
        <div style="background-image: url('../../cdn.spesati.com/images/products/000204043/woodford-reserve-distillers-select-kentucky-straight-bourbon-whiskey-70-cl-01.png')">
            <div class="hover"></div>
            
            <div class="stickers"></div>
        </div>
    </a>
    <div>
        <h4><a href="../whisky-woodford-reserve-70cl.html"><b>Whisky Woodford Reserve 70cl</b></a></h4>
        <p class="description">Woodford Reserve Distiller's Select Kentucky Straight Bourbon Whiskey 70 cl</p>
        <p class="right price"><b>53.53 €</b></p>
        <p class="right unitPrice">76.47 € per litre</p>
    </div>
    <div class="contButton">
    <a class="button bgRed white addToCart" href="#">Add</a>
</div>
</div><div class="left product prod137"
        data-name="Whisky Wild Turkey 81 70cl"
        data-price="35.24"
        data-id="28220"
        data-available="yes"
        data-category="1926"
        data-bestselling="">
    <a href="../whisky-wild-turkey-81-70cl.html">
        <div style="background-image: url('../../cdn.spesati.com/images/products/000204041/wild-turkey-bourbon-whiskey-70-cl-01.png')">
            <div class="hover"></div>
            
            <div class="stickers"></div>
        </div>
    </a>
    <div>
        <h4><a href="../whisky-wild-turkey-81-70cl.html"><b>Whisky Wild Turkey 81 70cl</b></a></h4>
        <p class="description">Wild Turkey Bourbon Whiskey 70 cl</p>
        <p class="right price"><b>35.24 €</b></p>
        <p class="right unitPrice">50.34 € per litre</p>
    </div>
    <div class="contButton">
    <a class="button bgRed white addToCart" href="#">Add</a>
</div>
</div><div class="left product prod138"
        data-name="Gin monkey 47 cl.50"
        data-price="43.50"
        data-id="5071"
        data-available="yes"
        data-category="1671"
        data-bestselling="">
    <a href="../gin-monkey-47-cl50.html">
        <div style="background-image: url('../../cdn.spesati.com/images/products/000204032/monkey-47-schwarzwald-dry-gin-500-ml-01.png')">
            <div class="hover"></div>
            
            <div class="stickers"></div>
        </div>
    </a>
    <div>
        <h4><a href="../gin-monkey-47-cl50.html"><b>Gin monkey 47 cl.50</b></a></h4>
        <p class="description">Monkey 47 Schwarzwald Dry Gin 500 ml</p>
        <p class="right price"><b>43.50 €</b></p>
        <p class="right unitPrice">87.00 € per litre</p>
    </div>
    <div class="contButton">
    <a class="button bgRed white addToCart" href="#">Add</a>
</div>
</div><div class="left product prod139"
        data-name="Gin Tonic Bombay 250ml"
        data-price="2.69"
        data-id="60480"
        data-available="yes"
        data-category="1671"
        data-bestselling="">
    <a href="../gin-tonic-bombay-250ml.html">
        <div style="background-image: url('../../cdn.spesati.com/images/products/000203585/bombay-sapphire-gin-tonic-250-ml-01.png')">
            <div class="hover"></div>
            
            <div class="stickers"></div>
        </div>
    </a>
    <div>
        <h4><a href="../gin-tonic-bombay-250ml.html"><b>Gin Tonic Bombay 250ml</b></a></h4>
        <p class="description">Bombay Sapphire Gin & Tonic 250 ml</p>
        <p class="right price"><b>2.69 €</b></p>
        <p class="right unitPrice">10.76 € per litre</p>
    </div>
    <div class="contButton">
    <a class="button bgRed white addToCart" href="#">Add</a>
</div>
</div><div class="left product prod140"
        data-name="Bacardi Mojito 25cl"
        data-price="2.69"
        data-id="60474"
        data-available="yes"
        data-category="2605"
        data-bestselling="">
    <a href="../bacardi-mojito-25cl.html">
        <div style="background-image: url('../../cdn.spesati.com/images/products/000203583/bacardi-mojito-250-ml-01.png')">
            <div class="hover"></div>
            
            <div class="stickers"></div>
        </div>
    </a>
    <div>
        <h4><a href="../bacardi-mojito-25cl.html"><b>Bacardi Mojito 25cl</b></a></h4>
        <p class="description">Bacardi Mojito 250 ml</p>
        <p class="right price"><b>2.69 €</b></p>
        <p class="right unitPrice">10.76 € per litre</p>
    </div>
    <div class="contButton">
    <a class="button bgRed white addToCart" href="#">Add</a>
</div>
</div><div class="left product prod141"
        data-name="Vodka Beluga Noble 70cl"
        data-price="44.50"
        data-id="28194"
        data-available="yes"
        data-category="2107"
        data-bestselling="">
    <a href="../vodka-beluga-noble-70cl.html">
        <div style="background-image: url('../../cdn.spesati.com/images/products/000203499/beluga-noble-russian-vodka-07-litre-01.png')">
            <div class="hover"></div>
            
            <div class="stickers"></div>
        </div>
    </a>
    <div>
        <h4><a href="../vodka-beluga-noble-70cl.html"><b>Vodka Beluga Noble 70cl</b></a></h4>
        <p class="description">Beluga Noble Russian Vodka 0,7 Litre</p>
        <p class="right price"><b>44.50 €</b></p>
        <p class="right unitPrice">63.57 € per litre</p>
    </div>
    <div class="contButton">
    <a class="button bgRed white addToCart" href="#">Add</a>
</div>
</div><div class="left product prod142"
        data-name="Vodka Grey Goose 70cl"
        data-price="44.90"
        data-id="28081"
        data-available="yes"
        data-category="2107"
        data-bestselling="">
    <a href="../vodka-grey-goose-70cl.html">
        <div style="background-image: url('../../cdn.spesati.com/images/products/000203028/grey-goose-vodka-70-cl-01.png')">
            <div class="hover"></div>
            
            <div class="stickers"></div>
        </div>
    </a>
    <div>
        <h4><a href="../vodka-grey-goose-70cl.html"><b>Vodka Grey Goose 70cl</b></a></h4>
        <p class="description">Grey Goose Vodka 70 cl</p>
        <p class="right price"><b>44.90 €</b></p>
        <p class="right unitPrice">64.15 € per litre</p>
    </div>
    <div class="contButton">
    <a class="button bgRed white addToCart" href="#">Add</a>
</div>
</div><div class="left product prod143"
        data-name="Vodka Eristoff 1l"
        data-price="17.73"
        data-id="28080"
        data-available="yes"
        data-category="2107"
        data-bestselling="">
    <a href="../vodka-eristoff-1l.html">
        <div style="background-image: url('../../cdn.spesati.com/images/products/000203027/eristoff-vodka-1-l-01.png')">
            <div class="hover"></div>
            
            <div class="stickers"></div>
        </div>
    </a>
    <div>
        <h4><a href="../vodka-eristoff-1l.html"><b>Vodka Eristoff 1l</b></a></h4>
        <p class="description">Eristoff Vodka 1 L</p>
        <p class="right price"><b>17.73 €</b></p>
        <p class="right unitPrice">17.74 € per litre</p>
    </div>
    <div class="contButton">
    <a class="button bgRed white addToCart" href="#">Add</a>
</div>
</div><div class="left product prod144"
        data-name="Tequila Jose'cuervo Ambrata 1l"
        data-price="32.73"
        data-id="28047"
        data-available="yes"
        data-category="2220"
        data-bestselling="">
    <a href="../tequila-josecuervo-ambrata-1l.html">
        <div style="background-image: url('../../cdn.spesati.com/images/products/000202915/jose-cuervo-especial-reposado-tequila-100-cl-01.png')">
            <div class="hover"></div>
            
            <div class="stickers"></div>
        </div>
    </a>
    <div>
        <h4><a href="../tequila-josecuervo-ambrata-1l.html"><b>Tequila Jose'cuervo Ambrata 1l</b></a></h4>
        <p class="description">Jose Cuervo Especial Reposado Tequila 100 cl</p>
        <p class="right price"><b>32.73 €</b></p>
        <p class="right unitPrice">32.73 € per litre</p>
    </div>
    <div class="contButton">
    <a class="button bgRed white addToCart" href="#">Add</a>
</div>
</div><div class="left product prod145"
        data-name="Liq.creme De Cassis Bols 70 Cl"
        data-price="15.30"
        data-id="28026"
        data-available="yes"
        data-category="2933"
        data-bestselling="">
    <a href="../liqcreme-de-cassis-bols-70-cl.html">
        <div style="background-image: url('../../cdn.spesati.com/images/products/000202851/bols-creme-de-cassis-700-ml-01.png')">
            <div class="hover"></div>
            
            <div class="stickers"></div>
        </div>
    </a>
    <div>
        <h4><a href="../liqcreme-de-cassis-bols-70-cl.html"><b>Liq.creme De Cassis Bols 70 Cl</b></a></h4>
        <p class="description">Bols Crème de Cassis 700 ml</p>
        <p class="right price"><b>15.30 €</b></p>
        <p class="right unitPrice">21.85 € per litre</p>
    </div>
    <div class="contButton">
    <a class="button bgRed white addToCart" href="#">Add</a>
</div>
</div><div class="left product prod146"
        data-name="Whisky J.walker Blu Label 70cl"
        data-price="277.49"
        data-id="28604"
        data-available="yes"
        data-category="1926"
        data-bestselling="">
    <a href="../whisky-jwalker-blu-label-70cl.html">
        <div style="background-image: url('../../cdn.spesati.com/images/products/missing-image/missing-image.jpg')">
            <div class="hover"></div>
            
            <div class="stickers"></div>
        </div>
    </a>
    <div>
        <h4><a href="../whisky-jwalker-blu-label-70cl.html"><b>Whisky J.walker Blu Label 70cl</b></a></h4>
        <p class="description">0.7 Lt</p>
        <p class="right price"><b>277.49 €</b></p>
        <p class="right unitPrice">396.41 € per litre</p>
    </div>
    <div class="contButton">
    <a class="button bgRed white addToCart" href="#">Add</a>
</div>
</div><div class="left product prod147"
        data-name="Whisky J.walker Gre Label 70cl"
        data-price="74.75"
        data-id="28605"
        data-available="yes"
        data-category="1926"
        data-bestselling="">
    <a href="../whisky-jwalker-gre-label-70cl.html">
        <div style="background-image: url('../../cdn.spesati.com/images/products/missing-image/missing-image.jpg')">
            <div class="hover"></div>
            
            <div class="stickers"></div>
        </div>
    </a>
    <div>
        <h4><a href="../whisky-jwalker-gre-label-70cl.html"><b>Whisky J.walker Gre Label 70cl</b></a></h4>
        <p class="description">0.7 Lt</p>
        <p class="right price"><b>74.75 €</b></p>
        <p class="right unitPrice">106.79 € per litre</p>
    </div>
    <div class="contButton">
    <a class="button bgRed white addToCart" href="#">Add</a>
</div>
</div><div class="left product prod148"
        data-name="Grappa Trexenta Sua Eccell 50c"
        data-price="30.42"
        data-id="28738"
        data-available="yes"
        data-category="2933"
        data-bestselling="">
    <a href="../grappa-trexenta-sua-eccell-50c.html">
        <div style="background-image: url('../../cdn.spesati.com/images/products/missing-image/missing-image.jpg')">
            <div class="hover"></div>
            
            <div class="stickers"></div>
        </div>
    </a>
    <div>
        <h4><a href="../grappa-trexenta-sua-eccell-50c.html"><b>Grappa Trexenta Sua Eccell 50c</b></a></h4>
        <p class="description">0.5 Lt</p>
        <p class="right price"><b>30.42 €</b></p>
        <p class="right unitPrice">60.84 € per litre</p>
    </div>
    <div class="contButton">
    <a class="button bgRed white addToCart" href="#">Add</a>
</div>
</div><div class="left product prod149"
        data-name="Grappa Santadi Baccherina 50cl"
        data-price="37.90"
        data-id="28903"
        data-available="yes"
        data-category="2933"
        data-bestselling="">
    <a href="../grappa-santadi-baccherina-50cl.html">
        <div style="background-image: url('../../cdn.spesati.com/images/products/missing-image/missing-image.jpg')">
            <div class="hover"></div>
            
            <div class="stickers"></div>
        </div>
    </a>
    <div>
        <h4><a href="../grappa-santadi-baccherina-50cl.html"><b>Grappa Santadi Baccherina 50cl</b></a></h4>
        <p class="description">0.5 Lt</p>
        <p class="right price"><b>37.90 €</b></p>
        <p class="right unitPrice">75.80 € per litre</p>
    </div>
    <div class="contButton">
    <a class="button bgRed white addToCart" href="#">Add</a>
</div>
</div><div class="left product prod150"
        data-name="Gin Gordon's 5 Cl Mignon"
        data-price="4.17"
        data-id="29072"
        data-available="yes"
        data-category="1671"
        data-bestselling="">
    <a href="../gin-gordons-5-cl-mignon.html">
        <div style="background-image: url('../../cdn.spesati.com/images/products/missing-image/missing-image.jpg')">
            <div class="hover"></div>
            
            <div class="stickers"></div>
        </div>
    </a>
    <div>
        <h4><a href="../gin-gordons-5-cl-mignon.html"><b>Gin Gordon's 5 Cl Mignon</b></a></h4>
        <p class="description">0.05 Lt</p>
        <p class="right price"><b>4.17 €</b></p>
        <p class="right unitPrice">83.41 € per litre</p>
    </div>
    <div class="contButton">
    <a class="button bgRed white addToCart" href="#">Add</a>
</div>
</div><div class="left product prod151"
        data-name="Grappa Poli Morbida 70 Cl"
        data-price="33.03"
        data-id="29127"
        data-available="yes"
        data-category="2933"
        data-bestselling="">
    <a href="../grappa-poli-morbida-70-cl.html">
        <div style="background-image: url('../../cdn.spesati.com/images/products/missing-image/missing-image.jpg')">
            <div class="hover"></div>
            
            <div class="stickers"></div>
        </div>
    </a>
    <div>
        <h4><a href="../grappa-poli-morbida-70-cl.html"><b>Grappa Poli Morbida 70 Cl</b></a></h4>
        <p class="description">0.7 Lt</p>
        <p class="right price"><b>33.03 €</b></p>
        <p class="right unitPrice">47.19 € per litre</p>
    </div>
    <div class="contButton">
    <a class="button bgRed white addToCart" href="#">Add</a>
</div>
</div><div class="left product prod152"
        data-name="Grappa Poli Aromatica 70 Cl"
        data-price="30.91"
        data-id="29141"
        data-available="yes"
        data-category="2933"
        data-bestselling="">
    <a href="../grappa-poli-aromatica-70-cl.html">
        <div style="background-image: url('../../cdn.spesati.com/images/products/missing-image/missing-image.jpg')">
            <div class="hover"></div>
            
            <div class="stickers"></div>
        </div>
    </a>
    <div>
        <h4><a href="../grappa-poli-aromatica-70-cl.html"><b>Grappa Poli Aromatica 70 Cl</b></a></h4>
        <p class="description">0.7 Lt</p>
        <p class="right price"><b>30.91 €</b></p>
        <p class="right unitPrice">44.15 € per litre</p>
    </div>
    <div class="contButton">
    <a class="button bgRed white addToCart" href="#">Add</a>
</div>
</div><div class="left product prod153"
        data-name="Liquore Grap Poli Miele 50 Cl"
        data-price="21.40"
        data-id="29142"
        data-available="yes"
        data-category="2933"
        data-bestselling="">
    <a href="../liquore-grap-poli-miele-50-cl.html">
        <div style="background-image: url('../../cdn.spesati.com/images/products/missing-image/missing-image.jpg')">
            <div class="hover"></div>
            
            <div class="stickers"></div>
        </div>
    </a>
    <div>
        <h4><a href="../liquore-grap-poli-miele-50-cl.html"><b>Liquore Grap Poli Miele 50 Cl</b></a></h4>
        <p class="description">0.7 Lt</p>
        <p class="right price"><b>21.40 €</b></p>
        <p class="right unitPrice">30.56 € per litre</p>
    </div>
    <div class="contButton">
    <a class="button bgRed white addToCart" href="#">Add</a>
</div>
</div><div class="left product prod154"
        data-name="Gin Sabatini 70 Cl"
        data-price="53.72"
        data-id="29148"
        data-available="yes"
        data-category="1671"
        data-bestselling="">
    <a href="../gin-sabatini-70-cl.html">
        <div style="background-image: url('../../cdn.spesati.com/images/products/missing-image/missing-image.jpg')">
            <div class="hover"></div>
            
            <div class="stickers"></div>
        </div>
    </a>
    <div>
        <h4><a href="../gin-sabatini-70-cl.html"><b>Gin Sabatini 70 Cl</b></a></h4>
        <p class="description">0.7 Lt</p>
        <p class="right price"><b>53.72 €</b></p>
        <p class="right unitPrice">76.74 € per litre</p>
    </div>
    <div class="contButton">
    <a class="button bgRed white addToCart" href="#">Add</a>
</div>
</div><div class="left product prod155"
        data-name="Vodka Grey Goose 1.5 Lt"
        data-price="79.90"
        data-id="29191"
        data-available="yes"
        data-category="2107"
        data-bestselling="">
    <a href="../vodka-grey-goose-15-lt.html">
        <div style="background-image: url('../../cdn.spesati.com/images/products/missing-image/missing-image.jpg')">
            <div class="hover"></div>
            
            <div class="stickers"></div>
        </div>
    </a>
    <div>
        <h4><a href="../vodka-grey-goose-15-lt.html"><b>Vodka Grey Goose 1.5 Lt</b></a></h4>
        <p class="description">1.5 Lt</p>
        <p class="right price"><b>79.90 €</b></p>
        <p class="right unitPrice">53.27 € per litre</p>
    </div>
    <div class="contButton">
    <a class="button bgRed white addToCart" href="#">Add</a>
</div>
</div><div class="left product prod156"
        data-name="Rhum Bacardi Carta Blanca 1 Lt"
        data-price="24.40"
        data-id="28477"
        data-available="yes"
        data-category="2605"
        data-bestselling="">
    <a href="../rhum-bacardi-carta-blanca-1-lt.html">
        <div style="background-image: url('../../cdn.spesati.com/images/products/missing-image/missing-image.jpg')">
            <div class="hover"></div>
            
            <div class="stickers"></div>
        </div>
    </a>
    <div>
        <h4><a href="../rhum-bacardi-carta-blanca-1-lt.html"><b>Rhum Bacardi Carta Blanca 1 Lt</b></a></h4>
        <p class="description">1 Lt</p>
        <p class="right price"><b>24.40 €</b></p>
        <p class="right unitPrice">24.40 € per litre</p>
    </div>
    <div class="contButton">
    <a class="button bgRed white addToCart" href="#">Add</a>
</div>
</div><div class="left product prod157"
        data-name="Tequila Jose'cu 1800 Repo 70cl"
        data-price="58.28"
        data-id="29211"
        data-available="yes"
        data-category="2220"
        data-bestselling="">
    <a href="../tequila-josecu-1800-repo-70cl.html">
        <div style="background-image: url('../../cdn.spesati.com/images/products/missing-image/missing-image.jpg')">
            <div class="hover"></div>
            
            <div class="stickers"></div>
        </div>
    </a>
    <div>
        <h4><a href="../tequila-josecu-1800-repo-70cl.html"><b>Tequila Jose'cu 1800 Repo 70cl</b></a></h4>
        <p class="description">0.7 Lt</p>
        <p class="right price"><b>58.28 €</b></p>
        <p class="right unitPrice">83.25 € per litre</p>
    </div>
    <div class="contButton">
    <a class="button bgRed white addToCart" href="#">Add</a>
</div>
</div><div class="left product prod158"
        data-name="Estr Liq Bert Crema Cacao B"
        data-price="5.23"
        data-id="29215"
        data-available="yes"
        data-category="2933"
        data-bestselling="">
    <a href="../estr-liq-bert-crema-cacao-b.html">
        <div style="background-image: url('../../cdn.spesati.com/images/products/missing-image/missing-image.jpg')">
            <div class="hover"></div>
            
            <div class="stickers"></div>
        </div>
    </a>
    <div>
        <h4><a href="../estr-liq-bert-crema-cacao-b.html"><b>Estr Liq Bert Crema Cacao B</b></a></h4>
        <p class="description">0.02 Lt</p>
        <p class="right price"><b>5.23 €</b></p>
        <p class="right unitPrice">261.32 € per litre</p>
    </div>
    <div class="contButton">
    <a class="button bgRed white addToCart" href="#">Add</a>
</div>
</div><div class="left product prod159"
        data-name="Brandy Grand Reserv Tosco 70cl"
        data-price="7.99"
        data-id="34805"
        data-available="yes"
        data-category="2364"
        data-bestselling="">
    <a href="../brandy-grand-reserv-tosco-70cl.html">
        <div style="background-image: url('../../cdn.spesati.com/images/products/missing-image/missing-image.jpg')">
            <div class="hover"></div>
            
            <div class="stickers"></div>
        </div>
    </a>
    <div>
        <h4><a href="../brandy-grand-reserv-tosco-70cl.html"><b>Brandy Grand Reserv Tosco 70cl</b></a></h4>
        <p class="description">0.7 Lt</p>
        <p class="right price"><b>7.99 €</b></p>
        <p class="right unitPrice">11.42 € per litre</p>
    </div>
    <div class="contButton">
    <a class="button bgRed white addToCart" href="#">Add</a>
</div>
</div><div class="left product prod160"
        data-name="Grappa Di Nepente Bianca 50 Cl"
        data-price="19.90"
        data-id="35184"
        data-available="yes"
        data-category="2933"
        data-bestselling="">
    <a href="../grappa-di-nepente-bianca-50-cl.html">
        <div style="background-image: url('../../cdn.spesati.com/images/products/missing-image/missing-image.jpg')">
            <div class="hover"></div>
            
            <div class="stickers"></div>
        </div>
    </a>
    <div>
        <h4><a href="../grappa-di-nepente-bianca-50-cl.html"><b>Grappa Di Nepente Bianca 50 Cl</b></a></h4>
        <p class="description">0.5 Lt</p>
        <p class="right price"><b>19.90 €</b></p>
        <p class="right unitPrice">39.80 € per litre</p>
    </div>
    <div class="contButton">
    <a class="button bgRed white addToCart" href="#">Add</a>
</div>
</div><div class="left product prod161"
        data-name="Vodka Stolichnaya Elite 70cl"
        data-price="50.41"
        data-id="28519"
        data-available="yes"
        data-category="2107"
        data-bestselling="">
    <a href="../vodka-stolichnaya-elite-70cl.html">
        <div style="background-image: url('../../cdn.spesati.com/images/products/missing-image/missing-image.jpg')">
            <div class="hover"></div>
            
            <div class="stickers"></div>
        </div>
    </a>
    <div>
        <h4><a href="../vodka-stolichnaya-elite-70cl.html"><b>Vodka Stolichnaya Elite 70cl</b></a></h4>
        <p class="description">1 Lt</p>
        <p class="right price"><b>50.41 €</b></p>
        <p class="right unitPrice">50.41 € per litre</p>
    </div>
    <div class="contButton">
    <a class="button bgRed white addToCart" href="#">Add</a>
</div>
</div><div class="left product prod162"
        data-name="Gin London Regent's 1lt 37.5v"
        data-price="13.38"
        data-id="28521"
        data-available="yes"
        data-category="1671"
        data-bestselling="">
    <a href="../gin-london-regents-1lt-375v.html">
        <div style="background-image: url('../../cdn.spesati.com/images/products/missing-image/missing-image.jpg')">
            <div class="hover"></div>
            
            <div class="stickers"></div>
        </div>
    </a>
    <div>
        <h4><a href="../gin-london-regents-1lt-375v.html"><b>Gin London Regent's 1lt 37.5v</b></a></h4>
        <p class="description">1 Lt</p>
        <p class="right price"><b>13.38 €</b></p>
        <p class="right unitPrice">13.38 € per litre</p>
    </div>
    <div class="contButton">
    <a class="button bgRed white addToCart" href="#">Add</a>
</div>
</div><div class="left product prod163"
        data-name="Sambuca Polini 1lt"
        data-price="14.65"
        data-id="62802"
        data-available="yes"
        data-category="2933"
        data-bestselling="">
    <a href="../sambuca-polini-1lt.html">
        <div style="background-image: url('../../cdn.spesati.com/images/products/missing-image/missing-image.jpg')">
            <div class="hover"></div>
            
            <div class="stickers"></div>
        </div>
    </a>
    <div>
        <h4><a href="../sambuca-polini-1lt.html"><b>Sambuca Polini 1lt</b></a></h4>
        <p class="description">1 Lt</p>
        <p class="right price"><b>14.65 €</b></p>
        <p class="right unitPrice">14.65 € per litre</p>
    </div>
    <div class="contButton">
    <a class="button bgRed white addToCart" href="#">Add</a>
</div>
</div><div class="left product prod164"
        data-name="Tequila Silver Acapulco 1lt"
        data-price="18.39"
        data-id="28524"
        data-available="yes"
        data-category="2220"
        data-bestselling="">
    <a href="../tequila-silver-acapulco-1lt.html">
        <div style="background-image: url('../../cdn.spesati.com/images/products/missing-image/missing-image.jpg')">
            <div class="hover"></div>
            
            <div class="stickers"></div>
        </div>
    </a>
    <div>
        <h4><a href="../tequila-silver-acapulco-1lt.html"><b>Tequila Silver Acapulco 1lt</b></a></h4>
        <p class="description">1 Lt</p>
        <p class="right price"><b>18.39 €</b></p>
        <p class="right unitPrice">18.40 € per litre</p>
    </div>
    <div class="contButton">
    <a class="button bgRed white addToCart" href="#">Add</a>
</div>
</div><div class="left product prod165"
        data-name="Grappa Barolina Stravecchia 1l"
        data-price="15.84"
        data-id="28525"
        data-available="yes"
        data-category="2933"
        data-bestselling="">
    <a href="../grappa-barolina-stravecchia-1l.html">
        <div style="background-image: url('../../cdn.spesati.com/images/products/missing-image/missing-image.jpg')">
            <div class="hover"></div>
            
            <div class="stickers"></div>
        </div>
    </a>
    <div>
        <h4><a href="../grappa-barolina-stravecchia-1l.html"><b>Grappa Barolina Stravecchia 1l</b></a></h4>
        <p class="description">1 Lt</p>
        <p class="right price"><b>15.84 €</b></p>
        <p class="right unitPrice">15.84 € per litre</p>
    </div>
    <div class="contButton">
    <a class="button bgRed white addToCart" href="#">Add</a>
</div>
</div><div class="left product prod166"
        data-name="Vodka Class Suvazska 1 Lt"
        data-price="13.19"
        data-id="28526"
        data-available="yes"
        data-category="2107"
        data-bestselling="">
    <a href="../vodka-class-suvazska-1-lt.html">
        <div style="background-image: url('../../cdn.spesati.com/images/products/missing-image/missing-image.jpg')">
            <div class="hover"></div>
            
            <div class="stickers"></div>
        </div>
    </a>
    <div>
        <h4><a href="../vodka-class-suvazska-1-lt.html"><b>Vodka Class Suvazska 1 Lt</b></a></h4>
        <p class="description">1 Lt</p>
        <p class="right price"><b>13.19 €</b></p>
        <p class="right unitPrice">13.19 € per litre</p>
    </div>
    <div class="contButton">
    <a class="button bgRed white addToCart" href="#">Add</a>
</div>
</div><div class="left product prod167"
        data-name="Rum Relicario Sup 10anni 70cl"
        data-price="52.01"
        data-id="67617"
        data-available="yes"
        data-category="2605"
        data-bestselling="">
    <a href="../rum-relicario-sup-10anni-70cl.html">
        <div style="background-image: url('../../cdn.spesati.com/images/products/missing-image/missing-image.jpg')">
            <div class="hover"></div>
            
            <div class="stickers"></div>
        </div>
    </a>
    <div>
        <h4><a href="../rum-relicario-sup-10anni-70cl.html"><b>Rum Relicario Sup 10anni 70cl</b></a></h4>
        <p class="description">0.7 Lt</p>
        <p class="right price"><b>52.01 €</b></p>
        <p class="right unitPrice">74.30 € per litre</p>
    </div>
    <div class="contButton">
    <a class="button bgRed white addToCart" href="#">Add</a>
</div>
</div><div class="left product prod168"
        data-name="Gin Del Profess A.l.madame 70c"
        data-price="65.68"
        data-id="28530"
        data-available="yes"
        data-category="1671"
        data-bestselling="">
    <a href="../gin-del-profess-almadame-70c.html">
        <div style="background-image: url('../../cdn.spesati.com/images/products/missing-image/missing-image.jpg')">
            <div class="hover"></div>
            
            <div class="stickers"></div>
        </div>
    </a>
    <div>
        <h4><a href="../gin-del-profess-almadame-70c.html"><b>Gin Del Profess A.l.madame 70c</b></a></h4>
        <p class="description">0.7 Lt</p>
        <p class="right price"><b>65.68 €</b></p>
        <p class="right unitPrice">93.82 € per litre</p>
    </div>
    <div class="contButton">
    <a class="button bgRed white addToCart" href="#">Add</a>
</div>
</div><div class="left product prod169"
        data-name="Gin Del Profess Monsieur 70cl"
        data-price="61.40"
        data-id="28531"
        data-available="yes"
        data-category="1671"
        data-bestselling="">
    <a href="../gin-del-profess-monsieur-70cl.html">
        <div style="background-image: url('../../cdn.spesati.com/images/products/missing-image/missing-image.jpg')">
            <div class="hover"></div>
            
            <div class="stickers"></div>
        </div>
    </a>
    <div>
        <h4><a href="../gin-del-profess-monsieur-70cl.html"><b>Gin Del Profess Monsieur 70cl</b></a></h4>
        <p class="description">0.7 Lt</p>
        <p class="right price"><b>61.40 €</b></p>
        <p class="right unitPrice">87.72 € per litre</p>
    </div>
    <div class="contButton">
    <a class="button bgRed white addToCart" href="#">Add</a>
</div>
</div><div class="left product prod170"
        data-name="Rhum El Dorado 12 Anni 70cl"
        data-price="51.84"
        data-id="67809"
        data-available="yes"
        data-category="2605"
        data-bestselling="">
    <a href="../rhum-el-dorado-12-anni-70cl.html">
        <div style="background-image: url('../../cdn.spesati.com/images/products/missing-image/missing-image.jpg')">
            <div class="hover"></div>
            
            <div class="stickers"></div>
        </div>
    </a>
    <div>
        <h4><a href="../rhum-el-dorado-12-anni-70cl.html"><b>Rhum El Dorado 12 Anni 70cl</b></a></h4>
        <p class="description">0.7 Lt</p>
        <p class="right price"><b>51.84 €</b></p>
        <p class="right unitPrice">74.05 € per litre</p>
    </div>
    <div class="contButton">
    <a class="button bgRed white addToCart" href="#">Add</a>
</div>
</div><div class="left product prod171"
        data-name="Gin Mare Big Size 1750ml"
        data-price="146.90"
        data-id="67818"
        data-available="yes"
        data-category="1671"
        data-bestselling="">
    <a href="../gin-mare-big-size-1750ml.html">
        <div style="background-image: url('../../cdn.spesati.com/images/products/missing-image/missing-image.jpg')">
            <div class="hover"></div>
            
            <div class="stickers"></div>
        </div>
    </a>
    <div>
        <h4><a href="../gin-mare-big-size-1750ml.html"><b>Gin Mare Big Size 1750ml</b></a></h4>
        <p class="description">1.75 Lt</p>
        <p class="right price"><b>146.90 €</b></p>
        <p class="right unitPrice">83.95 € per litre</p>
    </div>
    <div class="contButton">
    <a class="button bgRed white addToCart" href="#">Add</a>
</div>
</div><div class="left product prod172"
        data-name="Gin Yu Gin 70 Cl"
        data-price="41.71"
        data-id="68697"
        data-available="yes"
        data-category="1671"
        data-bestselling="">
    <a href="../gin-yu-gin-70-cl.html">
        <div style="background-image: url('../../cdn.spesati.com/images/products/missing-image/missing-image.jpg')">
            <div class="hover"></div>
            
            <div class="stickers"></div>
        </div>
    </a>
    <div>
        <h4><a href="../gin-yu-gin-70-cl.html"><b>Gin Yu Gin 70 Cl</b></a></h4>
        <p class="description">0.7 Lt</p>
        <p class="right price"><b>41.71 €</b></p>
        <p class="right unitPrice">59.58 € per litre</p>
    </div>
    <div class="contButton">
    <a class="button bgRed white addToCart" href="#">Add</a>
</div>
</div><div class="left product prod173"
        data-name="Vodka Adras Pure Sardini 70 Cl"
        data-price="38.24"
        data-id="28539"
        data-available="yes"
        data-category="2107"
        data-bestselling="">
    <a href="../vodka-adras-pure-sardini-70-cl.html">
        <div style="background-image: url('../../cdn.spesati.com/images/products/missing-image/missing-image.jpg')">
            <div class="hover"></div>
            
            <div class="stickers"></div>
        </div>
    </a>
    <div>
        <h4><a href="../vodka-adras-pure-sardini-70-cl.html"><b>Vodka Adras Pure Sardini 70 Cl</b></a></h4>
        <p class="description">0.7 Lt</p>
        <p class="right price"><b>38.24 €</b></p>
        <p class="right unitPrice">54.63 € per litre</p>
    </div>
    <div class="contButton">
    <a class="button bgRed white addToCart" href="#">Add</a>
</div>
</div><div class="left product prod174"
        data-name="Gin Nikka Coffey 70cl"
        data-price="56.22"
        data-id="68754"
        data-available="yes"
        data-category="1671"
        data-bestselling="">
    <a href="../gin-nikka-coffey-70cl.html">
        <div style="background-image: url('../../cdn.spesati.com/images/products/missing-image/missing-image.jpg')">
            <div class="hover"></div>
            
            <div class="stickers"></div>
        </div>
    </a>
    <div>
        <h4><a href="../gin-nikka-coffey-70cl.html"><b>Gin Nikka Coffey 70cl</b></a></h4>
        <p class="description">0.7 Lt</p>
        <p class="right price"><b>56.22 €</b></p>
        <p class="right unitPrice">80.31 € per litre</p>
    </div>
    <div class="contButton">
    <a class="button bgRed white addToCart" href="#">Add</a>
</div>
</div><div class="left product prod175"
        data-name="Gin Solo Pure Sardinia 70 Cl"
        data-price="37.90"
        data-id="28542"
        data-available="yes"
        data-category="1671"
        data-bestselling="">
    <a href="../gin-solo-pure-sardinia-70-cl.html">
        <div style="background-image: url('../../cdn.spesati.com/images/products/missing-image/missing-image.jpg')">
            <div class="hover"></div>
            
            <div class="stickers"></div>
        </div>
    </a>
    <div>
        <h4><a href="../gin-solo-pure-sardinia-70-cl.html"><b>Gin Solo Pure Sardinia 70 Cl</b></a></h4>
        <p class="description">0.7 Lt</p>
        <p class="right price"><b>37.90 €</b></p>
        <p class="right unitPrice">54.14 € per litre</p>
    </div>
    <div class="contButton">
    <a class="button bgRed white addToCart" href="#">Add</a>
</div>
</div><div class="left product prod176"
        data-name="Rum Brugal 1888 70cl"
        data-price="53.35"
        data-id="68760"
        data-available="yes"
        data-category="2605"
        data-bestselling="">
    <a href="../rum-brugal-1888-70cl.html">
        <div style="background-image: url('../../cdn.spesati.com/images/products/missing-image/missing-image.jpg')">
            <div class="hover"></div>
            
            <div class="stickers"></div>
        </div>
    </a>
    <div>
        <h4><a href="../rum-brugal-1888-70cl.html"><b>Rum Brugal 1888 70cl</b></a></h4>
        <p class="description">0.7 Lt</p>
        <p class="right price"><b>53.35 €</b></p>
        <p class="right unitPrice">76.21 € per litre</p>
    </div>
    <div class="contButton">
    <a class="button bgRed white addToCart" href="#">Add</a>
</div>
</div><div class="left product prod177"
        data-name="Grappa Di Chardonnay 70 Cl"
        data-price="38.43"
        data-id="28544"
        data-available="yes"
        data-category="2933"
        data-bestselling="">
    <a href="../grappa-di-chardonnay-70-cl.html">
        <div style="background-image: url('../../cdn.spesati.com/images/products/missing-image/missing-image.jpg')">
            <div class="hover"></div>
            
            <div class="stickers"></div>
        </div>
    </a>
    <div>
        <h4><a href="../grappa-di-chardonnay-70-cl.html"><b>Grappa Di Chardonnay 70 Cl</b></a></h4>
        <p class="description">0.7 Lt</p>
        <p class="right price"><b>38.43 €</b></p>
        <p class="right unitPrice">54.90 € per litre</p>
    </div>
    <div class="contButton">
    <a class="button bgRed white addToCart" href="#">Add</a>
</div>
</div><div class="left product prod178"
        data-name="Gin Plymouth 70 Cl"
        data-price="28.53"
        data-id="28548"
        data-available="yes"
        data-category="1671"
        data-bestselling="">
    <a href="../gin-plymouth-70-cl.html">
        <div style="background-image: url('../../cdn.spesati.com/images/products/missing-image/missing-image.jpg')">
            <div class="hover"></div>
            
            <div class="stickers"></div>
        </div>
    </a>
    <div>
        <h4><a href="../gin-plymouth-70-cl.html"><b>Gin Plymouth 70 Cl</b></a></h4>
        <p class="description">0.7 Lt</p>
        <p class="right price"><b>28.53 €</b></p>
        <p class="right unitPrice">40.76 € per litre</p>
    </div>
    <div class="contButton">
    <a class="button bgRed white addToCart" href="#">Add</a>
</div>
</div><div class="left product prod179"
        data-name="Gin Marconi 46 Dry Gin 70cl"
        data-price="40.68"
        data-id="69000"
        data-available="yes"
        data-category="1671"
        data-bestselling="">
    <a href="../gin-marconi-46-dry-gin-70cl.html">
        <div style="background-image: url('../../cdn.spesati.com/images/products/missing-image/missing-image.jpg')">
            <div class="hover"></div>
            
            <div class="stickers"></div>
        </div>
    </a>
    <div>
        <h4><a href="../gin-marconi-46-dry-gin-70cl.html"><b>Gin Marconi 46 Dry Gin 70cl</b></a></h4>
        <p class="description">0.7 Lt</p>
        <p class="right price"><b>40.68 €</b></p>
        <p class="right unitPrice">58.11 € per litre</p>
    </div>
    <div class="contButton">
    <a class="button bgRed white addToCart" href="#">Add</a>
</div>
</div><div class="left product prod180"
        data-name="Whisky Chivas Royal Salute 21a"
        data-price="163.73"
        data-id="28551"
        data-available="yes"
        data-category="1926"
        data-bestselling="">
    <a href="../whisky-chivas-royal-salute-21a.html">
        <div style="background-image: url('../../cdn.spesati.com/images/products/missing-image/missing-image.jpg')">
            <div class="hover"></div>
            
            <div class="stickers"></div>
        </div>
    </a>
    <div>
        <h4><a href="../whisky-chivas-royal-salute-21a.html"><b>Whisky Chivas Royal Salute 21a</b></a></h4>
        <p class="description">0.7 Lt</p>
        <p class="right price"><b>163.73 €</b></p>
        <p class="right unitPrice">233.90 € per litre</p>
    </div>
    <div class="contButton">
    <a class="button bgRed white addToCart" href="#">Add</a>
</div>
</div><div class="left product prod181"
        data-name="Liquore Pistacchio Rdg 50cl"
        data-price="10.99"
        data-id="69822"
        data-available="yes"
        data-category="2933"
        data-bestselling="">
    <a href="../liquore-pistacchio-rdg-50cl.html">
        <div style="background-image: url('../../cdn.spesati.com/images/products/missing-image/missing-image.jpg')">
            <div class="hover"></div>
            
            <div class="stickers"></div>
        </div>
    </a>
    <div>
        <h4><a href="../liquore-pistacchio-rdg-50cl.html"><b>Liquore Pistacchio Rdg 50cl</b></a></h4>
        <p class="description">0.5 Lt</p>
        <p class="right price"><b>10.99 €</b></p>
        <p class="right unitPrice">21.98 € per litre</p>
    </div>
    <div class="contButton">
    <a class="button bgRed white addToCart" href="#">Add</a>
</div>
</div><div class="left product prod182"
        data-name="Liquore Cioccolato Rdg 50cl"
        data-price="10.99"
        data-id="69825"
        data-available="yes"
        data-category="2933"
        data-bestselling="">
    <a href="../liquore-cioccolato-rdg-50cl.html">
        <div style="background-image: url('../../cdn.spesati.com/images/products/missing-image/missing-image.jpg')">
            <div class="hover"></div>
            
            <div class="stickers"></div>
        </div>
    </a>
    <div>
        <h4><a href="../liquore-cioccolato-rdg-50cl.html"><b>Liquore Cioccolato Rdg 50cl</b></a></h4>
        <p class="description">0.5 Lt</p>
        <p class="right price"><b>10.99 €</b></p>
        <p class="right unitPrice">21.98 € per litre</p>
    </div>
    <div class="contButton">
    <a class="button bgRed white addToCart" href="#">Add</a>
</div>
</div><div class="left product prod183"
        data-name="Gin Bombay Glass 70cl"
        data-price="21.90"
        data-id="71566"
        data-available="yes"
        data-category="1671"
        data-bestselling="">
    <a href="../gin-bombay-glass-70cl.html">
        <div style="background-image: url('../../cdn.spesati.com/images/products/missing-image/missing-image.jpg')">
            <div class="hover"></div>
            
            <div class="stickers"></div>
        </div>
    </a>
    <div>
        <h4><a href="../gin-bombay-glass-70cl.html"><b>Gin Bombay Glass 70cl</b></a></h4>
        <p class="description">0.7 Lt</p>
        <p class="right price"><b>21.90 €</b></p>
        <p class="right unitPrice">31.28 € per litre</p>
    </div>
    <div class="contButton">
    <a class="button bgRed white addToCart" href="#">Add</a>
</div>
</div><div class="left product prod184"
        data-name="Gin Alkemist 70 Cl"
        data-price="55.31"
        data-id="71785"
        data-available="yes"
        data-category="1671"
        data-bestselling="">
    <a href="../gin-alkemist-70-cl.html">
        <div style="background-image: url('../../cdn.spesati.com/images/products/missing-image/missing-image.jpg')">
            <div class="hover"></div>
            
            <div class="stickers"></div>
        </div>
    </a>
    <div>
        <h4><a href="../gin-alkemist-70-cl.html"><b>Gin Alkemist 70 Cl</b></a></h4>
        <p class="description">0.7 Lt</p>
        <p class="right price"><b>55.31 €</b></p>
        <p class="right unitPrice">79.01 € per litre</p>
    </div>
    <div class="contButton">
    <a class="button bgRed white addToCart" href="#">Add</a>
</div>
</div><div class="left product prod185"
        data-name="Whisky Glenmorangie Nectar D'o"
        data-price="113.00"
        data-id="28562"
        data-available="yes"
        data-category="1926"
        data-bestselling="">
    <a href="../whisky-glenmorangie-nectar-do.html">
        <div style="background-image: url('../../cdn.spesati.com/images/products/missing-image/missing-image.jpg')">
            <div class="hover"></div>
            
            <div class="stickers"></div>
        </div>
    </a>
    <div>
        <h4><a href="../whisky-glenmorangie-nectar-do.html"><b>Whisky Glenmorangie Nectar D'o</b></a></h4>
        <p class="description">0.7 Lt</p>
        <p class="right price"><b>113.00 €</b></p>
        <p class="right unitPrice">161.43 € per litre</p>
    </div>
    <div class="contButton">
    <a class="button bgRed white addToCart" href="#">Add</a>
</div>
</div><div class="left product prod186"
        data-name="Vodka Mamont 70 Cl"
        data-price="52.15"
        data-id="71812"
        data-available="yes"
        data-category="2107"
        data-bestselling="">
    <a href="../vodka-mamont-70-cl.html">
        <div style="background-image: url('../../cdn.spesati.com/images/products/missing-image/missing-image.jpg')">
            <div class="hover"></div>
            
            <div class="stickers"></div>
        </div>
    </a>
    <div>
        <h4><a href="../vodka-mamont-70-cl.html"><b>Vodka Mamont 70 Cl</b></a></h4>
        <p class="description">0.7 Lt</p>
        <p class="right price"><b>52.15 €</b></p>
        <p class="right unitPrice">74.51 € per litre</p>
    </div>
    <div class="contButton">
    <a class="button bgRed white addToCart" href="#">Add</a>
</div>
</div><div class="left product prod187"
        data-name="Gin London Dry N3 70 Cl"
        data-price="54.33"
        data-id="28566"
        data-available="yes"
        data-category="1671"
        data-bestselling="">
    <a href="../gin-london-dry-n3-70-cl.html">
        <div style="background-image: url('../../cdn.spesati.com/images/products/missing-image/missing-image.jpg')">
            <div class="hover"></div>
            
            <div class="stickers"></div>
        </div>
    </a>
    <div>
        <h4><a href="../gin-london-dry-n3-70-cl.html"><b>Gin London Dry N3 70 Cl</b></a></h4>
        <p class="description">0.7 Lt</p>
        <p class="right price"><b>54.33 €</b></p>
        <p class="right unitPrice">77.62 € per litre</p>
    </div>
    <div class="contButton">
    <a class="button bgRed white addToCart" href="#">Add</a>
</div>
</div><div class="left product prod188"
        data-name="Rum Kraken 70 Cl + Candela"
        data-price="34.42"
        data-id="71907"
        data-available="yes"
        data-category="2605"
        data-bestselling="">
    <a href="../rum-kraken-70-cl-candela.html">
        <div style="background-image: url('../../cdn.spesati.com/images/products/missing-image/missing-image.jpg')">
            <div class="hover"></div>
            
            <div class="stickers"></div>
        </div>
    </a>
    <div>
        <h4><a href="../rum-kraken-70-cl-candela.html"><b>Rum Kraken 70 Cl + Candela</b></a></h4>
        <p class="description">0.7 Lt</p>
        <p class="right price"><b>34.42 €</b></p>
        <p class="right unitPrice">49.17 € per litre</p>
    </div>
    <div class="contButton">
    <a class="button bgRed white addToCart" href="#">Add</a>
</div>
</div><div class="left product prod189"
        data-name="Grappa Barricata Rdg 50cl"
        data-price="12.90"
        data-id="71922"
        data-available="yes"
        data-category="2933"
        data-bestselling="">
    <a href="../grappa-barricata-rdg-50cl.html">
        <div style="background-image: url('../../cdn.spesati.com/images/products/missing-image/missing-image.jpg')">
            <div class="hover"></div>
            
            <div class="stickers"></div>
        </div>
    </a>
    <div>
        <h4><a href="../grappa-barricata-rdg-50cl.html"><b>Grappa Barricata Rdg 50cl</b></a></h4>
        <p class="description">0.5 Lt</p>
        <p class="right price"><b>12.90 €</b></p>
        <p class="right unitPrice">25.80 € per litre</p>
    </div>
    <div class="contButton">
    <a class="button bgRed white addToCart" href="#">Add</a>
</div>
</div><div class="left product prod190"
        data-name="Whisky Giapp Nikka From The Ba"
        data-price="45.50"
        data-id="28569"
        data-available="yes"
        data-category="1926"
        data-bestselling="">
    <a href="../whisky-giapp-nikka-from-the-ba.html">
        <div style="background-image: url('../../cdn.spesati.com/images/products/missing-image/missing-image.jpg')">
            <div class="hover"></div>
            
            <div class="stickers"></div>
        </div>
    </a>
    <div>
        <h4><a href="../whisky-giapp-nikka-from-the-ba.html"><b>Whisky Giapp Nikka From The Ba</b></a></h4>
        <p class="description">0.5 Lt</p>
        <p class="right price"><b>45.50 €</b></p>
        <p class="right unitPrice">91.00 € per litre</p>
    </div>
    <div class="contButton">
    <a class="button bgRed white addToCart" href="#">Add</a>
</div>
</div><div class="left product prod191"
        data-name="Whisky Cragganmore 70cl"
        data-price="60.85"
        data-id="28570"
        data-available="yes"
        data-category="1926"
        data-bestselling="">
    <a href="../whisky-cragganmore-70cl.html">
        <div style="background-image: url('../../cdn.spesati.com/images/products/missing-image/missing-image.jpg')">
            <div class="hover"></div>
            
            <div class="stickers"></div>
        </div>
    </a>
    <div>
        <h4><a href="../whisky-cragganmore-70cl.html"><b>Whisky Cragganmore 70cl</b></a></h4>
        <p class="description">0.7 Lt</p>
        <p class="right price"><b>60.85 €</b></p>
        <p class="right unitPrice">86.93 € per litre</p>
    </div>
    <div class="contButton">
    <a class="button bgRed white addToCart" href="#">Add</a>
</div>
</div><div class="left product prod192"
        data-name="Conf Gin Etsu 70 Cl C/bicc"
        data-price="50.50"
        data-id="72125"
        data-available="yes"
        data-category="1671"
        data-bestselling="">
    <a href="../conf-gin-etsu-70-cl-cbicc.html">
        <div style="background-image: url('../../cdn.spesati.com/images/products/missing-image/missing-image.jpg')">
            <div class="hover"></div>
            
            <div class="stickers"></div>
        </div>
    </a>
    <div>
        <h4><a href="../conf-gin-etsu-70-cl-cbicc.html"><b>Conf Gin Etsu 70 Cl C/bicc</b></a></h4>
        <p class="description">0.5 Lt</p>
        <p class="right price"><b>50.50 €</b></p>
        <p class="right unitPrice">101.00 € per litre</p>
    </div>
    <div class="contButton">
    <a class="button bgRed white addToCart" href="#">Add</a>
</div>
</div><div class="left product prod193"
        data-name="Whiskey Bowmore 12y 70 Cl"
        data-price="50.98"
        data-id="72394"
        data-available="yes"
        data-category="1926"
        data-bestselling="">
    <a href="../whiskey-bowmore-12y-70-cl.html">
        <div style="background-image: url('../../cdn.spesati.com/images/products/missing-image/missing-image.jpg')">
            <div class="hover"></div>
            
            <div class="stickers"></div>
        </div>
    </a>
    <div>
        <h4><a href="../whiskey-bowmore-12y-70-cl.html"><b>Whiskey Bowmore 12y 70 Cl</b></a></h4>
        <p class="description">0.7 Lt</p>
        <p class="right price"><b>50.98 €</b></p>
        <p class="right unitPrice">72.82 € per litre</p>
    </div>
    <div class="contButton">
    <a class="button bgRed white addToCart" href="#">Add</a>
</div>
</div><div class="left product prod194"
        data-name="Whisky Chivas Regal 1l. 12 Ann"
        data-price="45.84"
        data-id="28577"
        data-available="yes"
        data-category="1926"
        data-bestselling="">
    <a href="../whisky-chivas-regal-1l-12-ann.html">
        <div style="background-image: url('../../cdn.spesati.com/images/products/missing-image/missing-image.jpg')">
            <div class="hover"></div>
            
            <div class="stickers"></div>
        </div>
    </a>
    <div>
        <h4><a href="../whisky-chivas-regal-1l-12-ann.html"><b>Whisky Chivas Regal 1l. 12 Ann</b></a></h4>
        <p class="description">1 Lt</p>
        <p class="right price"><b>45.84 €</b></p>
        <p class="right unitPrice">45.84 € per litre</p>
    </div>
    <div class="contButton">
    <a class="button bgRed white addToCart" href="#">Add</a>
</div>
</div><div class="left product prod195"
        data-name="Pisco Tabernero Acholado 70cl"
        data-price="39.19"
        data-id="28578"
        data-available="yes"
        data-category="2605"
        data-bestselling="">
    <a href="../pisco-tabernero-acholado-70cl.html">
        <div style="background-image: url('../../cdn.spesati.com/images/products/missing-image/missing-image.jpg')">
            <div class="hover"></div>
            
            <div class="stickers"></div>
        </div>
    </a>
    <div>
        <h4><a href="../pisco-tabernero-acholado-70cl.html"><b>Pisco Tabernero Acholado 70cl</b></a></h4>
        <p class="description">0.7 Lt</p>
        <p class="right price"><b>39.19 €</b></p>
        <p class="right unitPrice">55.99 € per litre</p>
    </div>
    <div class="contButton">
    <a class="button bgRed white addToCart" href="#">Add</a>
</div>
</div><div class="left product prod196"
        data-name="Filu'e Ferru C Isola 50cl"
        data-price="9.90"
        data-id="74254"
        data-available="yes"
        data-category="2933"
        data-bestselling="">
    <a href="../filue-ferru-c-isola-50cl.html">
        <div style="background-image: url('../../cdn.spesati.com/images/products/missing-image/missing-image.jpg')">
            <div class="hover"></div>
            
            <div class="stickers"></div>
        </div>
    </a>
    <div>
        <h4><a href="../filue-ferru-c-isola-50cl.html"><b>Filu'e Ferru C Isola 50cl</b></a></h4>
        <p class="description">0.5 Lt</p>
        <p class="right price"><b>9.90 €</b></p>
        <p class="right unitPrice">19.80 € per litre</p>
    </div>
    <div class="contButton">
    <a class="button bgRed white addToCart" href="#">Add</a>
</div>
</div><div class="left product prod197"
        data-name="Whisky Chivas Regal Mignon Cl5"
        data-price="3.70"
        data-id="28579"
        data-available="yes"
        data-category="1926"
        data-bestselling="">
    <a href="../whisky-chivas-regal-mignon-cl5.html">
        <div style="background-image: url('../../cdn.spesati.com/images/products/missing-image/missing-image.jpg')">
            <div class="hover"></div>
            
            <div class="stickers"></div>
        </div>
    </a>
    <div>
        <h4><a href="../whisky-chivas-regal-mignon-cl5.html"><b>Whisky Chivas Regal Mignon Cl5</b></a></h4>
        <p class="description">0.05 Lt</p>
        <p class="right price"><b>3.70 €</b></p>
        <p class="right unitPrice">74.04 € per litre</p>
    </div>
    <div class="contButton">
    <a class="button bgRed white addToCart" href="#">Add</a>
</div>
</div><div class="left product prod198"
        data-name="Vodka Belvedere 1.75 L"
        data-price="129.81"
        data-id="78352"
        data-available="yes"
        data-category="2107"
        data-bestselling="">
    <a href="../vodka-belvedere-175-l.html">
        <div style="background-image: url('../../cdn.spesati.com/images/products/missing-image/missing-image.jpg')">
            <div class="hover"></div>
            
            <div class="stickers"></div>
        </div>
    </a>
    <div>
        <h4><a href="../vodka-belvedere-175-l.html"><b>Vodka Belvedere 1.75 L</b></a></h4>
        <p class="description">1.75 Lt</p>
        <p class="right price"><b>129.81 €</b></p>
        <p class="right unitPrice">74.18 € per litre</p>
    </div>
    <div class="contButton">
    <a class="button bgRed white addToCart" href="#">Add</a>
</div>
</div><div class="left product prod199"
        data-name="Whisky Michter's Rye 70cl"
        data-price="84.32"
        data-id="28583"
        data-available="yes"
        data-category="1926"
        data-bestselling="">
    <a href="../whisky-michters-rye-70cl.html">
        <div style="background-image: url('../../cdn.spesati.com/images/products/missing-image/missing-image.jpg')">
            <div class="hover"></div>
            
            <div class="stickers"></div>
        </div>
    </a>
    <div>
        <h4><a href="../whisky-michters-rye-70cl.html"><b>Whisky Michter's Rye 70cl</b></a></h4>
        <p class="description">0.7 Lt</p>
        <p class="right price"><b>84.32 €</b></p>
        <p class="right unitPrice">120.45 € per litre</p>
    </div>
    <div class="contButton">
    <a class="button bgRed white addToCart" href="#">Add</a>
</div>
</div><div class="left product prod200"
        data-name="Vodka Belvedere Jeroboam 3l"
        data-price="315.25"
        data-id="78355"
        data-available="yes"
        data-category="2107"
        data-bestselling="">
    <a href="../vodka-belvedere-jeroboam-3l.html">
        <div style="background-image: url('../../cdn.spesati.com/images/products/missing-image/missing-image.jpg')">
            <div class="hover"></div>
            
            <div class="stickers"></div>
        </div>
    </a>
    <div>
        <h4><a href="../vodka-belvedere-jeroboam-3l.html"><b>Vodka Belvedere Jeroboam 3l</b></a></h4>
        <p class="description">3 Lt</p>
        <p class="right price"><b>315.25 €</b></p>
        <p class="right unitPrice">105.08 € per litre</p>
    </div>
    <div class="contButton">
    <a class="button bgRed white addToCart" href="#">Add</a>
</div>
</div><div class="left product prod201"
        data-name="Gin Portofino 50 Cl"
        data-price="49.90"
        data-id="78639"
        data-available="yes"
        data-category="1671"
        data-bestselling="">
    <a href="../gin-portofino-50-cl.html">
        <div style="background-image: url('../../cdn.spesati.com/images/products/missing-image/missing-image.jpg')">
            <div class="hover"></div>
            
            <div class="stickers"></div>
        </div>
    </a>
    <div>
        <h4><a href="../gin-portofino-50-cl.html"><b>Gin Portofino 50 Cl</b></a></h4>
        <p class="description">0.5 Lt</p>
        <p class="right price"><b>49.90 €</b></p>
        <p class="right unitPrice">99.80 € per litre</p>
    </div>
    <div class="contButton">
    <a class="button bgRed white addToCart" href="#">Add</a>
</div>
</div><div class="left product prod202"
        data-name="Whisky Monkey Sho Blended 70cl"
        data-price="46.12"
        data-id="28587"
        data-available="yes"
        data-category="1926"
        data-bestselling="">
    <a href="../whisky-monkey-sho-blended-70cl.html">
        <div style="background-image: url('../../cdn.spesati.com/images/products/missing-image/missing-image.jpg')">
            <div class="hover"></div>
            
            <div class="stickers"></div>
        </div>
    </a>
    <div>
        <h4><a href="../whisky-monkey-sho-blended-70cl.html"><b>Whisky Monkey Sho Blended 70cl</b></a></h4>
        <p class="description">0.7 Lt</p>
        <p class="right price"><b>46.12 €</b></p>
        <p class="right unitPrice">65.88 € per litre</p>
    </div>
    <div class="contButton">
    <a class="button bgRed white addToCart" href="#">Add</a>
</div>
</div><div class="left product prod203"
        data-name="Whisky Macall Doub Cas 12 70cl"
        data-price="120.16"
        data-id="28588"
        data-available="yes"
        data-category="1926"
        data-bestselling="">
    <a href="../whisky-macall-doub-cas-12-70cl.html">
        <div style="background-image: url('../../cdn.spesati.com/images/products/missing-image/missing-image.jpg')">
            <div class="hover"></div>
            
            <div class="stickers"></div>
        </div>
    </a>
    <div>
        <h4><a href="../whisky-macall-doub-cas-12-70cl.html"><b>Whisky Macall Doub Cas 12 70cl</b></a></h4>
        <p class="description">0.7 Lt</p>
        <p class="right price"><b>120.16 €</b></p>
        <p class="right unitPrice">171.65 € per litre</p>
    </div>
    <div class="contButton">
    <a class="button bgRed white addToCart" href="#">Add</a>
</div>
</div><div class="left product prod204"
        data-name="Whisky Glenfiddich 12a 70cl"
        data-price="56.64"
        data-id="28589"
        data-available="yes"
        data-category="1926"
        data-bestselling="">
    <a href="../whisky-glenfiddich-12a-70cl.html">
        <div style="background-image: url('../../cdn.spesati.com/images/products/missing-image/missing-image.jpg')">
            <div class="hover"></div>
            
            <div class="stickers"></div>
        </div>
    </a>
    <div>
        <h4><a href="../whisky-glenfiddich-12a-70cl.html"><b>Whisky Glenfiddich 12a 70cl</b></a></h4>
        <p class="description">0.7 Lt</p>
        <p class="right price"><b>56.64 €</b></p>
        <p class="right unitPrice">80.92 € per litre</p>
    </div>
    <div class="contButton">
    <a class="button bgRed white addToCart" href="#">Add</a>
</div>
</div><div class="left product prod205"
        data-name="Gin Elettrico Lampus 50 Cl"
        data-price="72.50"
        data-id="81600"
        data-available="yes"
        data-category="1671"
        data-bestselling="1">
    <a href="../gin-elettrico-lampus-50-cl.html">
        <div style="background-image: url('../../cdn.spesati.com/images/products/missing-image/missing-image.jpg')">
            <div class="hover"></div>
            <p class="arrow bgRed white">Best Seller</p>
            <div class="stickers"></div>
        </div>
    </a>
    <div>
        <h4><a href="../gin-elettrico-lampus-50-cl.html"><b>Gin Elettrico Lampus 50 Cl</b></a></h4>
        <p class="description">0.5 Lt</p>
        <p class="right price"><b>72.50 €</b></p>
        <p class="right unitPrice">145.00 € per litre</p>
    </div>
    <div class="contButton">
    <a class="button bgRed white addToCart" href="#">Add</a>
</div>
</div><div class="left product prod206"
        data-name="Conf Gin Malfy Mignon 4x5cl"
        data-price="18.99"
        data-id="89036"
        data-available="yes"
        data-category="1671"
        data-bestselling="">
    <a href="../conf-gin-malfy-mignon-4x5cl.html">
        <div style="background-image: url('../../cdn.spesati.com/images/products/missing-image/missing-image.jpg')">
            <div class="hover"></div>
            
            <div class="stickers"></div>
        </div>
    </a>
    <div>
        <h4><a href="../conf-gin-malfy-mignon-4x5cl.html"><b>Conf Gin Malfy Mignon 4x5cl</b></a></h4>
        <p class="description">0.2 Lt</p>
        <p class="right price"><b>18.99 €</b></p>
        <p class="right unitPrice">94.93 € per litre</p>
    </div>
    <div class="contButton">
    <a class="button bgRed white addToCart" href="#">Add</a>
</div>
</div><div class="left product prod207"
        data-name="Whisky Nikka Days 70 Cl"
        data-price="55.86"
        data-id="28601"
        data-available="yes"
        data-category="1926"
        data-bestselling="">
    <a href="../whisky-nikka-days-70-cl.html">
        <div style="background-image: url('../../cdn.spesati.com/images/products/missing-image/missing-image.jpg')">
            <div class="hover"></div>
            
            <div class="stickers"></div>
        </div>
    </a>
    <div>
        <h4><a href="../whisky-nikka-days-70-cl.html"><b>Whisky Nikka Days 70 Cl</b></a></h4>
        <p class="description">0.7 Lt</p>
        <p class="right price"><b>55.86 €</b></p>
        <p class="right unitPrice">79.80 € per litre</p>
    </div>
    <div class="contButton">
    <a class="button bgRed white addToCart" href="#">Add</a>
</div>
</div><div class="left product prod208"
        data-name="Whisky Kavalan S Oak Matu 70 C"
        data-price="150.65"
        data-id="28602"
        data-available="yes"
        data-category="1926"
        data-bestselling="">
    <a href="../whisky-kavalan-s-oak-matu-70-c.html">
        <div style="background-image: url('../../cdn.spesati.com/images/products/missing-image/missing-image.jpg')">
            <div class="hover"></div>
            
            <div class="stickers"></div>
        </div>
    </a>
    <div>
        <h4><a href="../whisky-kavalan-s-oak-matu-70-c.html"><b>Whisky Kavalan S Oak Matu 70 C</b></a></h4>
        <p class="description">0.7 Lt</p>
        <p class="right price"><b>150.65 €</b></p>
        <p class="right unitPrice">215.21 € per litre</p>
    </div>
    <div class="contButton">
    <a class="button bgRed white addToCart" href="#">Add</a>
</div>
</div><div class="left product prod209"
        data-name="Rhum Dictador 20 Anni 70cl"
        data-price="74.74"
        data-id="28426"
        data-available="yes"
        data-category="2605"
        data-bestselling="">
    <a href="../rhum-dictador-20-anni-70cl.html">
        <div style="background-image: url('../../cdn.spesati.com/images/products/missing-image/missing-image.jpg')">
            <div class="hover"></div>
            
            <div class="stickers"></div>
        </div>
    </a>
    <div>
        <h4><a href="../rhum-dictador-20-anni-70cl.html"><b>Rhum Dictador 20 Anni 70cl</b></a></h4>
        <p class="description">0.7 Lt</p>
        <p class="right price"><b>74.74 €</b></p>
        <p class="right unitPrice">106.77 € per litre</p>
    </div>
    <div class="contButton">
    <a class="button bgRed white addToCart" href="#">Add</a>
</div>
</div><div class="left product prod210"
        data-name="Rhum Dictator 12 A 70 Cl"
        data-price="60.31"
        data-id="28022"
        data-available="yes"
        data-category="2605"
        data-bestselling="">
    <a href="../rhum-dictator-12-a-70-cl.html">
        <div style="background-image: url('../../cdn.spesati.com/images/products/missing-image/missing-image.jpg')">
            <div class="hover"></div>
            
            <div class="stickers"></div>
        </div>
    </a>
    <div>
        <h4><a href="../rhum-dictator-12-a-70-cl.html"><b>Rhum Dictator 12 A 70 Cl</b></a></h4>
        <p class="description">0.7 Lt</p>
        <p class="right price"><b>60.31 €</b></p>
        <p class="right unitPrice">86.16 € per litre</p>
    </div>
    <div class="contButton">
    <a class="button bgRed white addToCart" href="#">Add</a>
</div>
</div><div class="left product prod211"
        data-name="Rhum Diplomatic Ris Esclus 70c"
        data-price="40.50"
        data-id="28428"
        data-available="yes"
        data-category="2605"
        data-bestselling="">
    <a href="../rhum-diplomatic-ris-esclus-70c.html">
        <div style="background-image: url('../../cdn.spesati.com/images/products/missing-image/missing-image.jpg')">
            <div class="hover"></div>
            
            <div class="stickers"></div>
        </div>
    </a>
    <div>
        <h4><a href="../rhum-diplomatic-ris-esclus-70c.html"><b>Rhum Diplomatic Ris Esclus 70c</b></a></h4>
        <p class="description">0.7 Lt</p>
        <p class="right price"><b>40.50 €</b></p>
        <p class="right unitPrice">57.85 € per litre</p>
    </div>
    <div class="contButton">
    <a class="button bgRed white addToCart" href="#">Add</a>
</div>
</div><div class="left product prod212"
        data-name="Gin Portobello Road 70 Cl"
        data-price="39.11"
        data-id="28023"
        data-available="yes"
        data-category="1671"
        data-bestselling="">
    <a href="../gin-portobello-road-70-cl.html">
        <div style="background-image: url('../../cdn.spesati.com/images/products/missing-image/missing-image.jpg')">
            <div class="hover"></div>
            
            <div class="stickers"></div>
        </div>
    </a>
    <div>
        <h4><a href="../gin-portobello-road-70-cl.html"><b>Gin Portobello Road 70 Cl</b></a></h4>
        <p class="description">0.7 Lt</p>
        <p class="right price"><b>39.11 €</b></p>
        <p class="right unitPrice">55.88 € per litre</p>
    </div>
    <div class="contButton">
    <a class="button bgRed white addToCart" href="#">Add</a>
</div>
</div><div class="left product prod213"
        data-name="Gin Mare 70cl"
        data-price="37.50"
        data-id="28025"
        data-available="yes"
        data-category="1671"
        data-bestselling="">
    <a href="../gin-mare-70cl.html">
        <div style="background-image: url('../../cdn.spesati.com/images/products/missing-image/missing-image.jpg')">
            <div class="hover"></div>
            
            <div class="stickers"></div>
        </div>
    </a>
    <div>
        <h4><a href="../gin-mare-70cl.html"><b>Gin Mare 70cl</b></a></h4>
        <p class="description">0.7 Lt</p>
        <p class="right price"><b>37.50 €</b></p>
        <p class="right unitPrice">53.57 € per litre</p>
    </div>
    <div class="contButton">
    <a class="button bgRed white addToCart" href="#">Add</a>
</div>
</div><div class="left product prod214"
        data-name="Vodka Norvik Liquirizia 1lt"
        data-price="12.81"
        data-id="28438"
        data-available="yes"
        data-category="2107"
        data-bestselling="">
    <a href="../vodka-norvik-liquirizia-1lt.html">
        <div style="background-image: url('../../cdn.spesati.com/images/products/missing-image/missing-image.jpg')">
            <div class="hover"></div>
            
            <div class="stickers"></div>
        </div>
    </a>
    <div>
        <h4><a href="../vodka-norvik-liquirizia-1lt.html"><b>Vodka Norvik Liquirizia 1lt</b></a></h4>
        <p class="description">1 Lt</p>
        <p class="right price"><b>12.81 €</b></p>
        <p class="right unitPrice">12.81 € per litre</p>
    </div>
    <div class="contButton">
    <a class="button bgRed white addToCart" href="#">Add</a>
</div>
</div><div class="left product prod215"
        data-name="Gin Jodphur London Dry 70cl"
        data-price="32.51"
        data-id="28439"
        data-available="yes"
        data-category="1671"
        data-bestselling="">
    <a href="../gin-jodphur-london-dry-70cl.html">
        <div style="background-image: url('../../cdn.spesati.com/images/products/missing-image/missing-image.jpg')">
            <div class="hover"></div>
            
            <div class="stickers"></div>
        </div>
    </a>
    <div>
        <h4><a href="../gin-jodphur-london-dry-70cl.html"><b>Gin Jodphur London Dry 70cl</b></a></h4>
        <p class="description">0.7 Lt</p>
        <p class="right price"><b>32.51 €</b></p>
        <p class="right unitPrice">46.45 € per litre</p>
    </div>
    <div class="contButton">
    <a class="button bgRed white addToCart" href="#">Add</a>
</div>
</div><div class="left product prod216"
        data-name="Gin The London N.1 70 Cl"
        data-price="50.41"
        data-id="28028"
        data-available="yes"
        data-category="1671"
        data-bestselling="">
    <a href="../gin-the-london-n1-70-cl.html">
        <div style="background-image: url('../../cdn.spesati.com/images/products/missing-image/missing-image.jpg')">
            <div class="hover"></div>
            
            <div class="stickers"></div>
        </div>
    </a>
    <div>
        <h4><a href="../gin-the-london-n1-70-cl.html"><b>Gin The London N.1 70 Cl</b></a></h4>
        <p class="description">0.7 Lt</p>
        <p class="right price"><b>50.41 €</b></p>
        <p class="right unitPrice">72.02 € per litre</p>
    </div>
    <div class="contButton">
    <a class="button bgRed white addToCart" href="#">Add</a>
</div>
</div><div class="left product prod217"
        data-name="Gin Ungava 70 Cl"
        data-price="44.33"
        data-id="28030"
        data-available="yes"
        data-category="1671"
        data-bestselling="">
    <a href="../gin-ungava-70-cl.html">
        <div style="background-image: url('../../cdn.spesati.com/images/products/missing-image/missing-image.jpg')">
            <div class="hover"></div>
            
            <div class="stickers"></div>
        </div>
    </a>
    <div>
        <h4><a href="../gin-ungava-70-cl.html"><b>Gin Ungava 70 Cl</b></a></h4>
        <p class="description">0.7 Lt</p>
        <p class="right price"><b>44.33 €</b></p>
        <p class="right unitPrice">63.33 € per litre</p>
    </div>
    <div class="contButton">
    <a class="button bgRed white addToCart" href="#">Add</a>
</div>
</div><div class="left product prod218"
        data-name="Grappa Sarpa Di Poli"
        data-price="10.50"
        data-id="28445"
        data-available="yes"
        data-category="2933"
        data-bestselling="">
    <a href="../grappa-sarpa-di-poli.html">
        <div style="background-image: url('../../cdn.spesati.com/images/products/missing-image/missing-image.jpg')">
            <div class="hover"></div>
            
            <div class="stickers"></div>
        </div>
    </a>
    <div>
        <h4><a href="../grappa-sarpa-di-poli.html"><b>Grappa Sarpa Di Poli</b></a></h4>
        <p class="description">0.7 Lt</p>
        <p class="right price"><b>10.50 €</b></p>
        <p class="right unitPrice">15.01 € per litre</p>
    </div>
    <div class="contButton">
    <a class="button bgRed white addToCart" href="#">Add</a>
</div>
</div><div class="left product prod219"
        data-name="Vodka Three Sixty 70 Cl"
        data-price="31.29"
        data-id="28031"
        data-available="yes"
        data-category="2107"
        data-bestselling="">
    <a href="../vodka-three-sixty-70-cl.html">
        <div style="background-image: url('../../cdn.spesati.com/images/products/missing-image/missing-image.jpg')">
            <div class="hover"></div>
            
            <div class="stickers"></div>
        </div>
    </a>
    <div>
        <h4><a href="../vodka-three-sixty-70-cl.html"><b>Vodka Three Sixty 70 Cl</b></a></h4>
        <p class="description">0.7 Lt</p>
        <p class="right price"><b>31.29 €</b></p>
        <p class="right unitPrice">44.69 € per litre</p>
    </div>
    <div class="contButton">
    <a class="button bgRed white addToCart" href="#">Add</a>
</div>
</div><div class="left product prod220"
        data-name="Ron Zacapa 23 Y Et.nera 70cl"
        data-price="100.83"
        data-id="28032"
        data-available="yes"
        data-category="2605"
        data-bestselling="">
    <a href="../ron-zacapa-23-y-etnera-70cl.html">
        <div style="background-image: url('../../cdn.spesati.com/images/products/missing-image/missing-image.jpg')">
            <div class="hover"></div>
            
            <div class="stickers"></div>
        </div>
    </a>
    <div>
        <h4><a href="../ron-zacapa-23-y-etnera-70cl.html"><b>Ron Zacapa 23 Y Et.nera 70cl</b></a></h4>
        <p class="description">0.7 Lt</p>
        <p class="right price"><b>100.83 €</b></p>
        <p class="right unitPrice">144.05 € per litre</p>
    </div>
    <div class="contButton">
    <a class="button bgRed white addToCart" href="#">Add</a>
</div>
</div><div class="left product prod221"
        data-name="Botanic Gin 70 Cl"
        data-price="61.99"
        data-id="28035"
        data-available="yes"
        data-category="1671"
        data-bestselling="">
    <a href="../botanic-gin-70-cl.html">
        <div style="background-image: url('../../cdn.spesati.com/images/products/missing-image/missing-image.jpg')">
            <div class="hover"></div>
            
            <div class="stickers"></div>
        </div>
    </a>
    <div>
        <h4><a href="../botanic-gin-70-cl.html"><b>Botanic Gin 70 Cl</b></a></h4>
        <p class="description">0.7 Lt</p>
        <p class="right price"><b>61.99 €</b></p>
        <p class="right unitPrice">88.56 € per litre</p>
    </div>
    <div class="contButton">
    <a class="button bgRed white addToCart" href="#">Add</a>
</div>
</div><div class="left product prod222"
        data-name="Grappa Puggioni Santarughe 50c"
        data-price="34.46"
        data-id="28041"
        data-available="yes"
        data-category="2933"
        data-bestselling="">
    <a href="../grappa-puggioni-santarughe-50c.html">
        <div style="background-image: url('../../cdn.spesati.com/images/products/missing-image/missing-image.jpg')">
            <div class="hover"></div>
            
            <div class="stickers"></div>
        </div>
    </a>
    <div>
        <h4><a href="../grappa-puggioni-santarughe-50c.html"><b>Grappa Puggioni Santarughe 50c</b></a></h4>
        <p class="description">0.5 Lt</p>
        <p class="right price"><b>34.46 €</b></p>
        <p class="right unitPrice">68.93 € per litre</p>
    </div>
    <div class="contButton">
    <a class="button bgRed white addToCart" href="#">Add</a>
</div>
</div><div class="left product prod223"
        data-name="Grappa Tremontis 42g"
        data-price="14.90"
        data-id="28450"
        data-available="yes"
        data-category="2933"
        data-bestselling="">
    <a href="../grappa-tremontis-42g.html">
        <div style="background-image: url('../../cdn.spesati.com/images/products/missing-image/missing-image.jpg')">
            <div class="hover"></div>
            
            <div class="stickers"></div>
        </div>
    </a>
    <div>
        <h4><a href="../grappa-tremontis-42g.html"><b>Grappa Tremontis 42g</b></a></h4>
        <p class="description">0.7 Lt</p>
        <p class="right price"><b>14.90 €</b></p>
        <p class="right unitPrice">21.29 € per litre</p>
    </div>
    <div class="contButton">
    <a class="button bgRed white addToCart" href="#">Add</a>
</div>
</div><div class="left product prod224"
        data-name="Vodka Moskavia Fragola 20v 1lt"
        data-price="10.29"
        data-id="28042"
        data-available="yes"
        data-category="2107"
        data-bestselling="">
    <a href="../vodka-moskavia-fragola-20v-1lt.html">
        <div style="background-image: url('../../cdn.spesati.com/images/products/missing-image/missing-image.jpg')">
            <div class="hover"></div>
            
            <div class="stickers"></div>
        </div>
    </a>
    <div>
        <h4><a href="../vodka-moskavia-fragola-20v-1lt.html"><b>Vodka Moskavia Fragola 20v 1lt</b></a></h4>
        <p class="description">1 Lt</p>
        <p class="right price"><b>10.29 €</b></p>
        <p class="right unitPrice">10.28 € per litre</p>
    </div>
    <div class="contButton">
    <a class="button bgRed white addToCart" href="#">Add</a>
</div>
</div><div class="left product prod225"
        data-name="Grappa Sarpa Di Poli Riserva"
        data-price="24.90"
        data-id="28451"
        data-available="yes"
        data-category="2933"
        data-bestselling="">
    <a href="../grappa-sarpa-di-poli-riserva.html">
        <div style="background-image: url('../../cdn.spesati.com/images/products/missing-image/missing-image.jpg')">
            <div class="hover"></div>
            
            <div class="stickers"></div>
        </div>
    </a>
    <div>
        <h4><a href="../grappa-sarpa-di-poli-riserva.html"><b>Grappa Sarpa Di Poli Riserva</b></a></h4>
        <p class="description">0.7 Lt</p>
        <p class="right price"><b>24.90 €</b></p>
        <p class="right unitPrice">35.58 € per litre</p>
    </div>
    <div class="contButton">
    <a class="button bgRed white addToCart" href="#">Add</a>
</div>
</div><div class="left product prod226"
        data-name="Vodka Moskavia Pesca 20v 1lt"
        data-price="10.29"
        data-id="28043"
        data-available="yes"
        data-category="2107"
        data-bestselling="">
    <a href="../vodka-moskavia-pesca-20v-1lt.html">
        <div style="background-image: url('../../cdn.spesati.com/images/products/missing-image/missing-image.jpg')">
            <div class="hover"></div>
            
            <div class="stickers"></div>
        </div>
    </a>
    <div>
        <h4><a href="../vodka-moskavia-pesca-20v-1lt.html"><b>Vodka Moskavia Pesca 20v 1lt</b></a></h4>
        <p class="description">1 Lt</p>
        <p class="right price"><b>10.29 €</b></p>
        <p class="right unitPrice">10.28 € per litre</p>
    </div>
    <div class="contButton">
    <a class="button bgRed white addToCart" href="#">Add</a>
</div>
</div><div class="left product prod227"
        data-name="Vodka Moskavia Menta 20v 1lt"
        data-price="10.29"
        data-id="28044"
        data-available="yes"
        data-category="2107"
        data-bestselling="">
    <a href="../vodka-moskavia-menta-20v-1lt.html">
        <div style="background-image: url('../../cdn.spesati.com/images/products/missing-image/missing-image.jpg')">
            <div class="hover"></div>
            
            <div class="stickers"></div>
        </div>
    </a>
    <div>
        <h4><a href="../vodka-moskavia-menta-20v-1lt.html"><b>Vodka Moskavia Menta 20v 1lt</b></a></h4>
        <p class="description">1 Lt</p>
        <p class="right price"><b>10.29 €</b></p>
        <p class="right unitPrice">10.28 € per litre</p>
    </div>
    <div class="contButton">
    <a class="button bgRed white addToCart" href="#">Add</a>
</div>
</div><div class="left product prod228"
        data-name="Grappa Candolini 1 Lt Bianca"
        data-price="21.20"
        data-id="28453"
        data-available="yes"
        data-category="2933"
        data-bestselling="">
    <a href="../grappa-candolini-1-lt-bianca.html">
        <div style="background-image: url('../../cdn.spesati.com/images/products/missing-image/missing-image.jpg')">
            <div class="hover"></div>
            
            <div class="stickers"></div>
        </div>
    </a>
    <div>
        <h4><a href="../grappa-candolini-1-lt-bianca.html"><b>Grappa Candolini 1 Lt Bianca</b></a></h4>
        <p class="description">1 Lt</p>
        <p class="right price"><b>21.20 €</b></p>
        <p class="right unitPrice">21.20 € per litre</p>
    </div>
    <div class="contButton">
    <a class="button bgRed white addToCart" href="#">Add</a>
</div>
</div><div class="left product prod229"
        data-name="Grappa Di Turriga 50cl Argiola"
        data-price="41.50"
        data-id="28455"
        data-available="yes"
        data-category="2933"
        data-bestselling="">
    <a href="../grappa-di-turriga-50cl-argiola.html">
        <div style="background-image: url('../../cdn.spesati.com/images/products/missing-image/missing-image.jpg')">
            <div class="hover"></div>
            
            <div class="stickers"></div>
        </div>
    </a>
    <div>
        <h4><a href="../grappa-di-turriga-50cl-argiola.html"><b>Grappa Di Turriga 50cl Argiola</b></a></h4>
        <p class="description">0.5 Lt</p>
        <p class="right price"><b>41.50 €</b></p>
        <p class="right unitPrice">83.00 € per litre</p>
    </div>
    <div class="contButton">
    <a class="button bgRed white addToCart" href="#">Add</a>
</div>
</div><div class="left product prod230"
        data-name="Liq Crema Sweet Choco Ciocc70c"
        data-price="13.38"
        data-id="28054"
        data-available="yes"
        data-category="2933"
        data-bestselling="">
    <a href="../liq-crema-sweet-choco-ciocc70c.html">
        <div style="background-image: url('../../cdn.spesati.com/images/products/missing-image/missing-image.jpg')">
            <div class="hover"></div>
            
            <div class="stickers"></div>
        </div>
    </a>
    <div>
        <h4><a href="../liq-crema-sweet-choco-ciocc70c.html"><b>Liq Crema Sweet Choco Ciocc70c</b></a></h4>
        <p class="description">0.7 Lt</p>
        <p class="right price"><b>13.38 €</b></p>
        <p class="right unitPrice">19.12 € per litre</p>
    </div>
    <div class="contButton">
    <a class="button bgRed white addToCart" href="#">Add</a>
</div>
</div><div class="left product prod231"
        data-name="Grappa Di Fileri 50cl Ambrata"
        data-price="30.60"
        data-id="28456"
        data-available="yes"
        data-category="2933"
        data-bestselling="">
    <a href="../grappa-di-fileri-50cl-ambrata.html">
        <div style="background-image: url('../../cdn.spesati.com/images/products/missing-image/missing-image.jpg')">
            <div class="hover"></div>
            
            <div class="stickers"></div>
        </div>
    </a>
    <div>
        <h4><a href="../grappa-di-fileri-50cl-ambrata.html"><b>Grappa Di Fileri 50cl Ambrata</b></a></h4>
        <p class="description">0.5 Lt</p>
        <p class="right price"><b>30.60 €</b></p>
        <p class="right unitPrice">61.20 € per litre</p>
    </div>
    <div class="contButton">
    <a class="button bgRed white addToCart" href="#">Add</a>
</div>
</div><div class="left product prod232"
        data-name="Batida De Coco 70cl"
        data-price="14.60"
        data-id="28077"
        data-available="yes"
        data-category="2933"
        data-bestselling="">
    <a href="../batida-de-coco-70cl.html">
        <div style="background-image: url('../../cdn.spesati.com/images/products/missing-image/missing-image.jpg')">
            <div class="hover"></div>
            
            <div class="stickers"></div>
        </div>
    </a>
    <div>
        <h4><a href="../batida-de-coco-70cl.html"><b>Batida De Coco 70cl</b></a></h4>
        <p class="description">0.7 Lt</p>
        <p class="right price"><b>14.60 €</b></p>
        <p class="right unitPrice">20.86 € per litre</p>
    </div>
    <div class="contButton">
    <a class="button bgRed white addToCart" href="#">Add</a>
</div>
</div><div class="left product prod233"
        data-name="Grappa Di Sassicaia 50 Cl"
        data-price="99.44"
        data-id="28459"
        data-available="yes"
        data-category="2933"
        data-bestselling="">
    <a href="../grappa-di-sassicaia-50-cl.html">
        <div style="background-image: url('../../cdn.spesati.com/images/products/missing-image/missing-image.jpg')">
            <div class="hover"></div>
            
            <div class="stickers"></div>
        </div>
    </a>
    <div>
        <h4><a href="../grappa-di-sassicaia-50-cl.html"><b>Grappa Di Sassicaia 50 Cl</b></a></h4>
        <p class="description">0.5 Lt</p>
        <p class="right price"><b>99.44 €</b></p>
        <p class="right unitPrice">198.88 € per litre</p>
    </div>
    <div class="contButton">
    <a class="button bgRed white addToCart" href="#">Add</a>
</div>
</div><div class="left product prod234"
        data-name="Rum Brugal Bianco 1 Lt"
        data-price="21.38"
        data-id="28131"
        data-available="yes"
        data-category="2605"
        data-bestselling="">
    <a href="../rum-brugal-bianco-1-lt.html">
        <div style="background-image: url('../../cdn.spesati.com/images/products/missing-image/missing-image.jpg')">
            <div class="hover"></div>
            
            <div class="stickers"></div>
        </div>
    </a>
    <div>
        <h4><a href="../rum-brugal-bianco-1-lt.html"><b>Rum Brugal Bianco 1 Lt</b></a></h4>
        <p class="description">1 Lt</p>
        <p class="right price"><b>21.38 €</b></p>
        <p class="right unitPrice">21.39 € per litre</p>
    </div>
    <div class="contButton">
    <a class="button bgRed white addToCart" href="#">Add</a>
</div>
</div><div class="left product prod235"
        data-name="Rum Brugal Anejo 1 Lt"
        data-price="27.19"
        data-id="28141"
        data-available="yes"
        data-category="2605"
        data-bestselling="">
    <a href="../rum-brugal-anejo-1-lt.html">
        <div style="background-image: url('../../cdn.spesati.com/images/products/missing-image/missing-image.jpg')">
            <div class="hover"></div>
            
            <div class="stickers"></div>
        </div>
    </a>
    <div>
        <h4><a href="../rum-brugal-anejo-1-lt.html"><b>Rum Brugal Anejo 1 Lt</b></a></h4>
        <p class="description">1 Lt</p>
        <p class="right price"><b>27.19 €</b></p>
        <p class="right unitPrice">27.19 € per litre</p>
    </div>
    <div class="contButton">
    <a class="button bgRed white addToCart" href="#">Add</a>
</div>
</div><div class="left product prod236"
        data-name="Gin Elephant London Dry 70 Cl"
        data-price="53.57"
        data-id="28165"
        data-available="yes"
        data-category="1671"
        data-bestselling="">
    <a href="../gin-elephant-london-dry-70-cl.html">
        <div style="background-image: url('../../cdn.spesati.com/images/products/missing-image/missing-image.jpg')">
            <div class="hover"></div>
            
            <div class="stickers"></div>
        </div>
    </a>
    <div>
        <h4><a href="../gin-elephant-london-dry-70-cl.html"><b>Gin Elephant London Dry 70 Cl</b></a></h4>
        <p class="description">0.5 Lt</p>
        <p class="right price"><b>53.57 €</b></p>
        <p class="right unitPrice">107.13 € per litre</p>
    </div>
    <div class="contButton">
    <a class="button bgRed white addToCart" href="#">Add</a>
</div>
</div><div class="left product prod237"
        data-name="Rhum Brugal Xv 70 Cl"
        data-price="28.84"
        data-id="28464"
        data-available="yes"
        data-category="2605"
        data-bestselling="">
    <a href="../rhum-brugal-xv-70-cl.html">
        <div style="background-image: url('../../cdn.spesati.com/images/products/missing-image/missing-image.jpg')">
            <div class="hover"></div>
            
            <div class="stickers"></div>
        </div>
    </a>
    <div>
        <h4><a href="../rhum-brugal-xv-70-cl.html"><b>Rhum Brugal Xv 70 Cl</b></a></h4>
        <p class="description">0.7 Lt</p>
        <p class="right price"><b>28.84 €</b></p>
        <p class="right unitPrice">41.20 € per litre</p>
    </div>
    <div class="contButton">
    <a class="button bgRed white addToCart" href="#">Add</a>
</div>
</div><div class="left product prod238"
        data-name="Whisky Ole Smoky Moonshi 70 Cl"
        data-price="70.92"
        data-id="28166"
        data-available="yes"
        data-category="1926"
        data-bestselling="">
    <a href="../whisky-ole-smoky-moonshi-70-cl.html">
        <div style="background-image: url('../../cdn.spesati.com/images/products/missing-image/missing-image.jpg')">
            <div class="hover"></div>
            
            <div class="stickers"></div>
        </div>
    </a>
    <div>
        <h4><a href="../whisky-ole-smoky-moonshi-70-cl.html"><b>Whisky Ole Smoky Moonshi 70 Cl</b></a></h4>
        <p class="description">0.5 Lt</p>
        <p class="right price"><b>70.92 €</b></p>
        <p class="right unitPrice">141.85 € per litre</p>
    </div>
    <div class="contButton">
    <a class="button bgRed white addToCart" href="#">Add</a>
</div>
</div><div class="left product prod239"
        data-name="Gin Macchia 70 Cl"
        data-price="56.67"
        data-id="28171"
        data-available="yes"
        data-category="1671"
        data-bestselling="">
    <a href="../gin-macchia-70-cl.html">
        <div style="background-image: url('../../cdn.spesati.com/images/products/missing-image/missing-image.jpg')">
            <div class="hover"></div>
            
            <div class="stickers"></div>
        </div>
    </a>
    <div>
        <h4><a href="../gin-macchia-70-cl.html"><b>Gin Macchia 70 Cl</b></a></h4>
        <p class="description">0.7 Lt</p>
        <p class="right price"><b>56.67 €</b></p>
        <p class="right unitPrice">80.96 € per litre</p>
    </div>
    <div class="contButton">
    <a class="button bgRed white addToCart" href="#">Add</a>
</div>
</div><div class="left product prod240"
        data-name="Gin Sipsmith London Dry 70 Cl"
        data-price="49.98"
        data-id="28172"
        data-available="yes"
        data-category="1671"
        data-bestselling="">
    <a href="../gin-sipsmith-london-dry-70-cl.html">
        <div style="background-image: url('../../cdn.spesati.com/images/products/missing-image/missing-image.jpg')">
            <div class="hover"></div>
            
            <div class="stickers"></div>
        </div>
    </a>
    <div>
        <h4><a href="../gin-sipsmith-london-dry-70-cl.html"><b>Gin Sipsmith London Dry 70 Cl</b></a></h4>
        <p class="description">0.7 Lt</p>
        <p class="right price"><b>49.98 €</b></p>
        <p class="right unitPrice">71.41 € per litre</p>
    </div>
    <div class="contButton">
    <a class="button bgRed white addToCart" href="#">Add</a>
</div>
</div><div class="left product prod241"
        data-name="Rhum Agricole Bally 7 Anni"
        data-price="82.51"
        data-id="28468"
        data-available="yes"
        data-category="2605"
        data-bestselling="">
    <a href="../rhum-agricole-bally-7-anni.html">
        <div style="background-image: url('../../cdn.spesati.com/images/products/missing-image/missing-image.jpg')">
            <div class="hover"></div>
            
            <div class="stickers"></div>
        </div>
    </a>
    <div>
        <h4><a href="../rhum-agricole-bally-7-anni.html"><b>Rhum Agricole Bally 7 Anni</b></a></h4>
        <p class="description">0.7 Lt</p>
        <p class="right price"><b>82.51 €</b></p>
        <p class="right unitPrice">117.88 € per litre</p>
    </div>
    <div class="contButton">
    <a class="button bgRed white addToCart" href="#">Add</a>
</div>
</div><div class="left product prod242"
        data-name="Ron Abuelo 7 Anni Astucc 70cl"
        data-price="35.97"
        data-id="28174"
        data-available="yes"
        data-category="2605"
        data-bestselling="">
    <a href="../ron-abuelo-7-anni-astucc-70cl.html">
        <div style="background-image: url('../../cdn.spesati.com/images/products/missing-image/missing-image.jpg')">
            <div class="hover"></div>
            
            <div class="stickers"></div>
        </div>
    </a>
    <div>
        <h4><a href="../ron-abuelo-7-anni-astucc-70cl.html"><b>Ron Abuelo 7 Anni Astucc 70cl</b></a></h4>
        <p class="description">0.7 Lt</p>
        <p class="right price"><b>35.97 €</b></p>
        <p class="right unitPrice">51.39 € per litre</p>
    </div>
    <div class="contButton">
    <a class="button bgRed white addToCart" href="#">Add</a>
</div>
</div><div class="left product prod243"
        data-name="Mezcal Sezerac Monte Alban 70c"
        data-price="47.50"
        data-id="28469"
        data-available="yes"
        data-category="2220"
        data-bestselling="">
    <a href="../mezcal-sezerac-monte-alban-70c.html">
        <div style="background-image: url('../../cdn.spesati.com/images/products/missing-image/missing-image.jpg')">
            <div class="hover"></div>
            
            <div class="stickers"></div>
        </div>
    </a>
    <div>
        <h4><a href="../mezcal-sezerac-monte-alban-70c.html"><b>Mezcal Sezerac Monte Alban 70c</b></a></h4>
        <p class="description">0.7 Lt</p>
        <p class="right price"><b>47.50 €</b></p>
        <p class="right unitPrice">67.86 € per litre</p>
    </div>
    <div class="contButton">
    <a class="button bgRed white addToCart" href="#">Add</a>
</div>
</div><div class="left product prod244"
        data-name="Whisky Craig Smal Batch 70 Cl"
        data-price="51.63"
        data-id="28177"
        data-available="yes"
        data-category="1926"
        data-bestselling="">
    <a href="../whisky-craig-smal-batch-70-cl.html">
        <div style="background-image: url('../../cdn.spesati.com/images/products/missing-image/missing-image.jpg')">
            <div class="hover"></div>
            
            <div class="stickers"></div>
        </div>
    </a>
    <div>
        <h4><a href="../whisky-craig-smal-batch-70-cl.html"><b>Whisky Craig Smal Batch 70 Cl</b></a></h4>
        <p class="description">0.7 Lt</p>
        <p class="right price"><b>51.63 €</b></p>
        <p class="right unitPrice">73.76 € per litre</p>
    </div>
    <div class="contButton">
    <a class="button bgRed white addToCart" href="#">Add</a>
</div>
</div><div class="left product prod245"
        data-name="Rhum El Dorado 15 Anni"
        data-price="84.32"
        data-id="28470"
        data-available="yes"
        data-category="2605"
        data-bestselling="">
    <a href="../rhum-el-dorado-15-anni.html">
        <div style="background-image: url('../../cdn.spesati.com/images/products/missing-image/missing-image.jpg')">
            <div class="hover"></div>
            
            <div class="stickers"></div>
        </div>
    </a>
    <div>
        <h4><a href="../rhum-el-dorado-15-anni.html"><b>Rhum El Dorado 15 Anni</b></a></h4>
        <p class="description">0.7 Lt</p>
        <p class="right price"><b>84.32 €</b></p>
        <p class="right unitPrice">120.45 € per litre</p>
    </div>
    <div class="contButton">
    <a class="button bgRed white addToCart" href="#">Add</a>
</div>
</div><div class="left product prod246"
        data-name="Ron Flor De Cana 12 Anni"
        data-price="51.98"
        data-id="28471"
        data-available="yes"
        data-category="2605"
        data-bestselling="">
    <a href="../ron-flor-de-cana-12-anni.html">
        <div style="background-image: url('../../cdn.spesati.com/images/products/missing-image/missing-image.jpg')">
            <div class="hover"></div>
            
            <div class="stickers"></div>
        </div>
    </a>
    <div>
        <h4><a href="../ron-flor-de-cana-12-anni.html"><b>Ron Flor De Cana 12 Anni</b></a></h4>
        <p class="description">0.7 Lt</p>
        <p class="right price"><b>51.98 €</b></p>
        <p class="right unitPrice">74.26 € per litre</p>
    </div>
    <div class="contButton">
    <a class="button bgRed white addToCart" href="#">Add</a>
</div>
</div><div class="left product prod247"
        data-name="Rum Don Papa 70 Cl"
        data-price="35.90"
        data-id="28211"
        data-available="yes"
        data-category="2605"
        data-bestselling="">
    <a href="../rum-don-papa-70-cl.html">
        <div style="background-image: url('../../cdn.spesati.com/images/products/missing-image/missing-image.jpg')">
            <div class="hover"></div>
            
            <div class="stickers"></div>
        </div>
    </a>
    <div>
        <h4><a href="../rum-don-papa-70-cl.html"><b>Rum Don Papa 70 Cl</b></a></h4>
        <p class="description">0.7 Lt</p>
        <p class="right price"><b>35.90 €</b></p>
        <p class="right unitPrice">51.29 € per litre</p>
    </div>
    <div class="contButton">
    <a class="button bgRed white addToCart" href="#">Add</a>
</div>
</div><div class="left product prod248"
        data-name="Rum Centenario Especial 7a 70"
        data-price="33.86"
        data-id="28214"
        data-available="yes"
        data-category="2605"
        data-bestselling="">
    <a href="../rum-centenario-especial-7a-70.html">
        <div style="background-image: url('../../cdn.spesati.com/images/products/missing-image/missing-image.jpg')">
            <div class="hover"></div>
            
            <div class="stickers"></div>
        </div>
    </a>
    <div>
        <h4><a href="../rum-centenario-especial-7a-70.html"><b>Rum Centenario Especial 7a 70</b></a></h4>
        <p class="description">0.7 Lt</p>
        <p class="right price"><b>33.86 €</b></p>
        <p class="right unitPrice">48.37 € per litre</p>
    </div>
    <div class="contButton">
    <a class="button bgRed white addToCart" href="#">Add</a>
</div>
</div><div class="left product prod249"
        data-name="Whisky Jim Beam 1 Lt"
        data-price="24.96"
        data-id="28227"
        data-available="yes"
        data-category="1926"
        data-bestselling="">
    <a href="../whisky-jim-beam-1-lt.html">
        <div style="background-image: url('../../cdn.spesati.com/images/products/missing-image/missing-image.jpg')">
            <div class="hover"></div>
            
            <div class="stickers"></div>
        </div>
    </a>
    <div>
        <h4><a href="../whisky-jim-beam-1-lt.html"><b>Whisky Jim Beam 1 Lt</b></a></h4>
        <p class="description">0.1 Lt</p>
        <p class="right price"><b>24.96 €</b></p>
        <p class="right unitPrice">249.64 € per litre</p>
    </div>
    <div class="contButton">
    <a class="button bgRed white addToCart" href="#">Add</a>
</div>
</div><div class="left product prod250"
        data-name="Vodka Moskovskaya 1lt"
        data-price="19.46"
        data-id="28245"
        data-available="yes"
        data-category="2107"
        data-bestselling="">
    <a href="../vodka-moskovskaya-1lt.html">
        <div style="background-image: url('../../cdn.spesati.com/images/products/missing-image/missing-image.jpg')">
            <div class="hover"></div>
            
            <div class="stickers"></div>
        </div>
    </a>
    <div>
        <h4><a href="../vodka-moskovskaya-1lt.html"><b>Vodka Moskovskaya 1lt</b></a></h4>
        <p class="description">1 Lt</p>
        <p class="right price"><b>19.46 €</b></p>
        <p class="right unitPrice">19.46 € per litre</p>
    </div>
    <div class="contButton">
    <a class="button bgRed white addToCart" href="#">Add</a>
</div>
</div><div class="left product prod251"
        data-name="Liq S Carta Crema Limone 50cl"
        data-price="13.91"
        data-id="28291"
        data-available="yes"
        data-category="2933"
        data-bestselling="">
    <a href="../liq-s-carta-crema-limone-50cl.html">
        <div style="background-image: url('../../cdn.spesati.com/images/products/missing-image/missing-image.jpg')">
            <div class="hover"></div>
            
            <div class="stickers"></div>
        </div>
    </a>
    <div>
        <h4><a href="../liq-s-carta-crema-limone-50cl.html"><b>Liq S Carta Crema Limone 50cl</b></a></h4>
        <p class="description">0.5 Lt</p>
        <p class="right price"><b>13.91 €</b></p>
        <p class="right unitPrice">27.82 € per litre</p>
    </div>
    <div class="contButton">
    <a class="button bgRed white addToCart" href="#">Add</a>
</div>
</div><div class="left product prod252"
        data-name="Liq Filuferru Lucrezio R Barri"
        data-price="12.90"
        data-id="28302"
        data-available="yes"
        data-category="2933"
        data-bestselling="">
    <a href="../liq-filuferru-lucrezio-r-barri.html">
        <div style="background-image: url('../../cdn.spesati.com/images/products/missing-image/missing-image.jpg')">
            <div class="hover"></div>
            
            <div class="stickers"></div>
        </div>
    </a>
    <div>
        <h4><a href="../liq-filuferru-lucrezio-r-barri.html"><b>Liq Filuferru Lucrezio R Barri</b></a></h4>
        <p class="description">0.5 Lt</p>
        <p class="right price"><b>12.90 €</b></p>
        <p class="right unitPrice">25.80 € per litre</p>
    </div>
    <div class="contButton">
    <a class="button bgRed white addToCart" href="#">Add</a>
</div>
</div><div class="left product prod253"
        data-name="Grappa Filu'e Ferru Carta 1lt"
        data-price="18.95"
        data-id="28317"
        data-available="yes"
        data-category="2933"
        data-bestselling="">
    <a href="../grappa-filue-ferru-carta-1lt.html">
        <div style="background-image: url('../../cdn.spesati.com/images/products/missing-image/missing-image.jpg')">
            <div class="hover"></div>
            
            <div class="stickers"></div>
        </div>
    </a>
    <div>
        <h4><a href="../grappa-filue-ferru-carta-1lt.html"><b>Grappa Filu'e Ferru Carta 1lt</b></a></h4>
        <p class="description">1 Lt</p>
        <p class="right price"><b>18.95 €</b></p>
        <p class="right unitPrice">18.95 € per litre</p>
    </div>
    <div class="contButton">
    <a class="button bgRed white addToCart" href="#">Add</a>
</div>
</div><div class="left product prod254"
        data-name="Liq.filu Ferru Lt.2 'carta'"
        data-price="34.83"
        data-id="28320"
        data-available="yes"
        data-category="2933"
        data-bestselling="">
    <a href="../liqfilu-ferru-lt2-carta.html">
        <div style="background-image: url('../../cdn.spesati.com/images/products/missing-image/missing-image.jpg')">
            <div class="hover"></div>
            
            <div class="stickers"></div>
        </div>
    </a>
    <div>
        <h4><a href="../liqfilu-ferru-lt2-carta.html"><b>Liq.filu Ferru Lt.2 'carta'</b></a></h4>
        <p class="description">2 Lt</p>
        <p class="right price"><b>34.83 €</b></p>
        <p class="right unitPrice">17.42 € per litre</p>
    </div>
    <div class="contButton">
    <a class="button bgRed white addToCart" href="#">Add</a>
</div>
</div><div class="left product prod255"
        data-name="Sambuca Ramazzotti Mignon Cl 3"
        data-price="0.94"
        data-id="28326"
        data-available="yes"
        data-category="2933"
        data-bestselling="">
    <a href="../sambuca-ramazzotti-mignon-cl-3.html">
        <div style="background-image: url('../../cdn.spesati.com/images/products/missing-image/missing-image.jpg')">
            <div class="hover"></div>
            
            <div class="stickers"></div>
        </div>
    </a>
    <div>
        <h4><a href="../sambuca-ramazzotti-mignon-cl-3.html"><b>Sambuca Ramazzotti Mignon Cl 3</b></a></h4>
        <p class="description">0.03 Lt</p>
        <p class="right price"><b>0.94 €</b></p>
        <p class="right unitPrice">31.29 € per litre</p>
    </div>
    <div class="contButton">
    <a class="button bgRed white addToCart" href="#">Add</a>
</div>
</div><div class="left product prod256"
        data-name="Gin Giniu S Carta 70 Cl"
        data-price="28.50"
        data-id="28329"
        data-available="yes"
        data-category="1671"
        data-bestselling="">
    <a href="../gin-giniu-s-carta-70-cl.html">
        <div style="background-image: url('../../cdn.spesati.com/images/products/missing-image/missing-image.jpg')">
            <div class="hover"></div>
            
            <div class="stickers"></div>
        </div>
    </a>
    <div>
        <h4><a href="../gin-giniu-s-carta-70-cl.html"><b>Gin Giniu S Carta 70 Cl</b></a></h4>
        <p class="description">0.7 Lt</p>
        <p class="right price"><b>28.50 €</b></p>
        <p class="right unitPrice">40.71 € per litre</p>
    </div>
    <div class="contButton">
    <a class="button bgRed white addToCart" href="#">Add</a>
</div>
</div><div class="left product prod257"
        data-name="Grappa Villa Sandi Oris Invecc"
        data-price="21.07"
        data-id="28340"
        data-available="yes"
        data-category="2933"
        data-bestselling="">
    <a href="../grappa-villa-sandi-oris-invecc.html">
        <div style="background-image: url('../../cdn.spesati.com/images/products/missing-image/missing-image.jpg')">
            <div class="hover"></div>
            
            <div class="stickers"></div>
        </div>
    </a>
    <div>
        <h4><a href="../grappa-villa-sandi-oris-invecc.html"><b>Grappa Villa Sandi Oris Invecc</b></a></h4>
        <p class="description">0.7 Lt</p>
        <p class="right price"><b>21.07 €</b></p>
        <p class="right unitPrice">30.10 € per litre</p>
    </div>
    <div class="contButton">
    <a class="button bgRed white addToCart" href="#">Add</a>
</div>
</div><div class="left product prod258"
        data-name="Grappa Villasandi Prosec Cl 70"
        data-price="20.41"
        data-id="28341"
        data-available="yes"
        data-category="2933"
        data-bestselling="">
    <a href="../grappa-villasandi-prosec-cl-70.html">
        <div style="background-image: url('../../cdn.spesati.com/images/products/missing-image/missing-image.jpg')">
            <div class="hover"></div>
            
            <div class="stickers"></div>
        </div>
    </a>
    <div>
        <h4><a href="../grappa-villasandi-prosec-cl-70.html"><b>Grappa Villasandi Prosec Cl 70</b></a></h4>
        <p class="description">0.7 Lt</p>
        <p class="right price"><b>20.41 €</b></p>
        <p class="right unitPrice">29.16 € per litre</p>
    </div>
    <div class="contButton">
    <a class="button bgRed white addToCart" href="#">Add</a>
</div>
</div><div class="left product prod259"
        data-name="Grappa Le Giare Amarone 70 Cl"
        data-price="60.85"
        data-id="28344"
        data-available="yes"
        data-category="2933"
        data-bestselling="">
    <a href="../grappa-le-giare-amarone-70-cl.html">
        <div style="background-image: url('../../cdn.spesati.com/images/products/missing-image/missing-image.jpg')">
            <div class="hover"></div>
            
            <div class="stickers"></div>
        </div>
    </a>
    <div>
        <h4><a href="../grappa-le-giare-amarone-70-cl.html"><b>Grappa Le Giare Amarone 70 Cl</b></a></h4>
        <p class="description">0.7 Lt</p>
        <p class="right price"><b>60.85 €</b></p>
        <p class="right unitPrice">86.93 € per litre</p>
    </div>
    <div class="contButton">
    <a class="button bgRed white addToCart" href="#">Add</a>
</div>
</div><div class="left product prod260"
        data-name="Acquavite Cherchi N.elogu Ambr"
        data-price="23.50"
        data-id="28363"
        data-available="yes"
        data-category="2933"
        data-bestselling="">
    <a href="../acquavite-cherchi-nelogu-ambr.html">
        <div style="background-image: url('../../cdn.spesati.com/images/products/missing-image/missing-image.jpg')">
            <div class="hover"></div>
            
            <div class="stickers"></div>
        </div>
    </a>
    <div>
        <h4><a href="../acquavite-cherchi-nelogu-ambr.html"><b>Acquavite Cherchi N.elogu Ambr</b></a></h4>
        <p class="description">0.5 Lt</p>
        <p class="right price"><b>23.50 €</b></p>
        <p class="right unitPrice">46.99 € per litre</p>
    </div>
    <div class="contButton">
    <a class="button bgRed white addToCart" href="#">Add</a>
</div>
</div><div class="left product prod261"
        data-name="Acquavite Cherchi N.elogu Bian"
        data-price="22.90"
        data-id="28364"
        data-available="yes"
        data-category="2933"
        data-bestselling="">
    <a href="../acquavite-cherchi-nelogu-bian.html">
        <div style="background-image: url('../../cdn.spesati.com/images/products/missing-image/missing-image.jpg')">
            <div class="hover"></div>
            
            <div class="stickers"></div>
        </div>
    </a>
    <div>
        <h4><a href="../acquavite-cherchi-nelogu-bian.html"><b>Acquavite Cherchi N.elogu Bian</b></a></h4>
        <p class="description">0.5 Lt</p>
        <p class="right price"><b>22.90 €</b></p>
        <p class="right unitPrice">45.80 € per litre</p>
    </div>
    <div class="contButton">
    <a class="button bgRed white addToCart" href="#">Add</a>
</div>
</div><div class="left product prod262"
        data-name="Brandy Cardenal Mendoza Cl 70"
        data-price="30.50"
        data-id="28365"
        data-available="yes"
        data-category="2364"
        data-bestselling="">
    <a href="../brandy-cardenal-mendoza-cl-70.html">
        <div style="background-image: url('../../cdn.spesati.com/images/products/missing-image/missing-image.jpg')">
            <div class="hover"></div>
            
            <div class="stickers"></div>
        </div>
    </a>
    <div>
        <h4><a href="../brandy-cardenal-mendoza-cl-70.html"><b>Brandy Cardenal Mendoza Cl 70</b></a></h4>
        <p class="description">0.7 Lt</p>
        <p class="right price"><b>30.50 €</b></p>
        <p class="right unitPrice">43.57 € per litre</p>
    </div>
    <div class="contButton">
    <a class="button bgRed white addToCart" href="#">Add</a>
</div>
</div><div class="left product prod263"
        data-name="Brandy Stravec Polini 4,5l 36"
        data-price="59.55"
        data-id="28366"
        data-available="yes"
        data-category="2364"
        data-bestselling="">
    <a href="../brandy-stravec-polini-45l-36.html">
        <div style="background-image: url('../../cdn.spesati.com/images/products/missing-image/missing-image.jpg')">
            <div class="hover"></div>
            
            <div class="stickers"></div>
        </div>
    </a>
    <div>
        <h4><a href="../brandy-stravec-polini-45l-36.html"><b>Brandy Stravec Polini 4,5l 36</b></a></h4>
        <p class="description">4.5 Lt</p>
        <p class="right price"><b>59.55 €</b></p>
        <p class="right unitPrice">13.24 € per litre</p>
    </div>
    <div class="contButton">
    <a class="button bgRed white addToCart" href="#">Add</a>
</div>
</div><div class="left product prod264"
        data-name="Grappa Bianca Polini 4,5 L 38"
        data-price="58.73"
        data-id="28367"
        data-available="yes"
        data-category="2933"
        data-bestselling="">
    <a href="../grappa-bianca-polini-45-l-38.html">
        <div style="background-image: url('../../cdn.spesati.com/images/products/missing-image/missing-image.jpg')">
            <div class="hover"></div>
            
            <div class="stickers"></div>
        </div>
    </a>
    <div>
        <h4><a href="../grappa-bianca-polini-45-l-38.html"><b>Grappa Bianca Polini 4,5 L 38</b></a></h4>
        <p class="description">4.5 Lt</p>
        <p class="right price"><b>58.73 €</b></p>
        <p class="right unitPrice">13.05 € per litre</p>
    </div>
    <div class="contButton">
    <a class="button bgRed white addToCart" href="#">Add</a>
</div>
</div><div class="left product prod265"
        data-name="Gin Lond Polini Ex Dry 4,5l"
        data-price="46.85"
        data-id="28369"
        data-available="yes"
        data-category="1671"
        data-bestselling="">
    <a href="../gin-lond-polini-ex-dry-45l.html">
        <div style="background-image: url('../../cdn.spesati.com/images/products/missing-image/missing-image.jpg')">
            <div class="hover"></div>
            
            <div class="stickers"></div>
        </div>
    </a>
    <div>
        <h4><a href="../gin-lond-polini-ex-dry-45l.html"><b>Gin Lond Polini Ex Dry 4,5l</b></a></h4>
        <p class="description">4.5 Lt</p>
        <p class="right price"><b>46.85 €</b></p>
        <p class="right unitPrice">10.41 € per litre</p>
    </div>
    <div class="contButton">
    <a class="button bgRed white addToCart" href="#">Add</a>
</div>
</div><div class="left product prod266"
        data-name="Rum Del Caribe Bco Polin 4,5l"
        data-price="52.10"
        data-id="28371"
        data-available="yes"
        data-category="2605"
        data-bestselling="">
    <a href="../rum-del-caribe-bco-polin-45l.html">
        <div style="background-image: url('../../cdn.spesati.com/images/products/missing-image/missing-image.jpg')">
            <div class="hover"></div>
            
            <div class="stickers"></div>
        </div>
    </a>
    <div>
        <h4><a href="../rum-del-caribe-bco-polin-45l.html"><b>Rum Del Caribe Bco Polin 4,5l</b></a></h4>
        <p class="description">4.5 Lt</p>
        <p class="right price"><b>52.10 €</b></p>
        <p class="right unitPrice">11.58 € per litre</p>
    </div>
    <div class="contButton">
    <a class="button bgRed white addToCart" href="#">Add</a>
</div>
</div><div class="left product prod267"
        data-name="Sambuca Extra Polini 4,5 L 38"
        data-price="54.96"
        data-id="28372"
        data-available="yes"
        data-category="2933"
        data-bestselling="">
    <a href="../sambuca-extra-polini-45-l-38.html">
        <div style="background-image: url('../../cdn.spesati.com/images/products/missing-image/missing-image.jpg')">
            <div class="hover"></div>
            
            <div class="stickers"></div>
        </div>
    </a>
    <div>
        <h4><a href="../sambuca-extra-polini-45-l-38.html"><b>Sambuca Extra Polini 4,5 L 38</b></a></h4>
        <p class="description">4.5 Lt</p>
        <p class="right price"><b>54.96 €</b></p>
        <p class="right unitPrice">12.21 € per litre</p>
    </div>
    <div class="contButton">
    <a class="button bgRed white addToCart" href="#">Add</a>
</div>
</div><div class="left product prod268"
        data-name="Vodka Polini 4,5lt 37,5"
        data-price="50.89"
        data-id="28376"
        data-available="yes"
        data-category="2107"
        data-bestselling="">
    <a href="../vodka-polini-45lt-375.html">
        <div style="background-image: url('../../cdn.spesati.com/images/products/missing-image/missing-image.jpg')">
            <div class="hover"></div>
            
            <div class="stickers"></div>
        </div>
    </a>
    <div>
        <h4><a href="../vodka-polini-45lt-375.html"><b>Vodka Polini 4,5lt 37,5</b></a></h4>
        <p class="description">4.5 Lt</p>
        <p class="right price"><b>50.89 €</b></p>
        <p class="right unitPrice">11.31 € per litre</p>
    </div>
    <div class="contButton">
    <a class="button bgRed white addToCart" href="#">Add</a>
</div>
</div><div class="left product prod269"
        data-name="Gin The Botanist 70 Cl"
        data-price="50.94"
        data-id="28401"
        data-available="yes"
        data-category="1671"
        data-bestselling="">
    <a href="../gin-the-botanist-70-cl.html">
        <div style="background-image: url('../../cdn.spesati.com/images/products/missing-image/missing-image.jpg')">
            <div class="hover"></div>
            
            <div class="stickers"></div>
        </div>
    </a>
    <div>
        <h4><a href="../gin-the-botanist-70-cl.html"><b>Gin The Botanist 70 Cl</b></a></h4>
        <p class="description">0.7 Lt</p>
        <p class="right price"><b>50.94 €</b></p>
        <p class="right unitPrice">72.76 € per litre</p>
    </div>
    <div class="contButton">
    <a class="button bgRed white addToCart" href="#">Add</a>
</div>
</div><div class="left product prod270"
        data-name="Vodka Norvik Fragola 1lt"
        data-price="12.81"
        data-id="27914"
        data-available="yes"
        data-category="2107"
        data-bestselling="">
    <a href="../vodka-norvik-fragola-1lt.html">
        <div style="background-image: url('../../cdn.spesati.com/images/products/missing-image/missing-image.jpg')">
            <div class="hover"></div>
            
            <div class="stickers"></div>
        </div>
    </a>
    <div>
        <h4><a href="../vodka-norvik-fragola-1lt.html"><b>Vodka Norvik Fragola 1lt</b></a></h4>
        <p class="description">1 Lt</p>
        <p class="right price"><b>12.81 €</b></p>
        <p class="right unitPrice">12.81 € per litre</p>
    </div>
    <div class="contButton">
    <a class="button bgRed white addToCart" href="#">Add</a>
</div>
</div><div class="left product prod271"
        data-name="Vodka Norvik Classic 1lt"
        data-price="16.74"
        data-id="27915"
        data-available="yes"
        data-category="2107"
        data-bestselling="">
    <a href="../vodka-norvik-classic-1lt.html">
        <div style="background-image: url('../../cdn.spesati.com/images/products/missing-image/missing-image.jpg')">
            <div class="hover"></div>
            
            <div class="stickers"></div>
        </div>
    </a>
    <div>
        <h4><a href="../vodka-norvik-classic-1lt.html"><b>Vodka Norvik Classic 1lt</b></a></h4>
        <p class="description">1 Lt</p>
        <p class="right price"><b>16.74 €</b></p>
        <p class="right unitPrice">16.74 € per litre</p>
    </div>
    <div class="contButton">
    <a class="button bgRed white addToCart" href="#">Add</a>
</div>
</div><div class="left product prod272"
        data-name="Tequila Tres Sombreros Silv 1l"
        data-price="30.43"
        data-id="27916"
        data-available="yes"
        data-category="2220"
        data-bestselling="">
    <a href="../tequila-tres-sombreros-silv-1l.html">
        <div style="background-image: url('../../cdn.spesati.com/images/products/missing-image/missing-image.jpg')">
            <div class="hover"></div>
            
            <div class="stickers"></div>
        </div>
    </a>
    <div>
        <h4><a href="../tequila-tres-sombreros-silv-1l.html"><b>Tequila Tres Sombreros Silv 1l</b></a></h4>
        <p class="description">1 Lt</p>
        <p class="right price"><b>30.43 €</b></p>
        <p class="right unitPrice">30.43 € per litre</p>
    </div>
    <div class="contButton">
    <a class="button bgRed white addToCart" href="#">Add</a>
</div>
</div><div class="left product prod273"
        data-name="Liq Crema Banana 70cl"
        data-price="12.69"
        data-id="27929"
        data-available="yes"
        data-category="2933"
        data-bestselling="">
    <a href="../liq-crema-banana-70cl.html">
        <div style="background-image: url('../../cdn.spesati.com/images/products/missing-image/missing-image.jpg')">
            <div class="hover"></div>
            
            <div class="stickers"></div>
        </div>
    </a>
    <div>
        <h4><a href="../liq-crema-banana-70cl.html"><b>Liq Crema Banana 70cl</b></a></h4>
        <p class="description">0.7 Lt</p>
        <p class="right price"><b>12.69 €</b></p>
        <p class="right unitPrice">18.13 € per litre</p>
    </div>
    <div class="contButton">
    <a class="button bgRed white addToCart" href="#">Add</a>
</div>
</div><div class="left product prod274"
        data-name="Vodka Grey Goose 3lt"
        data-price="323.36"
        data-id="28416"
        data-available="yes"
        data-category="2107"
        data-bestselling="">
    <a href="../vodka-grey-goose-3lt.html">
        <div style="background-image: url('../../cdn.spesati.com/images/products/missing-image/missing-image.jpg')">
            <div class="hover"></div>
            
            <div class="stickers"></div>
        </div>
    </a>
    <div>
        <h4><a href="../vodka-grey-goose-3lt.html"><b>Vodka Grey Goose 3lt</b></a></h4>
        <p class="description">3 Lt</p>
        <p class="right price"><b>323.36 €</b></p>
        <p class="right unitPrice">107.79 € per litre</p>
    </div>
    <div class="contButton">
    <a class="button bgRed white addToCart" href="#">Add</a>
</div>
</div><div class="left product prod275"
        data-name="Liq Batico' Batida De Cocc 70c"
        data-price="15.46"
        data-id="27930"
        data-available="yes"
        data-category="2933"
        data-bestselling="">
    <a href="../liq-batico-batida-de-cocc-70c.html">
        <div style="background-image: url('../../cdn.spesati.com/images/products/missing-image/missing-image.jpg')">
            <div class="hover"></div>
            
            <div class="stickers"></div>
        </div>
    </a>
    <div>
        <h4><a href="../liq-batico-batida-de-cocc-70c.html"><b>Liq Batico' Batida De Cocc 70c</b></a></h4>
        <p class="description">0.7 Lt</p>
        <p class="right price"><b>15.46 €</b></p>
        <p class="right unitPrice">22.08 € per litre</p>
    </div>
    <div class="contButton">
    <a class="button bgRed white addToCart" href="#">Add</a>
</div>
</div><div class="left product prod276"
        data-name="Tequila Tres Sombreros Gold 1l"
        data-price="29.30"
        data-id="28420"
        data-available="yes"
        data-category="2220"
        data-bestselling="">
    <a href="../tequila-tres-sombreros-gold-1l.html">
        <div style="background-image: url('../../cdn.spesati.com/images/products/missing-image/missing-image.jpg')">
            <div class="hover"></div>
            
            <div class="stickers"></div>
        </div>
    </a>
    <div>
        <h4><a href="../tequila-tres-sombreros-gold-1l.html"><b>Tequila Tres Sombreros Gold 1l</b></a></h4>
        <p class="description">1 Lt</p>
        <p class="right price"><b>29.30 €</b></p>
        <p class="right unitPrice">29.30 € per litre</p>
    </div>
    <div class="contButton">
    <a class="button bgRed white addToCart" href="#">Add</a>
</div>
</div><div class="left product prod277"
        data-name="Vodka Norvik Menta 1lt"
        data-price="12.81"
        data-id="27973"
        data-available="yes"
        data-category="2107"
        data-bestselling="">
    <a href="../vodka-norvik-menta-1lt.html">
        <div style="background-image: url('../../cdn.spesati.com/images/products/missing-image/missing-image.jpg')">
            <div class="hover"></div>
            
            <div class="stickers"></div>
        </div>
    </a>
    <div>
        <h4><a href="../vodka-norvik-menta-1lt.html"><b>Vodka Norvik Menta 1lt</b></a></h4>
        <p class="description">1 Lt</p>
        <p class="right price"><b>12.81 €</b></p>
        <p class="right unitPrice">12.81 € per litre</p>
    </div>
    <div class="contButton">
    <a class="button bgRed white addToCart" href="#">Add</a>
</div>
</div><div class="left product prod278"
        data-name="Gin Princess Five Senses 1lt"
        data-price="17.15"
        data-id="28422"
        data-available="yes"
        data-category="1671"
        data-bestselling="">
    <a href="../gin-princess-five-senses-1lt.html">
        <div style="background-image: url('../../cdn.spesati.com/images/products/missing-image/missing-image.jpg')">
            <div class="hover"></div>
            
            <div class="stickers"></div>
        </div>
    </a>
    <div>
        <h4><a href="../gin-princess-five-senses-1lt.html"><b>Gin Princess Five Senses 1lt</b></a></h4>
        <p class="description">1 Lt</p>
        <p class="right price"><b>17.15 €</b></p>
        <p class="right unitPrice">17.15 € per litre</p>
    </div>
    <div class="contButton">
    <a class="button bgRed white addToCart" href="#">Add</a>
</div>
</div><div class="left product prod279"
        data-name="Vodka Norvik Pesca 1lt"
        data-price="12.81"
        data-id="27974"
        data-available="yes"
        data-category="2107"
        data-bestselling="">
    <a href="../vodka-norvik-pesca-1lt.html">
        <div style="background-image: url('../../cdn.spesati.com/images/products/missing-image/missing-image.jpg')">
            <div class="hover"></div>
            
            <div class="stickers"></div>
        </div>
    </a>
    <div>
        <h4><a href="../vodka-norvik-pesca-1lt.html"><b>Vodka Norvik Pesca 1lt</b></a></h4>
        <p class="description">1 Lt</p>
        <p class="right price"><b>12.81 €</b></p>
        <p class="right unitPrice">12.81 € per litre</p>
    </div>
    <div class="contButton">
    <a class="button bgRed white addToCart" href="#">Add</a>
</div>
</div><div class="left product prod280"
        data-name="Ron Abuelo 12 Anni 70cl"
        data-price="46.48"
        data-id="28424"
        data-available="yes"
        data-category="2605"
        data-bestselling="">
    <a href="../ron-abuelo-12-anni-70cl.html">
        <div style="background-image: url('../../cdn.spesati.com/images/products/missing-image/missing-image.jpg')">
            <div class="hover"></div>
            
            <div class="stickers"></div>
        </div>
    </a>
    <div>
        <h4><a href="../ron-abuelo-12-anni-70cl.html"><b>Ron Abuelo 12 Anni 70cl</b></a></h4>
        <p class="description">0.7 Lt</p>
        <p class="right price"><b>46.48 €</b></p>
        <p class="right unitPrice">66.40 € per litre</p>
    </div>
    <div class="contButton">
    <a class="button bgRed white addToCart" href="#">Add</a>
</div>
</div><div class="left product prod281"
        data-name="Vodka Norvik Melone 1lt"
        data-price="12.81"
        data-id="27977"
        data-available="yes"
        data-category="2107"
        data-bestselling="">
    <a href="../vodka-norvik-melone-1lt.html">
        <div style="background-image: url('../../cdn.spesati.com/images/products/missing-image/missing-image.jpg')">
            <div class="hover"></div>
            
            <div class="stickers"></div>
        </div>
    </a>
    <div>
        <h4><a href="../vodka-norvik-melone-1lt.html"><b>Vodka Norvik Melone 1lt</b></a></h4>
        <p class="description">1 Lt</p>
        <p class="right price"><b>12.81 €</b></p>
        <p class="right unitPrice">12.81 € per litre</p>
    </div>
    <div class="contButton">
    <a class="button bgRed white addToCart" href="#">Add</a>
</div>
</div><div class="left product prod282"
        data-name="Armagnac Chevalier Despal 70cl"
        data-price="37.38"
        data-id="28425"
        data-available="yes"
        data-category="2933"
        data-bestselling="">
    <a href="../armagnac-chevalier-despal-70cl.html">
        <div style="background-image: url('../../cdn.spesati.com/images/products/missing-image/missing-image.jpg')">
            <div class="hover"></div>
            
            <div class="stickers"></div>
        </div>
    </a>
    <div>
        <h4><a href="../armagnac-chevalier-despal-70cl.html"><b>Armagnac Chevalier Despal 70cl</b></a></h4>
        <p class="description">0.7 Lt</p>
        <p class="right price"><b>37.38 €</b></p>
        <p class="right unitPrice">53.40 € per litre</p>
    </div>
    <div class="contButton">
    <a class="button bgRed white addToCart" href="#">Add</a>
</div>
</div><div class="left product prod283"
        data-name="Vodka Norvik Panna-fragola 70c"
        data-price="13.38"
        data-id="28019"
        data-available="yes"
        data-category="2107"
        data-bestselling="">
    <a href="../vodka-norvik-panna-fragola-70c.html">
        <div style="background-image: url('../../cdn.spesati.com/images/products/missing-image/missing-image.jpg')">
            <div class="hover"></div>
            
            <div class="stickers"></div>
        </div>
    </a>
    <div>
        <h4><a href="../vodka-norvik-panna-fragola-70c.html"><b>Vodka Norvik Panna-fragola 70c</b></a></h4>
        <p class="description">1 Lt</p>
        <p class="right price"><b>13.38 €</b></p>
        <p class="right unitPrice">13.38 € per litre</p>
    </div>
    <div class="contButton">
    <a class="button bgRed white addToCart" href="#">Add</a>
</div>
</div><div class="left product prod284"
        data-name="Conf Ron Zacapa 70c 23 C/2 Bic"
        data-price="75.90"
        data-id="62844"
        data-available="no"
        data-category="2605"
        data-bestselling="">
    <a href="../conf-ron-zacapa-70c-23-c2-bic.html">
        <div style="background-image: url('../../cdn.spesati.com/images/products/000210486/ron-zacapa-23-solera-gran-riserva-700-ml-2-bicchieri-01.png')">
            <div class="hover"></div>
            
            <div class="stickers"></div>
        </div>
    </a>
    <div>
        <h4><a href="../conf-ron-zacapa-70c-23-c2-bic.html"><b>Conf Ron Zacapa 70c 23 C/2 Bic</b></a></h4>
        <p class="description">Ron Zacapa 23 Solera Gran Riserva 700 ml + 2 bicchieri</p>
        <p class="right price"><b>75.90 €</b></p>
        <p class="right unitPrice">108.43 € per litre</p>
    </div>
    <div class="notAvailable">
    <a class="button bgDarkGrey white" href="../conf-ron-zacapa-70c-23-c2-bic.html">Not available</a>
</div>
</div><div class="left product prod285"
        data-name="Whisky long john 70Cl"
        data-price="14.63"
        data-id="14500"
        data-available="no"
        data-category="1926"
        data-bestselling="">
    <a href="../whisky-long-john-70cl.html">
        <div style="background-image: url('../../cdn.spesati.com/images/products/000210356/long-john-blended-scotch-whisky-70-cl-01.png')">
            <div class="hover"></div>
            
            <div class="stickers"></div>
        </div>
    </a>
    <div>
        <h4><a href="../whisky-long-john-70cl.html"><b>Whisky long john 70Cl</b></a></h4>
        <p class="description">Long John Blended scotch whisky 70 cl</p>
        <p class="right price"><b>14.63 €</b></p>
        <p class="right unitPrice">20.90 € per litre</p>
    </div>
    <div class="notAvailable">
    <a class="button bgDarkGrey white" href="../whisky-long-john-70cl.html">Not available</a>
</div>
</div><div class="left product prod286"
        data-name="Whisky Oban 14 Anni 70cl"
        data-price="69.00"
        data-id="28611"
        data-available="no"
        data-category="1926"
        data-bestselling="">
    <a href="../whisky-oban-14-anni-70cl.html">
        <div style="background-image: url('../../cdn.spesati.com/images/products/000207135/oban-single-malt-scotch-whisky-70-cl-01.png')">
            <div class="hover"></div>
            
            <div class="stickers"></div>
        </div>
    </a>
    <div>
        <h4><a href="../whisky-oban-14-anni-70cl.html"><b>Whisky Oban 14 Anni 70cl</b></a></h4>
        <p class="description">Oban Single malt scotch whisky 70 cl</p>
        <p class="right price"><b>69.00 €</b></p>
        <p class="right unitPrice">98.58 € per litre</p>
    </div>
    <div class="notAvailable">
    <a class="button bgDarkGrey white" href="../whisky-oban-14-anni-70cl.html">Not available</a>
</div>
</div><div class="left product prod287"
        data-name="Whisky Cardhu 12years 70cl"
        data-price="41.20"
        data-id="28596"
        data-available="no"
        data-category="1926"
        data-bestselling="">
    <a href="../whisky-cardhu-12years-70cl.html">
        <div style="background-image: url('../../cdn.spesati.com/images/products/000207074/cardhu-gold-reserve-single-malt-scotch-whisky-70-cl-01.png')">
            <div class="hover"></div>
            
            <div class="stickers"></div>
        </div>
    </a>
    <div>
        <h4><a href="../whisky-cardhu-12years-70cl.html"><b>Whisky Cardhu 12years 70cl</b></a></h4>
        <p class="description">Cardhu Gold Reserve Single Malt Scotch Whisky 70 cl</p>
        <p class="right price"><b>41.20 €</b></p>
        <p class="right unitPrice">58.85 € per litre</p>
    </div>
    <div class="notAvailable">
    <a class="button bgDarkGrey white" href="../whisky-cardhu-12years-70cl.html">Not available</a>
</div>
</div><div class="left product prod288"
        data-name="Vodka Keglevich Liquirizia"
        data-price="12.10"
        data-id="52"
        data-available="no"
        data-category="2107"
        data-bestselling="">
    <a href="../vodka-keglevich-liquirizia.html">
        <div style="background-image: url('../../cdn.spesati.com/images/products/000206485/keglevich-with-pure-vodka--pure-taste-liquirizia-0-7-l-01.png')">
            <div class="hover"></div>
            
            <div class="stickers"></div>
        </div>
    </a>
    <div>
        <h4><a href="../vodka-keglevich-liquirizia.html"><b>Vodka Keglevich Liquirizia</b></a></h4>
        <p class="description">Keglevich with Pure Vodka & Pure Taste Liquirizia 0,7 L</p>
        <p class="right price"><b>12.10 €</b></p>
        <p class="right unitPrice">17.29 € per litre</p>
    </div>
    <div class="notAvailable">
    <a class="button bgDarkGrey white" href="../vodka-keglevich-liquirizia.html">Not available</a>
</div>
</div><div class="left product prod289"
        data-name="Vodka Kegl Fusion Zenzero 70cl"
        data-price="15.47"
        data-id="28493"
        data-available="no"
        data-category="2107"
        data-bestselling="">
    <a href="../vodka-kegl-fusion-zenzero-70cl.html">
        <div style="background-image: url('../../cdn.spesati.com/images/products/000206409/keglevich-fusion-vodka--zenzero-0-7-l-01.png')">
            <div class="hover"></div>
            
            <div class="stickers"></div>
        </div>
    </a>
    <div>
        <h4><a href="../vodka-kegl-fusion-zenzero-70cl.html"><b>Vodka Kegl Fusion Zenzero 70cl</b></a></h4>
        <p class="description">Keglevich Fusion Vodka & Zenzero 0,7 L</p>
        <p class="right price"><b>15.47 €</b></p>
        <p class="right unitPrice">22.11 € per litre</p>
    </div>
    <div class="notAvailable">
    <a class="button bgDarkGrey white" href="../vodka-kegl-fusion-zenzero-70cl.html">Not available</a>
</div>
</div><div class="left product prod290"
        data-name="Grappa Nardini Bianca 50g 1lt"
        data-price="33.03"
        data-id="28463"
        data-available="no"
        data-category="2933"
        data-bestselling="">
    <a href="../grappa-nardini-bianca-50g-1lt.html">
        <div style="background-image: url('../../cdn.spesati.com/images/products/000206352/nardini-grappa-bianca-100-cl-01.png')">
            <div class="hover"></div>
            
            <div class="stickers"></div>
        </div>
    </a>
    <div>
        <h4><a href="../grappa-nardini-bianca-50g-1lt.html"><b>Grappa Nardini Bianca 50g 1lt</b></a></h4>
        <p class="description">Nardini Grappa Bianca 100 cl</p>
        <p class="right price"><b>33.03 €</b></p>
        <p class="right unitPrice">33.03 € per litre</p>
    </div>
    <div class="notAvailable">
    <a class="button bgDarkGrey white" href="../grappa-nardini-bianca-50g-1lt.html">Not available</a>
</div>
</div><div class="left product prod291"
        data-name="Acquavite Di Oristano Cl.70"
        data-price="22.42"
        data-id="28358"
        data-available="no"
        data-category="2933"
        data-bestselling="">
    <a href="../acquavite-di-oristano-cl70.html">
        <div style="background-image: url('../../cdn.spesati.com/images/products/000206002/silvio-carta-acqua-vite-di-oristano-70-cl-01.png')">
            <div class="hover"></div>
            
            <div class="stickers"></div>
        </div>
    </a>
    <div>
        <h4><a href="../acquavite-di-oristano-cl70.html"><b>Acquavite Di Oristano Cl.70</b></a></h4>
        <p class="description">Silvio Carta Acqua Vite di Oristano 70 cl</p>
        <p class="right price"><b>22.42 €</b></p>
        <p class="right unitPrice">32.04 € per litre</p>
    </div>
    <div class="notAvailable">
    <a class="button bgDarkGrey white" href="../acquavite-di-oristano-cl70.html">Not available</a>
</div>
</div><div class="left product prod292"
        data-name="Liq Baileys Chocolat Luxe 50cl"
        data-price="23.35"
        data-id="28270"
        data-available="no"
        data-category="2933"
        data-bestselling="">
    <a href="../liq-baileys-chocolat-luxe-50cl.html">
        <div style="background-image: url('../../cdn.spesati.com/images/products/000205039/baileys-chocolat-luxe-500-ml-01.png')">
            <div class="hover"></div>
            
            <div class="stickers"></div>
        </div>
    </a>
    <div>
        <h4><a href="../liq-baileys-chocolat-luxe-50cl.html"><b>Liq Baileys Chocolat Luxe 50cl</b></a></h4>
        <p class="description">Baileys Chocolat Luxe 500 ml</p>
        <p class="right price"><b>23.35 €</b></p>
        <p class="right unitPrice">46.69 € per litre</p>
    </div>
    <div class="notAvailable">
    <a class="button bgDarkGrey white" href="../liq-baileys-chocolat-luxe-50cl.html">Not available</a>
</div>
</div><div class="left product prod293"
        data-name="Vodka Russian Standard Orig.1l"
        data-price="22.16"
        data-id="28247"
        data-available="no"
        data-category="2107"
        data-bestselling="">
    <a href="../vodka-russian-standard-orig1l.html">
        <div style="background-image: url('../../cdn.spesati.com/images/products/000204142/russian-standard-vodka-original-100-cl-01.png')">
            <div class="hover"></div>
            
            <div class="stickers"></div>
        </div>
    </a>
    <div>
        <h4><a href="../vodka-russian-standard-orig1l.html"><b>Vodka Russian Standard Orig.1l</b></a></h4>
        <p class="description">Russian Standard Vodka Original 100 cl</p>
        <p class="right price"><b>22.16 €</b></p>
        <p class="right unitPrice">22.17 € per litre</p>
    </div>
    <div class="notAvailable">
    <a class="button bgDarkGrey white" href="../vodka-russian-standard-orig1l.html">Not available</a>
</div>
</div><div class="left product prod294"
        data-name="Bols Creme Cacao B. Cl70"
        data-price="14.64"
        data-id="23456"
        data-available="no"
        data-category="2933"
        data-bestselling="">
    <a href="../bols-creme-cacao-b-cl70.html">
        <div style="background-image: url('../../cdn.spesati.com/images/products/000022027/bols-cacao-brown-liqueur-700-ml-01.png')">
            <div class="hover"></div>
            
            <div class="stickers"></div>
        </div>
    </a>
    <div>
        <h4><a href="../bols-creme-cacao-b-cl70.html"><b>Bols Creme Cacao B. Cl70</b></a></h4>
        <p class="description">Bols Cacao Brown Liqueur 700 ml</p>
        <p class="right price"><b>14.64 €</b></p>
        <p class="right unitPrice">14.64 € per piece</p>
    </div>
    <div class="notAvailable">
    <a class="button bgDarkGrey white" href="../bols-creme-cacao-b-cl70.html">Not available</a>
</div>
</div><div class="left product prod295"
        data-name="Brandy Stravecchio Branca 5 Cl"
        data-price="2.26"
        data-id="28609"
        data-available="no"
        data-category="2364"
        data-bestselling="">
    <a href="../brandy-stravecchio-branca-5-cl.html">
        <div style="background-image: url('../../cdn.spesati.com/images/products/missing-image/missing-image.jpg')">
            <div class="hover"></div>
            
            <div class="stickers"></div>
        </div>
    </a>
    <div>
        <h4><a href="../brandy-stravecchio-branca-5-cl.html"><b>Brandy Stravecchio Branca 5 Cl</b></a></h4>
        <p class="description">0.05 Lt</p>
        <p class="right price"><b>2.26 €</b></p>
        <p class="right unitPrice">45.16 € per litre</p>
    </div>
    <div class="notAvailable">
    <a class="button bgDarkGrey white" href="../brandy-stravecchio-branca-5-cl.html">Not available</a>
</div>
</div><div class="left product prod296"
        data-name="Rhum Damoiseau Vo 70cl Ast."
        data-price="51.20"
        data-id="28618"
        data-available="no"
        data-category="2605"
        data-bestselling="">
    <a href="../rhum-damoiseau-vo-70cl-ast.html">
        <div style="background-image: url('../../cdn.spesati.com/images/products/missing-image/missing-image.jpg')">
            <div class="hover"></div>
            
            <div class="stickers"></div>
        </div>
    </a>
    <div>
        <h4><a href="../rhum-damoiseau-vo-70cl-ast.html"><b>Rhum Damoiseau Vo 70cl Ast.</b></a></h4>
        <p class="description">0.7 Lt</p>
        <p class="right price"><b>51.20 €</b></p>
        <p class="right unitPrice">73.14 € per litre</p>
    </div>
    <div class="notAvailable">
    <a class="button bgDarkGrey white" href="../rhum-damoiseau-vo-70cl-ast.html">Not available</a>
</div>
</div><div class="left product prod297"
        data-name="Vodka Absolut 5 Cl Mignon"
        data-price="3.14"
        data-id="29057"
        data-available="no"
        data-category="2107"
        data-bestselling="">
    <a href="../vodka-absolut-5-cl-mignon.html">
        <div style="background-image: url('../../cdn.spesati.com/images/products/missing-image/missing-image.jpg')">
            <div class="hover"></div>
            
            <div class="stickers"></div>
        </div>
    </a>
    <div>
        <h4><a href="../vodka-absolut-5-cl-mignon.html"><b>Vodka Absolut 5 Cl Mignon</b></a></h4>
        <p class="description">0.05 Lt</p>
        <p class="right price"><b>3.14 €</b></p>
        <p class="right unitPrice">62.88 € per litre</p>
    </div>
    <div class="notAvailable">
    <a class="button bgDarkGrey white" href="../vodka-absolut-5-cl-mignon.html">Not available</a>
</div>
</div><div class="left product prod298"
        data-name="Vodka Grey Goose Mignon 5 Cl"
        data-price="5.68"
        data-id="29194"
        data-available="no"
        data-category="2107"
        data-bestselling="">
    <a href="../vodka-grey-goose-mignon-5-cl.html">
        <div style="background-image: url('../../cdn.spesati.com/images/products/missing-image/missing-image.jpg')">
            <div class="hover"></div>
            
            <div class="stickers"></div>
        </div>
    </a>
    <div>
        <h4><a href="../vodka-grey-goose-mignon-5-cl.html"><b>Vodka Grey Goose Mignon 5 Cl</b></a></h4>
        <p class="description">0.05 Lt</p>
        <p class="right price"><b>5.68 €</b></p>
        <p class="right unitPrice">113.68 € per litre</p>
    </div>
    <div class="notAvailable">
    <a class="button bgDarkGrey white" href="../vodka-grey-goose-mignon-5-cl.html">Not available</a>
</div>
</div><div class="left product prod299"
        data-name="Whisky Laphr Select 70cl C-bic"
        data-price="55.51"
        data-id="29198"
        data-available="no"
        data-category="1926"
        data-bestselling="">
    <a href="../whisky-laphr-select-70cl-c-bic.html">
        <div style="background-image: url('../../cdn.spesati.com/images/products/missing-image/missing-image.jpg')">
            <div class="hover"></div>
            
            <div class="stickers"></div>
        </div>
    </a>
    <div>
        <h4><a href="../whisky-laphr-select-70cl-c-bic.html"><b>Whisky Laphr Select 70cl C-bic</b></a></h4>
        <p class="description">0.7 Lt</p>
        <p class="right price"><b>55.51 €</b></p>
        <p class="right unitPrice">79.30 € per litre</p>
    </div>
    <div class="notAvailable">
    <a class="button bgDarkGrey white" href="../whisky-laphr-select-70cl-c-bic.html">Not available</a>
</div>
</div><div class="left product prod300"
        data-name="Conf Brandy Carlos 1 70cl C/bi"
        data-price="40.66"
        data-id="62871"
        data-available="no"
        data-category="2364"
        data-bestselling="">
    <a href="../conf-brandy-carlos-1-70cl-cbi.html">
        <div style="background-image: url('../../cdn.spesati.com/images/products/missing-image/missing-image.jpg')">
            <div class="hover"></div>
            
            <div class="stickers"></div>
        </div>
    </a>
    <div>
        <h4><a href="../conf-brandy-carlos-1-70cl-cbi.html"><b>Conf Brandy Carlos 1 70cl C/bi</b></a></h4>
        <p class="description">0.7 Lt</p>
        <p class="right price"><b>40.66 €</b></p>
        <p class="right unitPrice">58.08 € per litre</p>
    </div>
    <div class="notAvailable">
    <a class="button bgDarkGrey white" href="../conf-brandy-carlos-1-70cl-cbi.html">Not available</a>
</div>
</div><div class="left product prod301"
        data-name="Whisky Canadian Club 70cl"
        data-price="24.24"
        data-id="28568"
        data-available="no"
        data-category="1926"
        data-bestselling="">
    <a href="../whisky-canadian-club-70cl.html">
        <div style="background-image: url('../../cdn.spesati.com/images/products/missing-image/missing-image.jpg')">
            <div class="hover"></div>
            
            <div class="stickers"></div>
        </div>
    </a>
    <div>
        <h4><a href="../whisky-canadian-club-70cl.html"><b>Whisky Canadian Club 70cl</b></a></h4>
        <p class="description">0.7 Lt</p>
        <p class="right price"><b>24.24 €</b></p>
        <p class="right unitPrice">34.62 € per litre</p>
    </div>
    <div class="notAvailable">
    <a class="button bgDarkGrey white" href="../whisky-canadian-club-70cl.html">Not available</a>
</div>
</div><div class="left product prod302"
        data-name="Conf Whisky Akashi 50cl C/bicc"
        data-price="75.95"
        data-id="72122"
        data-available="no"
        data-category="1926"
        data-bestselling="">
    <a href="../conf-whisky-akashi-50cl-cbicc.html">
        <div style="background-image: url('../../cdn.spesati.com/images/products/missing-image/missing-image.jpg')">
            <div class="hover"></div>
            
            <div class="stickers"></div>
        </div>
    </a>
    <div>
        <h4><a href="../conf-whisky-akashi-50cl-cbicc.html"><b>Conf Whisky Akashi 50cl C/bicc</b></a></h4>
        <p class="description">0.5 Lt</p>
        <p class="right price"><b>75.95 €</b></p>
        <p class="right unitPrice">151.90 € per litre</p>
    </div>
    <div class="notAvailable">
    <a class="button bgDarkGrey white" href="../conf-whisky-akashi-50cl-cbicc.html">Not available</a>
</div>
</div><div class="left product prod303"
        data-name="Conf Mazzetti Mappamondo 20 Cl"
        data-price="30.07"
        data-id="72925"
        data-available="no"
        data-category="2933"
        data-bestselling="">
    <a href="../conf-mazzetti-mappamondo-20-cl.html">
        <div style="background-image: url('../../cdn.spesati.com/images/products/missing-image/missing-image.jpg')">
            <div class="hover"></div>
            
            <div class="stickers"></div>
        </div>
    </a>
    <div>
        <h4><a href="../conf-mazzetti-mappamondo-20-cl.html"><b>Conf Mazzetti Mappamondo 20 Cl</b></a></h4>
        <p class="description">0.2 Lt</p>
        <p class="right price"><b>30.07 €</b></p>
        <p class="right unitPrice">150.37 € per litre</p>
    </div>
    <div class="notAvailable">
    <a class="button bgDarkGrey white" href="../conf-mazzetti-mappamondo-20-cl.html">Not available</a>
</div>
</div><div class="left product prod304"
        data-name="Grappa 43 Barrique Mazzett 50"
        data-price="20.39"
        data-id="80838"
        data-available="no"
        data-category="2933"
        data-bestselling="">
    <a href="../grappa-43-barrique-mazzett-50.html">
        <div style="background-image: url('../../cdn.spesati.com/images/products/missing-image/missing-image.jpg')">
            <div class="hover"></div>
            
            <div class="stickers"></div>
        </div>
    </a>
    <div>
        <h4><a href="../grappa-43-barrique-mazzett-50.html"><b>Grappa 43 Barrique Mazzett 50</b></a></h4>
        <p class="description">0.5 Lt</p>
        <p class="right price"><b>20.39 €</b></p>
        <p class="right unitPrice">40.78 € per litre</p>
    </div>
    <div class="notAvailable">
    <a class="button bgDarkGrey white" href="../grappa-43-barrique-mazzett-50.html">Not available</a>
</div>
</div><div class="left product prod305"
        data-name="Whisky Nikka Coffey Grain 70 C"
        data-price="87.83"
        data-id="28599"
        data-available="no"
        data-category="1926"
        data-bestselling="">
    <a href="../whisky-nikka-coffey-grain-70-c.html">
        <div style="background-image: url('../../cdn.spesati.com/images/products/missing-image/missing-image.jpg')">
            <div class="hover"></div>
            
            <div class="stickers"></div>
        </div>
    </a>
    <div>
        <h4><a href="../whisky-nikka-coffey-grain-70-c.html"><b>Whisky Nikka Coffey Grain 70 C</b></a></h4>
        <p class="description">0.7 Lt</p>
        <p class="right price"><b>87.83 €</b></p>
        <p class="right unitPrice">125.48 € per litre</p>
    </div>
    <div class="notAvailable">
    <a class="button bgDarkGrey white" href="../whisky-nikka-coffey-grain-70-c.html">Not available</a>
</div>
</div><div class="left product prod306"
        data-name="Whisky Nikka Coffey Malt 70 Cl"
        data-price="95.15"
        data-id="28600"
        data-available="no"
        data-category="1926"
        data-bestselling="">
    <a href="../whisky-nikka-coffey-malt-70-cl.html">
        <div style="background-image: url('../../cdn.spesati.com/images/products/missing-image/missing-image.jpg')">
            <div class="hover"></div>
            
            <div class="stickers"></div>
        </div>
    </a>
    <div>
        <h4><a href="../whisky-nikka-coffey-malt-70-cl.html"><b>Whisky Nikka Coffey Malt 70 Cl</b></a></h4>
        <p class="description">0.7 Lt</p>
        <p class="right price"><b>95.15 €</b></p>
        <p class="right unitPrice">135.93 € per litre</p>
    </div>
    <div class="notAvailable">
    <a class="button bgDarkGrey white" href="../whisky-nikka-coffey-malt-70-cl.html">Not available</a>
</div>
</div><div class="left product prod307"
        data-name="Gin Sipsmith Sloe Gin 50 Cl"
        data-price="66.42"
        data-id="28173"
        data-available="no"
        data-category="1671"
        data-bestselling="">
    <a href="../gin-sipsmith-sloe-gin-50-cl.html">
        <div style="background-image: url('../../cdn.spesati.com/images/products/missing-image/missing-image.jpg')">
            <div class="hover"></div>
            
            <div class="stickers"></div>
        </div>
    </a>
    <div>
        <h4><a href="../gin-sipsmith-sloe-gin-50-cl.html"><b>Gin Sipsmith Sloe Gin 50 Cl</b></a></h4>
        <p class="description">0.5 Lt</p>
        <p class="right price"><b>66.42 €</b></p>
        <p class="right unitPrice">132.85 € per litre</p>
    </div>
    <div class="notAvailable">
    <a class="button bgDarkGrey white" href="../gin-sipsmith-sloe-gin-50-cl.html">Not available</a>
</div>
</div><div class="left product prod308"
        data-name="Liq S Carta Crema Di Mirto 50c"
        data-price="13.56"
        data-id="28292"
        data-available="no"
        data-category="2933"
        data-bestselling="">
    <a href="../liq-s-carta-crema-di-mirto-50c.html">
        <div style="background-image: url('../../cdn.spesati.com/images/products/missing-image/missing-image.jpg')">
            <div class="hover"></div>
            
            <div class="stickers"></div>
        </div>
    </a>
    <div>
        <h4><a href="../liq-s-carta-crema-di-mirto-50c.html"><b>Liq S Carta Crema Di Mirto 50c</b></a></h4>
        <p class="description">0.5 Lt</p>
        <p class="right price"><b>13.56 €</b></p>
        <p class="right unitPrice">27.12 € per litre</p>
    </div>
    <div class="notAvailable">
    <a class="button bgDarkGrey white" href="../liq-s-carta-crema-di-mirto-50c.html">Not available</a>
</div>
</div>        </div>
    </div>
</section>
<div class="footer">
    <div class="bgDarkGrey"></div>
    <footer>
        <div class="left bgDarkGrey">
            <a id="logoFooter" href="../index.html" class="estDynamic">
                <img src="../../cdn.spesati.com/images/layout/logo-eng.png" alt="Spesati.com" />
                <h2 class="red">Grocery Delivery</h2>
            </a>
            <a class="button bgRed white mobile" href="tel:390707968318">Phone order</a>
            <a class="button bgRed white desktop" href="../news/2020-04-07/news-on-spesati-the-telephone-order-service-is-active.html">Phone order</a>
            <a class="button bgRed white" href="../cdn-cgi/l/email-protection.html#d2bbbcb4bd92a1a2b7a1b3a6bbfcb1bdbf">Send mail</a>
            <div id="social">
                <a class="left" href="https://www.facebook.com/spesati/" rel="external" target="_blank">
                    <span class="facebook bgRed fa-stack fa-lg">
                        <i class="fa fa-facebook fa-stack-1x "></i>
                    </span>
                </a>
                <a class="right" href="https://twitter.com/spesati" rel="external" target="_blank">
                    <span class="twitter bgRed fa-stack fa-lg">
                        <i class="fa fa-twitter fa-stack-1x "></i>
                    </span>
                </a>
            </div>
            <p>Copyright 2024 Spesati.com </p>
            
                    <p>All rights reserved</p>
                    <p>SPESATI SRL</p>
                    <p>Corso Vittorio Veneto 15/I, 07026, Olbia</p>
                    <p>CF e P.Iva: 02772380909</p>
                        </div>
        <div class="center bgRed">
            <div class="top">
                <h3>Categories</h3>
                <div class="col">
                    <ul>
                        <li>
                            <a href="#" class="estDynamic">On sale</a>
                        </li>
                        <li>
                            <a href="../fruit-and-vegetables.html" class="estDynamic">Fruit and vegetables</a>
                        </li>
                        <li>
                            <a href="../fresh-products.html" class="estDynamic">Fresh products</a>
                        </li>
                        <li>
                            <a href="../frozen-foods.html" class="estDynamic">Frozen foods</a>
                        </li>
                        <li>
                            <a href="../bread-and-pasta.html" class="estDynamic">Bread and pasta</a>
                        </li>
                        <li>
                            <a href="../meat.html" class="estDynamic">Meat</a>
                        </li>
                        <li>
                            <a href="../fish.html" class="estDynamic">Fish</a>
                        </li>
                    </ul>
                </div>
                <div class="col">
                    <ul>
                        <li>
                            <a href="../wine-beer-and-spirits.html" class="estDynamic">Wine beer and spirits</a>
                        </li>
                        <li>
                            <a href="../water-and-drinks.html" class="estDynamic">Water and drinks</a>
                        </li>
                        <li>
                            <a href="../sweets.html" class="estDynamic">Sweets</a>
                        </li>
                        <li>
                            <a href="../shelf.html" class="estDynamic">Cupboard</a>
                        </li>
                        <li>
                            <a href="../personal-care.html" class="estDynamic">Personal care</a>
                        </li>
                        <li>
                            <a href="../household-and-outdoors.html" class="estDynamic">Home and outdoors</a>
                        </li>
                        <li>
                            <a href="../pet.html" class="estDynamic">Pets</a>
                        </li>
                    </ul>
                </div>
                <div class="col">
                    <ul>
                        <li>
                            <a href="../technology.html" class="estDynamic">Technology</a>
                        </li>
                        <li>
                            <a href="../gluten-free.html" class="estDynamic">Gluten free</a>
                        </li>
                        <li>
                            <a href="../lactose-free.html" class="estDynamic">Lactose free</a>
                        </li>
                        <li>
                            <a href="../special.html" class="estDynamic">Special</a>
                        </li>
                        <li>
                            <a href="../sardinian-products.html" class="estDynamic">Sardinian products</a>
                        </li>
                    </ul>
                </div>
            </div>
            <div class="bottom bgRed">
                <div class="left">
                    <h3>Delivery payment</h3>
                    <div>
                        <i class="fa fa-money fa-3x" aria-hidden="true"></i>
                        <p>Cash</p>
                    </div>
                    <div>
                        <i class="fa fa-credit-card fa-3x" aria-hidden="true"></i>
                        <p>Bancomat or card</p>
                    </div>
                </div>
                <div class="right">
                    <h3>Online payment</h3>
                    <div>
                        <i class="fa fa-credit-card fa-3x" aria-hidden="true"></i>
                        <p>Credit or debit card <span class="red">online</span></p>
                    </div>
                    <div>
                        <i class="fa fa-paypal fa-3x" aria-hidden="true"></i>
                        <p>PayPal</p>
                    </div>
                    <div>
                        <i class="fa fa-university fa-3x" aria-hidden="true"></i>
                        <p>Bank transfer</p>
                    </div>
                </div>
            </div>
        </div>
        <div class="right bgRed">
            <div>
                <i class="fa fa-truck fa-flip-horizontal"></i>
                <a class="button bgYellow white" href="../delivery-prices.html">Delivery prices</a>
                
                    <h3>Home delivery:</h3>
                    <p><b>Monday to Saturday</b></p>
                    <p><b>9:00 to 20:00</b></p>
                    <p><b>Minimum order:</b> 29€</p>
                    <p><b>Delivery starting from:</b> 3,50€</p>
                            </div>
            <ul>
                <li>
                    <a href="../delivery-prices.html">Delivery prices</a>
                </li>
                <li>
                    <a href="../about.html">About</a>
                </li>
                <li>
                    <a href="../faq.html">Faq</a>
                </li>
                <li>
                    <a href="../customer-care.html">Support</a>
                </li>
                <li>
                    <a href="../news.html">Blog</a>
                </li>
                <li>
                    <a href="../terms-and-conditions.html">Conditions</a>
                </li>
                <li>
                    <a href="../privacy-policy.html">Privacy policy</a>
                </li>
                <li>
                    <a href="../legal-warranty.html">Legal guarantee</a>
                </li>
            </ul>
        </div>
    </footer>
    <div class="bgRed"></div>
</div>
<!--Start of Tawk.to Script-->
<script data-cfasync="false" src="../cdn-cgi/scripts/5c5dd728/cloudflare-static/email-decode.min.js"></script><script type="text/javascript">
var Tawk_API=Tawk_API||{}, Tawk_LoadStart=new Date();
(function(){
var s1=document.createElement("script"),s0=document.getElementsByTagName("script")[0];
s1.async=true;
s1.src='https://embed.tawk.to/59e86945c28eca75e4626ed9/default';
s1.charset='UTF-8';
s1.setAttribute('crossorigin','*');
s0.parentNode.insertBefore(s1,s0);
})();
</script>
<!--End of Tawk.to Script-->

<!-- Here are parked a few translatable strings, useful for Javascript rendering -->
<div id="js-texts" hidden>
    <input type="hidden" name="save_cart_notice" value="Saving your cart it will be possible to reload it next time you come for shopping">
    <input type="hidden" name="save_cart_notice_title" value="Want to save your cart?">
    <input type="hidden" name="save_cart_ok" value="Save">
    <input type="hidden" name="save_cart_ko" value="Don't Save">
    <input type="hidden" name="reload_cart" value="The Reload Order function allows you to top up your last cart to make a New Order. Warning: do not use this function to add products to the last order. At this time it is not possible to modify an order placed previously.">
</div>

<!-- new site and login popup -->
</body>
<!-- Mirrored from www.spesati.com/wine-beer-and-spirits/spirits by HTTrack Website Copier/3.x [XR&CO'2014], Fri, 23 Feb 2024 18:08:55 GMT -->
</html>