<!DOCTYPE html><html lang="en">
<!-- Mirrored from www.spesati.com/wine-beer-and-spirits/white-wine by HTTrack Website Copier/3.x [XR&CO'2014], Fri, 23 Feb 2024 18:10:56 GMT -->
<!-- Added by HTTrack --><meta http-equiv="content-type" content="text/html;charset=utf-8" /><!-- /Added by HTTrack -->
<head>
    <title>White wine - Wine beer and spirits - Spesati.com</title>
    <meta http-equiv="Content-Type" content="text/html; charset=UTF-8" />
    <meta name="description" content="" />
    <meta name="keywords" content="" />
    <link href="../images/favicon.ico" rel="shortcut icon" type="image/x-icon" />
    <meta name="author" content="www.dodify.com" /><link rel="canonical" href="white-wine.html" /><link rel="alternate" hreflang="en" href="white-wine.html" /><link rel="alternate" hreflang="it" href="https://www.spesati.it/vino-birra-e-alcolici/vino-bianco" /><link href="../../cdnjs.cloudflare.com/ajax/libs/meyer-reset/2.0/reset.min.css" rel="stylesheet" type="text/css" /><link href="../../cdnjs.cloudflare.com/ajax/libs/font-awesome/6.5.1/css/all.min.css" rel="stylesheet" type="text/css" /><link href="https://fonts.googleapis.com/css?family=Montserrat:400,700" rel="stylesheet" type="text/css" /><link href="../../cdnjs.cloudflare.com/ajax/libs/fancybox/2.1.5/jquery.fancybox.min.css" rel="stylesheet" type="text/css" /><link href="../style/mainbea6.css?v=7" rel="stylesheet" type="text/css" /><link href="../style/lightslider.css" rel="stylesheet" type="text/css" /><link href="../style/categories.css" rel="stylesheet" type="text/css" /><script src="../../cdnjs.cloudflare.com/ajax/libs/jquery/3.6.1/jquery.min.js" type="text/javascript"></script><script src="../../ajax.googleapis.com/ajax/libs/jquery/1.11.0/jquery.min.js" type="text/javascript"></script><script src="http://unpkg.com/@floating-ui/core@0.4.0" type="text/javascript"></script><script src="http://unpkg.com/@floating-ui/dom@0.2.0" type="text/javascript"></script><script src="../../cdnjs.cloudflare.com/ajax/libs/fancybox/2.1.5/jquery.fancybox.min.js" type="text/javascript"></script><script src="../js/menu.js" type="text/javascript"></script><script src="../js/interfaceb6f5.js?v=10" type="text/javascript"></script><script src="../js/spesati.lightslider.min.js" type="text/javascript"></script><meta name="viewport" content="width=device-width, initial-scale=1, maximum-scale=1" /><meta name = "format-detection" content = "telephone=no">
<!-- Facebook Pixel Code -->
<script>
  !function(f,b,e,v,n,t,s)
  {if(f.fbq)return;n=f.fbq=function(){n.callMethod?
  n.callMethod.apply(n,arguments):n.queue.push(arguments)};
  if(!f._fbq)f._fbq=n;n.push=n;n.loaded=!0;n.version='2.0';
  n.queue=[];t=b.createElement(e);t.async=!0;
  t.src=v;s=b.getElementsByTagName(e)[0];
  s.parentNode.insertBefore(t,s)}(window, document,'script',
  '../../connect.facebook.net/en_US/fbevents.js');
  fbq('init', '792335014180667');
  fbq('track', 'PageView');
</script>
<noscript>
    <img height="1" width="1" style="display:none" src="https://www.facebook.com/tr?id=792335014180667&amp;ev=PageView&amp;noscript=1" />
</noscript>
<!-- End Facebook Pixel Code -->

<!-- GA4 -->
<script async src="https://www.googletagmanager.com/gtag/js?id=G-SSS6NRNXL0"></script>
<script>
  window.dataLayer = window.dataLayer || [];
  function gtag(){dataLayer.push(arguments);}
  gtag('js', new Date());
  gtag('config', 'AW-976671669');
  gtag('config', 'G-SSS6NRNXL0');
</script>
<!-- Elements for PWA deploy -->
<link rel="manifest" href="../manifest.json">
<meta name="theme-color" media="(prefers-color-scheme: light)" content="white">
<meta name="theme-color" media="(prefers-color-scheme: dark)"  content="black">
<link href=../images/icon-192.png rel=apple-touch-icon sizes="192x192">
<!-- Establishment logic -->
<script>var pageEstablishment = "Olbia"; var estDefaultPages = true</script>
    <!--[if lt IE 9]>
        <script src="https://cdnjs.cloudflare.com/ajax/libs/html5shiv/3.7.3/html5shiv.min.js" type="text/javascript"></script>
    <![endif]--><script type="text/javascript">
$(document).ready(function() {
    // Check if exists cookie
    if(document.cookie.indexOf("cookieAccepted") < 0) {
        var cookieText = '<div id=\"cookie\"><p>This site uses cookies. Cookies are used for ads personalisation. <a href=\"/privacy-policy\">More info</a></p><button id=\"cookieConsent\" type=\"button\">Accept</button></div>';
        $("body").append($(
            cookieText
        ));
        $('#cookie').css({
            'width'           : '100%',
            'text-align'      : 'center',
            'color'           : '#FFFFFF',
            'background-color': '#000000', 
            'opacity'         : '.8', 
            'position'        : 'fixed', 
            'bottom'          : '0',
            'padding'         : '.5em 0',
            'z-index'         : '999'
        });
        $('#cookie > *').css({
            'display': 'inline'
        });
        $('#cookie a').css({
            'color'          : '#FFFFFF',
            'text-decoration': 'underline',
            'margin-right'   : '2%'
        });
        $('#cookieConsent').click(function() {
            // Set cookie
            var expiry = new Date();
            expiry.setTime(expiry.getTime() + (365 * 24 * 60 * 60 * 1000));
            document.cookie = "cookieAccepted=yes; expires=" + expiry.toGMTString() + "; path=/; domain=.spesati.com";
            $('#cookie').css({'display': 'none'});
        });
    }
});
</script></head><body><script type="text/javascript">
    var addText = "Add";
    var slider  = null;
    $(document).ready(function() {
        slider = $('#cartSlider').lightSlider({
            controls: false,
            item:13,
            loop:false,
            slideMove:1,
            easing: 'cubic-bezier(0.25, 0, 0.25, 1)',
            speed:600,
            responsive : [
                {
                    breakpoint:1400,
                    settings: {
                        item:12,
                        slideMove:1,
                    }
                },
                {
                    breakpoint:1200,
                    settings: {
                        item:11,
                        slideMove:1,
                    }
                },
                {
                    breakpoint:1080,
                    settings: {
                        item:14,
                        slideMove:1,
                    }
                },
                {
                    breakpoint:800,
                    settings: {
                        item:12,
                        slideMove:1,
                    }
                }
            ]
        });
        $('.lSPager').css("display","none");
        $('.lSAction').css("display","block");
        $('#goToPrevSlide').on('click', function () {
            slider.goToPrevSlide();
        });
        $('#goToNextSlide').on('click', function () {
            slider.goToNextSlide();
        });
    });

</script>
<div id="header" class="bgYellow">
    <header>
        <a class="menu" href="#"><i class="fa red fa-bars fa-2x"></i></a>
        <a id="logo" class="colLeft estDynamic" href="../index.html">
            <img src="../../cdn.spesati.com/images/layout/logo-eng.png" alt="Spesati.com" />
            <h2 class="red">Grocery Delivery</h2>
        </a>
        <div class="colRight">
            <div id="controls" class="right">
                <p id="establishmentControls">
                    <span class="establishmentWarning"><i class="fa-solid fa-triangle-exclamation red" title="Stai visualizzando i prodotti disponibili in una zona diversa. Se vuoi cambiare zona, cliccan qui"></i>&nbsp;&nbsp;</span>
                    Shopping from <b><a id="establishment" href="#"></a></b> <span id="estAddress">for </span> <a href="../change-establishment.html">(<i class="fa-solid fa-pencil"></i> Change)</a> <span class="establishmentWarning">but viewing <b>Olbia</b></span>
                </p>
                <p><a href="https://www.spesati.it/vino-birra-e-alcolici/vino-bianco" class="black switch-site">Versione italiana</a></p>                
            </div>
            <div>
                <form id="search" action="https://www.spesati.com/search" method="post" class="left">
                    <fieldset>
                        <div>
                            <input type="text" name="searchBox" id="searchBox" placeholder="Search for a product"></input>
                            <input id="searchButton" type="submit" name="searchButton" class="button bgRed white left" value="Find" />
                        </div>
                    </fieldset>
                </form>
                <div class="center left">
                    <a class="button bgRed white log-in" href="../login.html">Login</a>
                    <a class="button bgRed white sign-up" href="../sign-up.html">Sign up</a>
                    <a class="button bgRed white profile" href="../profile.html">Profile</a>
                    <a class="button bgRed white log-out" href="../index.html" data-endpoint-check-cart="https://api.spesati.com/cart/check">Logout</a>
                </div>
                <div class="right user-function-icons">
                    <a class="red left account"><i class="fa fa-user fa-3x"></i></a>
                    <div id="dropdown">
                        <a class="log-in button bgRed white" href="../login.html">Login</a>
                        <a class="sign-up button bgRed white" href="../sign-up.html">Sign up</a>
                        <a class="profile button bgRed white" href="../profile.html">Profile</a>
                        <a class="log-out button bgRed white" href="../index.html">Logout</a>
                    </div>

                    <div class="cart left">
                        <i class="fa fa-sm fa-shopping-cart red" aria-hidden="true" id="shipping-cart-button"></i>
                        <p id="cartQuantity"></p>
                    </div>

                    <a class="right" href="../cart.html"><p class="black" id="cartTotal"></p></a>
                </div>
            </div>
                            <div id="previewCart">
                    <i id="goToPrevSlide" class="yellow fa fa-angle-left fa-2x" aria-hidden="true"></i>
                    <div><ul id="cartSlider"></ul></div>
                    <i id="goToNextSlide" class="yellow fa fa-angle-right fa-2x" aria-hidden="true"></i>
                </div>
                    </div>
    </header>

    <div id="shipping-cart-options" data-inited="false">
        <a href="../cart.html" class="goto-cart">checkout</a>
        <a href="#" data-endpoint-auth="https://api.spesati.com/cart/save" data-endpoint-noauth="/login" class="save-cart">save</a>
        <a href="#" data-endpoint-auth="https://api.spesati.com/cart/load" class="load-cart">load</a>
    </div>
</div>
<div id="menuCategoriesMobile" class="mobile bgRed">
    <div class="closeMenu">
        <i class="fa fa-times fa-2x white"></i>
        Close
    </div>
    <ul class="bgRed white">
        <div id="langMobile" class="right">
        <a href="https://www.spesati.it/vino-birra-e-alcolici/vino-bianco" class="white switch-site"><p>Versione italiana</p></a>    </div>
        <li><a>Categories</a>
            <ul class="bgWhite">
                <li>
                    <img src="../../cdn.spesati.com/images/menu/on-sale.png"/>
                    On sale                    <i class="fa fa-angle-down" aria-hidden="true"></i>
                    <ul class="sub-menu">
                    <li>
    <a href="../tacchino-fesa-a-fette.html">Tacchino Fesa A Fette</a>
</li><li>
    <a href="../amaro-montenegro-15lt.html">Amaro Montenegro 1,5lt</a>
</li><li>
    <a href="../carbone-di-legna-sacco-10kg.html">Carbone Di Legna Sacco 10Kg</a>
</li><li>
    <a href="../filu-e-ferru-silvio-carta-70cl.html">Filu E Ferru Silvio Carta 70Cl</a>
</li><li>
    <a href="../braciole-suino-con-cotenna.html">Braciole Suino Con Cotenna</a>
</li><li>
    <a href="../bovino-adulto-polpa.html">Bovino Adulto Polpa</a>
</li><li>
    <a href="../vino-la-palma-cannonau-le-bombarde.html">Vino La Palma Cannonau Le Bombarde</a>
</li><li>
    <a href="../fettine-sceltissime-bovino-adulto.html">Fettine Sceltissime Bovino Adulto</a>
</li><li>
    <a href="../suino-fettine-scelte.html">Suino Fettine Scelte</a>
</li><li>
    <a href="../lavazza-caffe-qualita-rossa-2x250gr.html">Lavazza Caffé Qualità Rossa 2x250gr</a>
</li>                        <li>
                            <a class="estDynamic" href="../on-offer.html">All products on sale</a>
                        </li>
                    </ul>
                </li>
                <li>
                    <img src="../../cdn.spesati.com/images/menu/gift.png"/>
                    Gifts                    <i class="fa fa-angle-down" aria-hidden="true"></i>
                    <ul class="sub-menu">
                        <li>
    <a href="../gift-card-da-150.html">Gift Card Da 150</a>
</li><li>
    <a href="../gift-card-da-100.html">Gift Card Da 100</a>
</li><li>
    <a href="../gift-card-da-50.html">Gift Card Da 50</a>
</li><li>
    <a href="../gift-card-da-25.html">Gift Card Da 25</a>
</li>                        <li>
                            <a class="estDynamic" href="../gift.html">All products in the gifts category</a>
                        </li>
                    </ul>
                </li>
                <li>
                    <img src="../../cdn.spesati.com/images/menu/gift-card.png"/>
                    Gift card and discounts                    <i class="fa fa-angle-down" aria-hidden="true"></i>
                    <ul class="sub-menu">
                        <li>
    <a href="../gift-card-da-150.html">Gift Card Da 150</a>
</li><li>
    <a href="../gift-card-da-100.html">Gift Card Da 100</a>
</li><li>
    <a href="../gift-card-da-50.html">Gift Card Da 50</a>
</li><li>
    <a href="../gift-card-da-25.html">Gift Card Da 25</a>
</li>                    </ul>
                </li>
                <li>
                    <img src="../../cdn.spesati.com/images/menu/fuit-and-vegetables.png"/>
                    Fruit and vegetables                    <i class="fa fa-angle-down" aria-hidden="true"></i>
                    <ul class="sub-menu">
                        <li>
                            <a class="estDynamic" href="../fruit-and-vegetables/pulses-and-beans.html">Cereals and pulses and beans</a>
                        </li>
                        <li>
                            <a class="estDynamic" href="../fruit-and-vegetables/fruit.html">Fruit</a>
                        </li>
                        <li>
                            <a class="estDynamic" href="../fruit-and-vegetables/canned-fruit.html">Canned fruit</a>
                        </li>
                        <li>
                            <a class="estDynamic" href="../fruit-and-vegetables/dried-fruit.html">Dried fruit</a>
                        </li>
                        <li>
                            <a class="estDynamic" href="../fruit-and-vegetables/ready-salads.html">Ready salads</a>
                        </li>
                        <li>
                            <a class="estDynamic" href="../fruit-and-vegetables/fresh-spices.html">Fresh spices</a>
                        </li>
                        <li>
                            <a class="estDynamic" href="../fruit-and-vegetables/vegetables.html">Vegetables and soy</a>
                        </li>
                    </ul>
                </li>
                <li>
                    <img src="../../cdn.spesati.com/images/menu/fresh-products.png"/>
                    Fresh products                    <i class="fa fa-angle-down" aria-hidden="true"></i>
                    <ul class="sub-menu">
                        <li>
                            <a class="estDynamic" href="../fresh-products/margarine-and-butter.html">Butter and margarine</a>
                        </li>
                        <li>
                            <a class="estDynamic" href="../fresh-products/danone.html">Danone</a>
                        </li>
                        <li>
                            <a class="estDynamic" href="../fresh-products/dessert.html">Dessert</a>
                        </li>
                        <li>
                            <a class="estDynamic" href="../fresh-products/sweets.html">Sweets</a>
                        </li>
                        <li>
                            <a class="estDynamic" href="../fresh-products/dairy-products.html">Dairy product</a>
                        </li>
                        <li>
                            <a class="estDynamic" href="../fresh-products/bakery.html">Yeast</a>
                        </li>
                        <li>
                            <a class="estDynamic" href="../fresh-products/mascarpone.html">Mascarpone</a>
                        </li>
                        <li>
                            <a class="estDynamic" href="../fresh-products/snacks.html">Snacks</a>
                        </li>
                        <li>
                            <a class="estDynamic" href="../fresh-products/mozzarella.html">Mozzarella</a>
                        </li>
                        <li>
                            <a class="estDynamic" href="../fresh-products/pasta.html">Pasta</a>
                        </li>
                        <li>
                            <a class="estDynamic" href="../fresh-products/pesto-and-sauces.html">Pesto and sauces</a>
                        </li>
                        <li>
                            <a class="estDynamic" href="../fresh-products/ricotta-and-cheese.html">Ricotta and cheese</a>
                        </li>
                        <li>
                            <a class="estDynamic" href="../fresh-products/cured-meat.html">Cured meat</a>
                        </li>
                        <li>
                            <a class="estDynamic" href="../fresh-products/wurstel.html">Würstel</a>
                        </li>
                        <li>
                            <a class="estDynamic" href="../fresh-products/yogurt.html">Yogurt</a>
                        </li>
                    </ul>
                </li>
                <li>
                    <img src="../../cdn.spesati.com/images/menu/frozen-foods.png"/>
                    Frozen foods                    <i class="fa fa-angle-down" aria-hidden="true"></i>
                    <ul class="sub-menu">
                        <li>
                            <a class="estDynamic" href="../frozen-foods/meat.html">Meat</a>
                        </li>
                        <li>
                            <a class="estDynamic" href="../frozen-foods/ice-creams.html">Ice cream and sweet</a>
                        </li>
                        <li>
                            <a class="estDynamic" href="../frozen-foods/pasta.html">Pasta</a>
                        </li>
                        <li>
                            <a class="estDynamic" href="../frozen-foods/fish.html">Fish</a>
                        </li>
                        <li>
                            <a class="estDynamic" href="../frozen-foods/ready-meals.html">Ready meals</a>
                        </li>
                        <li>
                            <a class="estDynamic" href="../frozen-foods/pizzas.html">Pizzas</a>
                        </li>
                        <li>
                            <a class="estDynamic" href="../frozen-foods/vegetables.html">Vegetables and soy</a>
                        </li>
                    </ul>
                </li>
                <li>
                    <img src="../../cdn.spesati.com/images/menu/bread-and-pasta.png"/>
                    Bread and pasta                    <i class="fa fa-angle-down" aria-hidden="true"></i>
                    <ul class="sub-menu">
                        <li>
                            <a class="estDynamic" href="../bread-and-pasta/crackers.html">Crackers</a>
                        </li>
                        <li>
                            <a class="estDynamic" href="../bread-and-pasta/rusks.html">Rusks</a>
                        </li>
                        <li>
                            <a class="estDynamic" href="../bread-and-pasta/white-bread.html">White bread</a>
                        </li>
                        <li>
                            <a class="estDynamic" href="../bread-and-pasta/local-bread.html">Local bread</a>
                        </li>
                        <li>
                            <a class="estDynamic" href="../bread-and-pasta/soft-bread.html">Soft bread</a>
                        </li>
                        <li>
                            <a class="estDynamic" href="../bread-and-pasta/sardinian-bread.html">Sardinian bread</a>
                        </li>
                        <li>
                            <a class="estDynamic" href="../bread-and-pasta/bakery.html">Bakery</a>
                        </li>
                        <li>
                            <a class="estDynamic" href="../bread-and-pasta/pasta.html">Pasta</a>
                        </li>
                        <li>
                            <a class="estDynamic" href="../bread-and-pasta/fresh-pasta.html">Fresh pasta</a>
                        </li>
                    </ul>
                </li>
                <li>
                    <img src="../../cdn.spesati.com/images/menu/meat.png"/>
                    Meat                    <i class="fa fa-angle-down" aria-hidden="true"></i>
                    <ul class="sub-menu">
                        <li>
                            <a class="estDynamic" href="../meat/beef.html">Beef</a>
                        </li>
                        <li>
                            <a class="estDynamic" href="../meat/goat.html">Goat</a>
                        </li>
                        <li>
                            <a class="estDynamic" href="../meat/packaged-meat.html">Packaged meat</a>
                        </li>
                        <li>
                            <a class="estDynamic" href="../meat/rabbit.html">Rabbit</a>
                        </li>
                        <li>
                            <a class="estDynamic" href="../meat/horse.html">Horse</a>
                        </li>
                        <li>
                            <a class="estDynamic" href="../meat/pork.html">Pork</a>
                        </li>
                        <li>
                            <a class="estDynamic" href="../meat/lamb.html">Lamb</a>
                        </li>
                        <li>
                            <a class="estDynamic" href="../meat/poultry.html">Poultry</a>
                        </li>
                    </ul>
                </li>
                <li>
                    <img src="../../cdn.spesati.com/images/menu/fish.png"/>
                    Fish                    <i class="fa fa-angle-down" aria-hidden="true"></i>
                    <ul class="sub-menu">
                        <li>
                            <a class="estDynamic" href="../fish/fresh-water.html">Fresh water</a>
                        </li>
                        <li>
                            <a class="estDynamic" href="../fish/salt-water.html">Salt water</a>
                        </li>
                        <li>
                            <a class="estDynamic" href="../fish/mussels.html">Mussels</a>
                        </li>
                        <li>
                            <a class="estDynamic" href="../fish/dried-and-salted.html">Dried and salted</a>
                        </li>
                        <li>
                            <a class="estDynamic" href="../fish/seafood-salad.html">Seafood salad</a>
                        </li>
                        <li>
                            <a class="estDynamic" href="../fish/prepared.html">Prepared</a>
                        </li>
                        <li>
                            <a class="estDynamic" href="../fish/specialty.html">Specialty</a>
                        </li>   
                        <li>
                            <a class="estDynamic" href="../fish/tuna-and-salmon.html">Tuna and salmon</a>
                        </li>
                    </ul>
                </li>
                <li>
                    <img src="../../cdn.spesati.com/images/menu/alcohol.png"/>
                    Wine beer and spirits                    <i class="fa fa-angle-down" aria-hidden="true"></i>
                    <ul class="sub-menu">
                        <li>
                            <a class="estDynamic" href="spirits-and-liquors.html">Alcohol</a>
                        </li>
                        <li>
                            <a class="estDynamic" href="bitters.html">Bitters</a>
                        </li>
                        <li>
                            <a class="estDynamic" href="aperatif.html">Aperatifs</a>
                        </li>
                        <li>
                            <a class="estDynamic" href="beer.html">Beer</a>
                        </li>
                        <li>
                            <a class="estDynamic" href="creams.html">Creams</a>
                        </li>
                        <li>
                            <a class="estDynamic" href="spirits.html">Spirits</a>
                        </li>
                        <li>
                            <a class="estDynamic" href="liquors.html">Liquors</a>
                        </li>
                        <li>
                            <a class="estDynamic" href="white-wine.html">White wine</a>
                        </li>
                        <li>
                            <a class="estDynamic" href="prosecco-wine.html">Prosecco wine</a>
                        </li>
                        <li>
                            <a class="estDynamic" href="rose-wine.html">Rose wine</a>
                        </li>
                        <li>
                            <a class="estDynamic" href="red-wine.html">Red wine</a>
                        </li>
                        <li>
                            <a class="estDynamic" href="specialty-wine.html">Special wine</a>
                        </li>
                        <li>
                            <a class="estDynamic" href="sparkling-wine.html">Sparkling wine</a>
                        </li>
                        <li>
                            <a class="estDynamic" href="vermentino-wine.html">Vermentino wine</a>
                        </li>
                    </ul>
                </li>
                <li>
                    <img src="../../cdn.spesati.com/images/menu/water-and-drinks.png"/>
                    Water and drinks                    <i class="fa fa-angle-down" aria-hidden="true"></i>
                    <ul class="sub-menu">
                        <li>
                            <a class="estDynamic" href="../water-and-drinks/san-martino.html">San Martino</a>
                        </li>
                        <li>
                            <a class="estDynamic" href="../water-and-drinks/water.html">Water</a>
                        </li>
                        <li>
                            <a class="estDynamic" href="../water-and-drinks/alpro.html">Alpro</a>
                        </li>
                        <li>
                            <a class="estDynamic" href="../water-and-drinks/fizzy-drinks.html">Fizzy drinks</a>
                        </li>
                        <li>
                            <a class="estDynamic" href="../water-and-drinks/coca-cola.html">Coca-Cola</a>
                        </li>
                        <li>
                            <a class="estDynamic" href="../water-and-drinks/energy-drink.html">Energy drink</a>
                        </li>
                        <li>
                            <a class="estDynamic" href="../water-and-drinks/syrups.html">Syrups</a>
                        </li>
                        <li>
                            <a class="estDynamic" href="../water-and-drinks/supplements.html">Supplements</a>
                        </li>
                        <li>
                            <a class="estDynamic" href="../water-and-drinks/instant-drinks.html">Instant drinks</a>
                        </li>
                        <li>
                            <a class="estDynamic" href="../water-and-drinks/juice.html">Juice</a>
                        </li>
                        <li>
                            <a class="estDynamic" href="../water-and-drinks/tea.html">Tea</a>
                        </li>
                    </ul>
                </li>
                <li>
                    <img src="../../cdn.spesati.com/images/menu/sweets.png"/>
                    Sweets                    <i class="fa fa-angle-down" aria-hidden="true"></i>
                    <ul class="sub-menu">
                        <li>
                            <a class="estDynamic" href="../sweets/bars-and-snacks.html">Bars and snacks</a>
                        </li>
                        <li>
                            <a class="estDynamic" href="../sweets/biscuits.html">Biscuits</a>
                        </li>
                        <li>
                            <a class="estDynamic" href="../sweets/brioches.html">Brioches</a>
                        </li>
                        <li>
                            <a class="estDynamic" href="../sweets/candy-and-chewing-gum.html">Candy and chewing gum</a>
                        </li>
                        <li>
                            <a class="estDynamic" href="../sweets/cereals.html">Cereals</a>
                        </li>
                        <li>
                            <a class="estDynamic" href="../sweets/chocolate.html">Chocolate</a>
                        </li>
                        <li>
                            <a class="estDynamic" href="../sweets/spreadable-creams.html">Spreads</a>
                        </li>
                        <li>
                            <a class="estDynamic" href="../sweets/dessert-toppings.html">Dessert toppings</a>
                        </li>
                        <li>
                            <a class="estDynamic" href="../sweets/jam.html">Jam</a>
                        </li>
                        <li>
                            <a class="estDynamic" href="../sweets/honey.html">Honey</a>
                        </li>
                        <li>
                            <a class="estDynamic" href="../sweets/panettoni-and-pandoro.html">Panettone and pandoro</a>
                        </li>
                        <li>
                            <a class="estDynamic" href="../sweets/pastry.html">Pastry</a>
                        </li>
                        <li>
                            <a class="estDynamic" href="../sweets/instant-dessert.html">Prepared</a>
                        </li>
                        <li>
                            <a class="estDynamic" href="../sweets/cakes-and-pies.html">Cakes and pies</a>
                        </li>
                        <li>
                            <a class="estDynamic" href="../sweets/easter-eggs-and-doves.html">Easter eggs and doves</a>
                        </li>
                    </ul>
                </li>
                <li>
                    <img src="../../cdn.spesati.com/images/menu/shelf.png"/>
                    Cupboard                    <i class="fa fa-angle-down" aria-hidden="true"></i>
                    <ul class="sub-menu">
                        <li>
                            <a class="estDynamic" href="../shelf/coffee.html">Coffee</a>
                        </li>
                        <li>
                            <a class="estDynamic" href="../shelf/gift-baskets.html">Gift baskets</a>
                        </li>
                        <li>
                            <a class="estDynamic" href="../shelf/stock-cubes.html">Nuts and preparations</a>
                        </li>
                        <li>
                            <a class="estDynamic" href="../shelf/flour-and-baking.html">Flour and baking</a>
                        </li>
                        <li>
                            <a class="estDynamic" href="../shelf/milk.html">Milk</a>
                        </li>
                        <li>
                            <a class="estDynamic" href="../shelf/oil-salt-vinegar.html">Oil, vinegar and salt</a>
                        </li>
                        <li>
                            <a class="estDynamic" href="../shelf/cream-and-bechamel.html">Cream and bechamel</a>
                        </li>
                        <li>
                            <a class="estDynamic" href="../shelf/crisps-and-pretzels.html">Crisps and pretzels</a>
                        </li>
                        <li>
                            <a class="estDynamic" href="../shelf/baby-and-infants-products.html">Early childhood products</a>
                        </li>
                        <li>
                            <a class="estDynamic" href="../shelf/rice.html">Rice</a>
                        </li>
                        <li>
                            <a class="estDynamic" href="../shelf/tins-and-preserves.html">Tins and Preserves</a>
                        </li>
                        <li>
                            <a class="estDynamic" href="../shelf/spices.html">Spices</a>
                        </li>
                        <li>
                            <a class="estDynamic" href="../shelf/sauces.html">Sauces</a>
                        </li>
                        <li>
                            <a class="estDynamic" href="../shelf/tea-and-infusions.html">Tea and infusions</a>
                        </li>
                        <li>
                            <a class="estDynamic" href="../shelf/eggs.html">Eggs</a>
                        </li>
                        <li>
                            <a class="estDynamic" href="../shelf/sugar-and-sweeteners.html">Sugar and sweeteners</a>
                        </li>
                    </ul>
                </li>
                <li>
                    <img src="../../cdn.spesati.com/images/menu/personal-care.png"/>
                    Personal care                    <i class="fa fa-angle-down" aria-hidden="true"></i>
                    <ul class="sub-menu">
                        <li>
                            <a class="estDynamic" href="../personal-care/accessories-and-cotton.html">Accessories and cotton</a>
                        </li>
                        <li>
                            <a class="estDynamic" href="../personal-care/feminine-care-incontinence-and-baby-diapers.html">Feminine incontinence and diapers</a>
                        </li>
                        <li>
                            <a class="estDynamic" href="../personal-care/shower-gel.html">Shower gel</a>
                        </li>
                        <li>
                            <a class="estDynamic" href="../personal-care/creams.html">Creams</a>
                        </li>
                        <li>
                            <a class="estDynamic" href="../personal-care/deodorant.html">Deodorant</a>
                        </li>
                        <li>
                            <a class="estDynamic" href="../personal-care/hair-removal.html">Hair removal</a>
                        </li>
                        <li>
                            <a class="estDynamic" href="../personal-care/disinfectants.html">Disinfectants</a>
                        </li>
                        <li>
                            <a class="estDynamic" href="../personal-care/oral-hygiene.html">Oral hygiene</a>
                        </li>
                        <li>
                            <a class="estDynamic" href="../personal-care/supplements-and-multivitamins.html">Supplements and multivitamins</a>
                        </li>
                        <li>
                            <a class="estDynamic" href="../personal-care/first-aid.html">First aid label</a>
                        </li>
                        <li>
                            <a class="estDynamic" href="../personal-care/beard-products.html">Beard products</a>
                        </li>
                        <li>
                            <a class="estDynamic" href="../personal-care/hairs-products.html">Hair products</a>
                        </li>
                        <li>
                            <a class="estDynamic" href="../personal-care/perfume.html">Perfumes</a>
                        </li>
                        <li>
                            <a class="estDynamic" href="../personal-care/wipes.html">Wipes</a>
                        </li>
                        <li>
                            <a class="estDynamic" href="../personal-care/soaps-and-body-wash.html">Soaps and body wash</a>
                        </li>
                        <li>
                            <a class="estDynamic" href="../personal-care/shampoo-and-conditioner.html">Shampoo and conditioner</a>
                        </li>
                    </ul>
                </li>
                <li>
                    <img src="../../cdn.spesati.com/images/menu/pellet-and-home.png"/>
                    Home and outdoors                    <i class="fa fa-angle-down" aria-hidden="true"></i>
                    <ul class="sub-menu">
                        <li>
                            <a class="estDynamic" href="../household-and-outdoors/distilled-water.html">Distilled water</a>
                        </li>
                        <li>
                            <a class="estDynamic" href="../household-and-outdoors/car-products.html">Cars</a>
                        </li>
                        <li>
                            <a class="estDynamic" href="../household-and-outdoors/bin-bags-and-buckets.html">Bin bags and buckets</a>
                        </li>
                        <li>
                            <a class="estDynamic" href="../household-and-outdoors/bleach-and-stain-removers.html">Bleach and stain removers</a>
                        </li>
                        <li>
                            <a class="estDynamic" href="../household-and-outdoors/candles.html">Candles</a>
                        </li>
                        <li>
                            <a class="estDynamic" href="../household-and-outdoors/kitchen-roll.html">Kitchen roll</a>
                        </li>
                        <li>
                            <a class="estDynamic" href="../household-and-outdoors/air-fresheners.html">Air fresheners</a>
                        </li>
                        <li>
                            <a class="estDynamic" href="../household-and-outdoors/laundry-accessories-and-detergent.html">Laundry detergent</a>
                        </li>
                        <li>
                            <a class="estDynamic" href="../household-and-outdoors/dishwasher-and-washing-up.html">Dishwasher and washing up</a>
                        </li>
                        <li>
                            <a class="estDynamic" href="../household-and-outdoors/gardening.html">Gardening</a>
                        </li>
                        <li>
                            <a class="estDynamic" href="../household-and-outdoors/light-bulbs-and-batteries.html">Lightbulbs and batteries</a>
                        </li>
                        <li>
                            <a class="estDynamic" href="../household-and-outdoors/pellet-and-bbq.html">Pellet and BBQ</a>
                        </li>
                        <li>
                            <a class="estDynamic" href="../household-and-outdoors/bathroom-products.html">Bathroom products</a>
                        </li>
                        <li>
                            <a class="estDynamic" href="../household-and-outdoors/home-and-furniture-products.html">Home and furniture products</a>
                        </li>
                        <li>
                            <a class="estDynamic" href="../household-and-outdoors/kitchen-products.html">Kitchen products</a>
                        </li>
                        <li>
                            <a class="estDynamic" href="../household-and-outdoors/window-and-floor-cleaners.html">Window and floor cleaner</a>
                        </li>
                        <li>
                            <a class="estDynamic" href="../household-and-outdoors/repellents.html">Repellents</a>
                        </li>
                        <li>
                            <a class="estDynamic" href="../household-and-outdoors/disposable-tableware.html">Disposable tableware</a>
                        </li>
                    </ul>
                </li>
                <li>
                    <img src="../../cdn.spesati.com/images/menu/animals.png"/>
                    Pets                    <i class="fa fa-angle-down" aria-hidden="true"></i>
                    <ul class="sub-menu">
                        <li>
                            <a class="estDynamic" href="../pets/pet-food-other-animals.html">Other animals pet food</a>
                        </li>
                        <li>
                            <a class="estDynamic" href="../pets/pet-food-dogs.html">Pet food dogs</a>
                        </li>
                        <li>
                            <a class="estDynamic" href="../pets/pet-food-cats.html">Pet food cats</a>
                        </li>
                        <li>
                            <a class="estDynamic" href="../pets/hygiene-and-cleaning.html">Hygiene and cleaning</a>
                        </li>
                    </ul>
                </li>
                <li>
                    <img src="../../cdn.spesati.com/images/menu/technology.png"/>
                    Technology                    <i class="fa fa-angle-down" aria-hidden="true"></i>
                    <ul class="sub-menu">
                        <li>
                            <a class="estDynamic" href="../technology/accessories.html">Accessories</a>
                        </li>
                        <li>
                            <a class="estDynamic" href="../technology/computer.html">Computer</a>
                        </li>
                        <li>
                            <a class="estDynamic" href="../technology/telephones.html">Telephones</a>
                        </li>
                        <li>
                            <a class="estDynamic" href="../technology/tv.html">TV</a>
                        </li>
                    </ul>
                </li>
                <li>
                    <img src="../../cdn.spesati.com/images/menu/gluten-free.png"/>
                    Gluten free                    <i class="fa fa-angle-down" aria-hidden="true"></i>
                    <ul class="sub-menu">
                        <li>
                            <a class="estDynamic" href="../gluten-free/frozen-foods.html">Frozen foods</a>
                        </li>
                        <li>
                            <a class="estDynamic" href="../gluten-free/beer.html">Beer</a>
                        </li>
                        <li>
                            <a class="estDynamic" href="../gluten-free/sweets.html">Sweets</a>
                        </li>
                        <li>
                            <a class="estDynamic" href="../gluten-free/bread-and-pasta.html">Bread and pasta</a>
                        </li>
                        <li>
                            <a class="estDynamic" href="../gluten-free/shelf.html">Cupboard</a>
                        </li>
                    </ul>
                </li>
                <li>
                    <img src="../../cdn.spesati.com/images/menu/lactose-free.png"/>
                    Lactose free                    <i class="fa fa-angle-down" aria-hidden="true"></i>
                    <ul class="sub-menu">
                        <li>
                            <a class="estDynamic" href="../lactose-free/frozen-foods.html">Frozen foods</a>
                        </li>
                        <li>
                            <a class="estDynamic" href="../lactose-free/sweets.html">Sweets</a>
                        </li>
                        <li>
                            <a class="estDynamic" href="../lactose-free/dairy-product.html">Dairy product</a>
                        </li>
                        <li>
                            <a class="estDynamic" href="../lactose-free/shelf.html">Cupboard</a>
                        </li>
                    </ul>
                </li>
                <li>
                    <img src="../../cdn.spesati.com/images/menu/special.png"/>
                    Special                    <i class="fa fa-angle-down" aria-hidden="true"></i>
                    <ul class="sub-menu">
                        <li>
                            <a class="estDynamic" href="../special/alpro.html">Alpro</a>
                        </li>
                        <li>
                            <a class="estDynamic" href="../special/organic.html">Biological</a>
                        </li>
                        <li>
                            <a class="estDynamic" href="../special/meat.html">Meat</a>
                        </li>
                        <li>
                            <a class="estDynamic" href="../special/wholegrain.html">Wholegrain</a>
                        </li>
                        <li>
                            <a class="estDynamic" href="../special/bread-and-pasta.html">Bread and pasta</a>
                        </li>
                        <li>
                            <a class="estDynamic" href="../special/vegan.html">Vegan</a>
                        </li>
                    </ul>
                </li>
                <li>
                    <img src="../../cdn.spesati.com/images/menu/sardinian-products.png"/>
                    Sardinian products                    <i class="fa fa-angle-down" aria-hidden="true"></i>
                    <ul class="sub-menu">
                        <li>
                            <a class="estDynamic" href="../sardinian-products/drinks.html">Drinks</a>
                        </li>
                        <li>
                            <a class="estDynamic" href="../sardinian-products/meat.html">Meat</a>
                        </li>
                        <li>
                            <a class="estDynamic" href="../sardinian-products/sweets.html">Sweets</a>
                        </li>
                        <li>
                            <a class="estDynamic" href="../sardinian-products/fruit-and-vegetables.html">Fruit and vegetables</a>
                        </li>
                        <li>
                            <a class="estDynamic" href="../sardinian-products/ichnusa.html">Ichnusa</a>
                        </li>
                        <li>
                            <a class="estDynamic" href="../sardinian-products/dairy-product.html">Dairy product</a>
                        </li>
                        <li>
                            <a class="estDynamic" href="../sardinian-products/bread-and-pasta.html">Bread and pasta</a>
                        </li>
                        <li>
                            <a class="estDynamic" href="../sardinian-products/fish.html">Fish</a>
                        </li>
                        <li>
                            <a class="estDynamic" href="../sardinian-products/cured-meat.html">Cured meat</a>
                        </li>
                        <li>
                            <a class="estDynamic" href="../sardinian-products/shelf.html">Cupboard</a>
                        </li>
                        <li>
                            <a class="estDynamic" href="../sardinian-products/vermentino-wine.html">Vermentino wine</a>
                        </li>
                        <li>
                            <a class="estDynamic" href="../sardinian-products/wine-beer-and-spirits.html">Wine beer and spirits</a>
                        </li>
                    </ul>
                </li>
            </ul>
        </li>
        <li>
            <a href="../about.html">About</a>
        </li>
        <li>
            <a href="../faq.html">Faq</a>
        </li>
        <li>
            <a href="../customer-care.html">Support</a>
        </li>
        <li>
            <a href="../news.html">Blog</a>
        </li>
        <li>
            <a href="../terms-and-conditions.html">Conditions</a>
        </li>
        <li>
            <a href="../privacy-policy.html">Privacy policy</a>
        </li>
        <li>
            <a href="../login.html">Login</a>
        </li>
        <li>
             <a href="../sign-up.html">Sign up</a>
        </li>
    </ul>
</div><section class="first">
    <div id="menuCategories" class="colLeft">
    <ul id="main_nav" >
        <li>
            <a class="estDynamic" href="../on-offer.html">
               <img src="../../cdn.spesati.com/images/menu/on-sale.png"/>
               On sale            </a>
            <i class="fa fa-angle-right" aria-hidden="true"></i>
            <ul class="sub-menu">
                <li>
    <a href="../tacchino-fesa-a-fette.html" class="estDynamic">Tacchino Fesa A Fette</a>
</li><li>
    <a href="../amaro-montenegro-15lt.html" class="estDynamic">Amaro Montenegro 1,5lt</a>
</li><li>
    <a href="../carbone-di-legna-sacco-10kg.html" class="estDynamic">Carbone Di Legna Sacco 10Kg</a>
</li><li>
    <a href="../filu-e-ferru-silvio-carta-70cl.html" class="estDynamic">Filu E Ferru Silvio Carta 70Cl</a>
</li><li>
    <a href="../braciole-suino-con-cotenna.html" class="estDynamic">Braciole Suino Con Cotenna</a>
</li><li>
    <a href="../bovino-adulto-polpa.html" class="estDynamic">Bovino Adulto Polpa</a>
</li><li>
    <a href="../vino-la-palma-cannonau-le-bombarde.html" class="estDynamic">Vino La Palma Cannonau Le Bombarde</a>
</li><li>
    <a href="../fettine-sceltissime-bovino-adulto.html" class="estDynamic">Fettine Sceltissime Bovino Adulto</a>
</li><li>
    <a href="../suino-fettine-scelte.html" class="estDynamic">Suino Fettine Scelte</a>
</li><li>
    <a href="../lavazza-caffe-qualita-rossa-2x250gr.html" class="estDynamic">Lavazza Caffé Qualità Rossa 2x250gr</a>
</li>                <li>
                    <a class="estDynamic" href="../on-offer.html">All products on sale</a>
                </li>
            </ul>
        </li>
        <li>
            <a class="estDynamic" href="../gift.html">
               <img src="../../cdn.spesati.com/images/menu/gift.png"/>
               Gifts            </a>
            <i class="fa fa-angle-right" aria-hidden="true"></i>
            <ul class="sub-menu">
                <li>
    <a href="../gift-card-da-150.html" class="estDynamic">Gift Card Da 150</a>
</li><li>
    <a href="../gift-card-da-100.html" class="estDynamic">Gift Card Da 100</a>
</li><li>
    <a href="../gift-card-da-50.html" class="estDynamic">Gift Card Da 50</a>
</li><li>
    <a href="../gift-card-da-25.html" class="estDynamic">Gift Card Da 25</a>
</li>                <li>
                    <a class="estDynamic" href="../gift.html">All products in the gifts category</a>
                </li>
            </ul>
        </li>
        <li>
            <a class="estDynamic" href="../gift-card.html">
               <img src="../../cdn.spesati.com/images/menu/gift-card.png"/>
               Gift card and discounts            </a>
            <i class="fa fa-angle-right" aria-hidden="true"></i>
            <ul class="sub-menu">
                <li>
    <a href="../gift-card-da-150.html">Gift Card Da 150</a>
</li><li>
    <a href="../gift-card-da-100.html">Gift Card Da 100</a>
</li><li>
    <a href="../gift-card-da-50.html">Gift Card Da 50</a>
</li><li>
    <a href="../gift-card-da-25.html">Gift Card Da 25</a>
</li>            </ul>
        </li>
        <li>
            <a class="estDynamic" href="../fruit-and-vegetables.html">
               <img src="../../cdn.spesati.com/images/menu/fuit-and-vegetables.png"/>
               Fruit and vegetables           </a>
            <i class="fa fa-angle-right" aria-hidden="true"></i>
            <ul class="sub-menu">
                <li>
                    <a class="estDynamic" href="../fruit-and-vegetables/pulses-and-beans.html">Cereals and pulses and beans</a>
                </li>
                <li>
                    <a class="estDynamic" href="../fruit-and-vegetables/fruit.html">Fruit</a>
                </li>
                <li>
                    <a class="estDynamic" href="../fruit-and-vegetables/canned-fruit.html">Canned fruit</a>
                </li>
                <li>
                    <a class="estDynamic" href="../fruit-and-vegetables/dried-fruit.html">Dried fruit</a>
                </li>
                <li>
                    <a class="estDynamic" href="../fruit-and-vegetables/ready-salads.html">Ready salads</a>
                </li>
                <li>
                    <a class="estDynamic" href="../fruit-and-vegetables/fresh-spices.html">Fresh spices</a>
                </li>
                <li>
                    <a class="estDynamic" href="../fruit-and-vegetables/vegetables.html">Vegetables and soy</a>
                </li>
            </ul>
        </li>
        <li>
            <a class="estDynamic" href="../fresh-products.html">
                <img src="../../cdn.spesati.com/images/menu/fresh-products.png"/>
                Fresh products            </a>
            <i class="fa fa-angle-right" aria-hidden="true"></i>
            <ul class="sub-menu">
                <li>
                    <a class="estDynamic" href="../fresh-products/margarine-and-butter.html">Butter and margarine</a>
                </li>
                <li>
                    <a class="estDynamic" href="../fresh-products/danone.html">Danone</a>
                </li>
                <li>
                    <a class="estDynamic" href="../fresh-products/dessert.html">Dessert</a>
                </li>
                <li>
                    <a class="estDynamic" href="../fresh-products/sweets.html">Sweets</a>
                </li>
                <li>
                    <a class="estDynamic" href="../fresh-products/dairy-products.html">Dairy product</a>
                </li>
                <li>
                    <a class="estDynamic" href="../fresh-products/bakery.html">Yeast</a>
                </li>
                <li>
                    <a class="estDynamic" href="../fresh-products/mascarpone.html">Mascarpone</a>
                </li>
                <li>
                    <a class="estDynamic" href="../fresh-products/snacks.html">Snacks</a>
                </li>
                <li>
                    <a class="estDynamic" href="../fresh-products/mozzarella.html">Mozzarella</a>
                </li>
                <li>
                    <a class="estDynamic" href="../fresh-products/pasta.html">Pasta</a>
                </li>
                <li>
                    <a class="estDynamic" href="../fresh-products/pesto-and-sauces.html">Pesto and sauces</a>
                </li>
                <li>
                    <a class="estDynamic" href="../fresh-products/ricotta-and-cheese.html">Ricotta and cheese</a>
                </li>
                <li>
                    <a class="estDynamic" href="../fresh-products/cured-meat.html">Cured meat</a>
                </li>
                <li>
                    <a class="estDynamic" href="../fresh-products/wurstel.html">Würstel</a>
                </li>
                <li>
                    <a class="estDynamic" href="../fresh-products/yogurt.html">Yogurt</a>
                </li>
            </ul>
        </li>
        <li>
            <a class="estDynamic" href="../frozen-foods.html">
                <img src="../../cdn.spesati.com/images/menu/frozen-foods.png"/>
                Frozen foods            </a>
            <i class="fa fa-angle-right" aria-hidden="true"></i>
            <ul class="sub-menu">
                <li>
                    <a class="estDynamic" href="../frozen-foods/meat.html">Meat</a>
                </li>
                <li>
                    <a class="estDynamic" href="../frozen-foods/ice-creams.html">Ice cream and sweet</a>
                </li>
                <li>
                    <a class="estDynamic" href="../frozen-foods/pasta.html">Pasta</a>
                </li>
                <li>
                    <a class="estDynamic" href="../frozen-foods/fish.html">Fish</a>
                </li>
                <li>
                    <a class="estDynamic" href="../frozen-foods/ready-meals.html">Ready meals</a>
                </li>
                <li>
                    <a class="estDynamic" href="../frozen-foods/pizzas.html">Pizzas</a>
                </li>
                <li>
                    <a class="estDynamic" href="../frozen-foods/vegetables.html">Vegetables and soy</a>
                </li>
            </ul>
        </li>
        <li>
            <a class="estDynamic" href="../bread-and-pasta.html">
                <img src="../../cdn.spesati.com/images/menu/bread-and-pasta.png"/>
                Bread and pasta            </a>
            <i class="fa fa-angle-right" aria-hidden="true"></i>
            <ul class="sub-menu">
                <li>
                    <a class="estDynamic" href="../bread-and-pasta/crackers.html">Crackers</a>
                </li>
                <li>
                    <a class="estDynamic" href="../bread-and-pasta/rusks.html">Rusks</a>
                </li>
                <li>
                    <a class="estDynamic" href="../bread-and-pasta/white-bread.html">White bread</a>
                </li>
                <li>
                    <a class="estDynamic" href="../bread-and-pasta/local-bread.html">Local bread</a>
                </li>
                <li>
                    <a class="estDynamic" href="../bread-and-pasta/soft-bread.html">Soft bread</a>
                </li>
                <li>
                    <a class="estDynamic" href="../bread-and-pasta/sardinian-bread.html">Sardinian bread</a>
                </li>
                <li>
                    <a class="estDynamic" href="../bread-and-pasta/bakery.html">Bakery</a>
                </li>
                <li>
                    <a class="estDynamic" href="../bread-and-pasta/pasta.html">Pasta</a>
                </li>
                <li>
                    <a class="estDynamic" href="../bread-and-pasta/fresh-pasta.html">Fresh pasta</a>
                </li>
            </ul>
        </li>
        <li>
            <a class="estDynamic" href="../meat.html">
                <img src="../../cdn.spesati.com/images/menu/meat.png"/>
                Meat            </a>
            <i class="fa fa-angle-right" aria-hidden="true"></i>
            <ul class="sub-menu">
                <li>
                    <a class="estDynamic" href="../meat/beef.html">Beef</a>
                </li>
                <li>
                    <a class="estDynamic" href="../meat/goat.html">Goat</a>
                </li>
                <li>
                    <a class="estDynamic" href="../meat/packaged-meat.html">Packaged meat</a>
                </li>
                <li>
                    <a class="estDynamic" href="../meat/rabbit.html">Rabbit</a>
                </li>
                <li>
                    <a class="estDynamic" href="../meat/horse.html">Horse</a>
                </li>
                <li>
                    <a class="estDynamic" href="../meat/pork.html">Pork</a>
                </li>
                <li>
                    <a class="estDynamic" href="../meat/lamb.html">Lamb</a>
                </li>
                <li>
                    <a class="estDynamic" href="../meat/poultry.html">Poultry</a>
                </li>
            </ul>
        </li>
        <li>
            <a class="estDynamic" href="../fish.html">
                <img src="../../cdn.spesati.com/images/menu/fish.png"/>
                Fish            </a>
            <i class="fa fa-angle-right" aria-hidden="true"></i>
            <ul class="sub-menu">
                <li>
                    <a class="estDynamic" href="../fish/fresh-water.html">Fresh water</a>
                </li>
                <li>
                    <a class="estDynamic" href="../fish/salt-water.html">Salt water</a>
                </li>
                <li>
                    <a class="estDynamic" href="../fish/mussels.html">Mussels</a>
                </li>
                <li>
                    <a class="estDynamic" href="../fish/dried-and-salted.html">Dried and salted</a>
                </li>
                <li>
                    <a class="estDynamic" href="../fish/seafood-salad.html">Seafood salad</a>
                </li>
                <li>
                    <a class="estDynamic" href="../fish/prepared.html">Prepared</a>
                </li>
                <li>
                    <a class="estDynamic" href="../fish/specialty.html">Specialty</a>
                </li>   
                <li>
                    <a class="estDynamic" href="../fish/tuna-and-salmon.html">Tuna and salmon</a>
                </li>
            </ul>
        </li>
        <li>
            <a class="estDynamic" href="../wine-beer-and-spirits.html">
                <img src="../../cdn.spesati.com/images/menu/alcohol.png"/>
                Wine beer and spirits            </a>
            <i class="fa fa-angle-right" aria-hidden="true"></i>
            <ul class="sub-menu">
                <li>
                    <a class="estDynamic" href="spirits-and-liquors.html">Alcohol</a>
                </li>
                <li>
                    <a class="estDynamic" href="bitters.html">Bitters</a>
                </li>
                <li>
                    <a class="estDynamic" href="aperatif.html">Aperatifs</a>
                </li>
                <li>
                    <a class="estDynamic" href="beer.html">Beer</a>
                </li>
                <li>
                    <a class="estDynamic" href="creams.html">Creams</a>
                </li>
                <li>
                    <a class="estDynamic" href="spirits.html">Spirits</a>
                </li>
                <li>
                    <a class="estDynamic" href="liquors.html">Liquors</a>
                </li>
                <li>
                    <a class="estDynamic" href="white-wine.html">White wine</a>
                </li>
                <li>
                    <a class="estDynamic" href="prosecco-wine.html">Prosecco wine</a>
                </li>
                <li>
                    <a class="estDynamic" href="rose-wine.html">Rose wine</a>
                </li>
                <li>
                    <a class="estDynamic" href="red-wine.html">Red wine</a>
                </li>
                <li>
                    <a class="estDynamic" href="specialty-wine.html">Special wine</a>
                </li>
                <li>
                    <a class="estDynamic" href="sparkling-wine.html">Sparkling wine</a>
                </li>
                <li>
                    <a class="estDynamic" href="vermentino-wine.html">Vermentino wine</a>
                </li>
            </ul>
        </li>
        <li>
            <a class="estDynamic" href="../water-and-drinks.html">
                <img src="../../cdn.spesati.com/images/menu/water-and-drinks.png"/>
                Water and drinks            </a>
            <i class="fa fa-angle-right" aria-hidden="true"></i>
            <ul class="sub-menu">
                <li>
                    <a class="estDynamic" href="../water-and-drinks/san-martino.html">San Martino</a>
                </li>
                <li>
                    <a class="estDynamic" href="../water-and-drinks/water.html">Water</a>
                </li>
                <li>
                    <a class="estDynamic" href="../water-and-drinks/alpro.html">Alpro</a>
                </li>
                <li>
                    <a class="estDynamic" href="../water-and-drinks/fizzy-drinks.html">Fizzy drinks</a>
                </li>
                <li>
                    <a class="estDynamic" href="../water-and-drinks/coca-cola.html">Coca-Cola</a>
                </li>
                <li>
                    <a class="estDynamic" href="../water-and-drinks/energy-drink.html">Energy drink</a>
                </li>
                <li>
                    <a class="estDynamic" href="../water-and-drinks/syrups.html">Syrups</a>
                </li>
                <li>
                    <a class="estDynamic" href="../water-and-drinks/supplements.html">Supplements</a>
                </li>
                <li>
                    <a class="estDynamic" href="../water-and-drinks/instant-drinks.html">Instant drinks</a>
                </li>
                <li>
                    <a class="estDynamic" href="../water-and-drinks/juice.html">Juice</a>
                </li>
                <li>
                    <a class="estDynamic" href="../water-and-drinks/tea.html">Tea</a>
                </li>
            </ul>
        </li>
        <li>
            <a class="estDynamic" href="../sweets.html">
                <img src="../../cdn.spesati.com/images/menu/sweets.png"/>
                Sweets            </a>
            <i class="fa fa-angle-right" aria-hidden="true"></i>
            <ul class="sub-menu">
                <li>
                    <a class="estDynamic" href="../sweets/bars-and-snacks.html">Bars and snacks</a>
                </li>
                <li>
                    <a class="estDynamic" href="../sweets/biscuits.html">Biscuits</a>
                </li>
                <li>
                    <a class="estDynamic" href="../sweets/brioches.html">Brioches</a>
                </li>
                <li>
                    <a class="estDynamic" href="../sweets/candy-and-chewing-gum.html">Candy and chewing gum</a>
                </li>
                <li>
                    <a class="estDynamic" href="../sweets/cereals.html">Cereals</a>
                </li>
                <li>
                    <a class="estDynamic" href="../sweets/chocolate.html">Chocolate</a>
                </li>
                <li>
                    <a class="estDynamic" href="../sweets/spreadable-creams.html">Spreads</a>
                </li>
                <li>
                    <a class="estDynamic" href="../sweets/dessert-toppings.html">Dessert toppings</a>
                </li>
                <li>
                    <a class="estDynamic" href="../sweets/jam.html">Jam</a>
                </li>
                <li>
                    <a class="estDynamic" href="../sweets/honey.html">Honey</a>
                </li>
                <li>
                    <a class="estDynamic" href="../sweets/panettoni-and-pandoro.html">Panettone and pandoro</a>
                </li>
                <li>
                    <a class="estDynamic" href="../sweets/pastry.html">Pastry</a>
                </li>
                <li>
                    <a class="estDynamic" href="../sweets/instant-dessert.html">Prepared</a>
                </li>
                <li>
                    <a class="estDynamic" href="../sweets/cakes-and-pies.html">Cakes and pies</a>
                </li>
                <li>
                    <a class="estDynamic" href="../sweets/easter-eggs-and-doves.html">Easter eggs and doves</a>
                </li>
            </ul>
        </li>
        <li>
            <a class="estDynamic" href="../shelf.html">
                <img src="../../cdn.spesati.com/images/menu/shelf.png"/>
                Cupboard            </a>
            <i class="fa fa-angle-right" aria-hidden="true"></i>
            <ul class="sub-menu">
                <li>
                    <a class="estDynamic" href="../shelf/coffee.html">Coffee</a>
                </li>
                <li>
                    <a class="estDynamic" href="../shelf/gift-baskets.html">Gift baskets</a>
                </li>
                <li>
                    <a class="estDynamic" href="../shelf/stock-cubes.html">Nuts and preparations</a>
                </li>
                <li>
                    <a class="estDynamic" href="../shelf/flour-and-baking.html">Flour and baking</a>
                </li>
                <li>
                    <a class="estDynamic" href="../shelf/milk.html">Milk</a>
                </li>
                <li>
                    <a class="estDynamic" href="../shelf/oil-salt-vinegar.html">Oil, vinegar and salt</a>
                </li>
                <li>
                    <a class="estDynamic" href="../shelf/cream-and-bechamel.html">Cream and bechamel</a>
                </li>
                <li>
                    <a class="estDynamic" href="../shelf/crisps-and-pretzels.html">Crisps and pretzels</a>
                </li>
                <li>
                    <a class="estDynamic" href="../shelf/baby-and-infants-products.html">Early childhood products</a>
                </li>
                <li>
                    <a class="estDynamic" href="../shelf/rice.html">Rice</a>
                </li>
                <li>
                    <a class="estDynamic" href="../shelf/tins-and-preserves.html">Tins and Preserves</a>
                </li>
                <li>
                    <a class="estDynamic" href="../shelf/spices.html">Spices</a>
                </li>
                <li>
                    <a class="estDynamic" href="../shelf/sauces.html">Sauces</a>
                </li>
                <li>
                    <a class="estDynamic" href="../shelf/tea-and-infusions.html">Tea and infusions</a>
                </li>
                <li>
                    <a class="estDynamic" href="../shelf/eggs.html">Eggs</a>
                </li>
                <li>
                    <a class="estDynamic" href="../shelf/sugar-and-sweeteners.html">Sugar and sweeteners</a>
                </li>
            </ul>
        </li>
        <li>
            <a class="estDynamic" href="../personal-care.html">
                <img src="../../cdn.spesati.com/images/menu/personal-care.png"/>
                Personal care            </a>
            <i class="fa fa-angle-right" aria-hidden="true"></i>
            <ul class="sub-menu">
                <li>
                    <a class="estDynamic" href="../personal-care/accessories-and-cotton.html">Accessories and cotton</a>
                </li>
                <li>
                    <a class="estDynamic" href="../personal-care/feminine-care-incontinence-and-baby-diapers.html">Feminine incontinence and diapers</a>
                </li>
                <li>
                    <a class="estDynamic" href="../personal-care/shower-gel.html">Shower gel</a>
                </li>
                <li>
                    <a class="estDynamic" href="../personal-care/creams.html">Creams</a>
                </li>
                <li>
                    <a class="estDynamic" href="../personal-care/deodorant.html">Deodorant</a>
                </li>
                <li>
                    <a class="estDynamic" href="../personal-care/hair-removal.html">Hair removal</a>
                </li>
                <li>
                    <a class="estDynamic" href="../personal-care/disinfectants.html">Disinfectants</a>
                </li>
                <li>
                    <a class="estDynamic" href="../personal-care/oral-hygiene.html">Oral hygiene</a>
                </li>
                <li>
                    <a class="estDynamic" href="../personal-care/supplements-and-multivitamins.html">Supplements and multivitamins</a>
                </li>
                <li>
                    <a class="estDynamic" href="../personal-care/first-aid.html">First aid label</a>
                </li>
                <li>
                    <a class="estDynamic" href="../personal-care/beard-products.html">Beard products</a>
                </li>
                <li>
                    <a class="estDynamic" href="../personal-care/hairs-products.html">Hair products</a>
                </li>
                <li>
                    <a class="estDynamic" href="../personal-care/perfume.html">Perfumes</a>
                </li>
                <li>
                    <a class="estDynamic" href="../personal-care/wipes.html">Wipes</a>
                </li>
                <li>
                    <a class="estDynamic" href="../personal-care/soaps-and-body-wash.html">Soaps and body wash</a>
                </li>
                <li>
                    <a class="estDynamic" href="../personal-care/shampoo-and-conditioner.html">Shampoo and conditioner</a>
                </li>
            </ul>
        </li>
        <li>
            <a class="estDynamic" href="../household-and-outdoors.html">
                <img src="../../cdn.spesati.com/images/menu/pellet-and-home.png"/>
                Home and outdoors 
            </a>
            <i class="fa fa-angle-right" aria-hidden="true"></i>
            <ul class="sub-menu">
                <li>
                    <a class="estDynamic" href="../household-and-outdoors/distilled-water.html">Distilled water</a>
                </li>
                <li>
                    <a class="estDynamic" href="../household-and-outdoors/car-products.html">Cars</a>
                </li>
                <li>
                    <a class="estDynamic" href="../household-and-outdoors/bin-bags-and-buckets.html">Bin bags and buckets</a>
                </li>
                <li>
                    <a class="estDynamic" href="../household-and-outdoors/bleach-and-stain-removers.html">Bleach and stain removers</a>
                </li>
                <li>
                    <a class="estDynamic" href="../household-and-outdoors/candles.html">Candles</a>
                </li>
                <li>
                    <a class="estDynamic" href="../household-and-outdoors/kitchen-roll.html">Kitchen roll</a>
                </li>
                <li>
                    <a class="estDynamic" href="../household-and-outdoors/air-fresheners.html">Air fresheners</a>
                </li>
                <li>
                    <a class="estDynamic" href="../household-and-outdoors/laundry-accessories-and-detergent.html">Laundry detergent</a>
                </li>
                <li>
                    <a class="estDynamic" href="../household-and-outdoors/dishwasher-and-washing-up.html">Dishwasher and washing up</a>
                </li>
                <li>
                    <a class="estDynamic" href="../household-and-outdoors/gardening.html">Gardening</a>
                </li>
                <li>
                    <a class="estDynamic" href="../household-and-outdoors/light-bulbs-and-batteries.html">Lightbulbs and batteries</a>
                </li>
                <li>
                    <a class="estDynamic" href="../household-and-outdoors/pellet-and-bbq.html">Pellet and BBQ</a>
                </li>
                <li>
                    <a class="estDynamic" href="../household-and-outdoors/bathroom-products.html">Bathroom products</a>
                </li>
                <li>
                    <a class="estDynamic" href="../household-and-outdoors/home-and-furniture-products.html">Home and furniture products</a>
                </li>
                <li>
                    <a class="estDynamic" href="../household-and-outdoors/kitchen-products.html">Kitchen products</a>
                </li>
                <li>
                    <a class="estDynamic" href="../household-and-outdoors/window-and-floor-cleaners.html">Window and floor cleaner</a>
                </li>
                <li>
                    <a class="estDynamic" href="../household-and-outdoors/repellents.html">Repellents</a>
                </li>
                <li>
                    <a class="estDynamic" href="../household-and-outdoors/disposable-tableware.html">Disposable tableware</a>
                </li>
            </ul>
        </li>
        <li>
            <a class="estDynamic" href="../pet.html">
                <img src="../../cdn.spesati.com/images/menu/animals.png"/>
                Pets            </a>
            <i class="fa fa-angle-right" aria-hidden="true"></i>
            <ul class="sub-menu">
                <li>
                    <a class="estDynamic" href="../pets/pet-food-other-animals.html">Other animals pet food</a>
                </li>
                <li>
                    <a class="estDynamic" href="../pets/pet-food-dogs.html">Pet food dogs</a>
                </li>
                <li>
                    <a class="estDynamic" href="../pets/pet-food-cats.html">Pet food cats</a>
                </li>
                <li>
                    <a class="estDynamic" href="../pets/hygiene-and-cleaning.html">Hygiene and cleaning</a>
                </li>
            </ul>
        </li>
        <li>
            <a class="estDynamic" href="../technology.html">
                <img src="../../cdn.spesati.com/images/menu/technology.png"/>
                Technology            </a>
            <i class="fa fa-angle-right" aria-hidden="true"></i>
            <ul class="sub-menu">
                <li>
                    <a class="estDynamic" href="../technology/accessories.html">Accessories</a>
                </li>
                <li>
                    <a class="estDynamic" href="../technology/computer.html">Computer</a>
                </li>
                <li>
                    <a class="estDynamic" href="../technology/telephones.html">Telephones</a>
                </li>
                <li>
                    <a class="estDynamic" href="../technology/tv.html">TV</a>
                </li>
            </ul>
        </li>
        <li>
            <a class="estDynamic" href="../gluten-free.html">
                <img src="../../cdn.spesati.com/images/menu/gluten-free.png"/>
                Gluten free            </a>
            <i class="fa fa-angle-right" aria-hidden="true"></i>
            <ul class="sub-menu">
                <li>
                    <a class="estDynamic" href="../gluten-free/frozen-foods.html">Frozen foods</a>
                </li>
                <li>
                    <a class="estDynamic" href="../gluten-free/beer.html">Beer</a>
                </li>
                <li>
                    <a class="estDynamic" href="../gluten-free/sweets.html">Sweets</a>
                </li>
                <li>
                    <a class="estDynamic" href="../gluten-free/bread-and-pasta.html">Bread and pasta</a>
                </li>
                <li>
                    <a class="estDynamic" href="../gluten-free/shelf.html">Cupboard</a>
                </li>
            </ul>
        </li>
        <li>
            <a class="estDynamic" href="../lactose-free.html">
                <img src="../../cdn.spesati.com/images/menu/lactose-free.png"/>
                Lactose free            </a>
            <i class="fa fa-angle-right" aria-hidden="true"></i>
            <ul class="sub-menu">
                <li>
                    <a class="estDynamic" href="../lactose-free/frozen-foods.html">Frozen foods</a>
                </li>
                <li>
                    <a class="estDynamic" href="../lactose-free/sweets.html">Sweets</a>
                </li>
                <li>
                    <a class="estDynamic" href="../lactose-free/dairy-product.html">Dairy product</a>
                </li>
                <li>
                    <a class="estDynamic" href="../lactose-free/shelf.html">Cupboard</a>
                </li>
            </ul>
        </li>
        <li>
            <a class="estDynamic" href="../special.html">
                <img src="../../cdn.spesati.com/images/menu/special.png"/>
                Special            </a>
            <i class="fa fa-angle-right" aria-hidden="true"></i>
            <ul class="sub-menu">
                <li>
                    <a class="estDynamic" href="../special/alpro.html">Alpro</a>
                </li>
                <li>
                    <a class="estDynamic" href="../special/organic.html">Biological</a>
                </li>
                <li>
                    <a class="estDynamic" href="../special/meat.html">Meat</a>
                </li>
                <li>
                    <a class="estDynamic" href="../special/wholegrain.html">Wholegrain</a>
                </li>
                <li>
                    <a class="estDynamic" href="../special/bread-and-pasta.html">Bread and pasta</a>
                </li>
                <li>
                    <a class="estDynamic" href="../special/vegan.html">Vegan</a>
                </li>
            </ul>
        </li>
        <li>
            <a class="estDynamic" href="../sardinian-products.html">
                <img src="../../cdn.spesati.com/images/menu/sardinian-products.png"/>
                Sardinian products            </a>
            <i class="fa fa-angle-right" aria-hidden="true"></i>
            <ul class="sub-menu">
                <li>
                    <a class="estDynamic" href="../sardinian-products/drinks.html">Drinks</a>
                </li>
                <li>
                    <a class="estDynamic" href="../sardinian-products/meat.html">Meat</a>
                </li>
                <li>
                    <a class="estDynamic" href="../sardinian-products/sweets.html">Sweets</a>
                </li>
                <li>
                    <a class="estDynamic" href="../sardinian-products/fruit-and-vegetables.html">Fruit and vegetables</a>
                </li>
                <li>
                    <a class="estDynamic" href="../sardinian-products/ichnusa.html">Ichnusa</a>
                </li>
                <li>
                    <a class="estDynamic" href="../sardinian-products/dairy-product.html">Dairy product</a>
                </li>
                <li>
                    <a class="estDynamic" href="../sardinian-products/bread-and-pasta.html">Bread and pasta</a>
                </li>
                <li>
                    <a class="estDynamic" href="../sardinian-products/fish.html">Fish</a>
                </li>
                <li>
                    <a class="estDynamic" href="../sardinian-products/cured-meat.html">Cured meat</a>
                </li>
                <li>
                    <a class="estDynamic" href="../sardinian-products/shelf.html">Cupboard</a>
                </li>
                <li>
                    <a class="estDynamic" href="../sardinian-products/vermentino-wine.html">Vermentino wine</a>
                </li>
                <li>
                    <a class="estDynamic" href="../sardinian-products/wine-beer-and-spirits.html">Wine beer and spirits</a>
                </li>
            </ul>
        </li>
    </ul>
</div>    <div class="colRight">
        <div class="title mobile">
	<a href="../wine-beer-and-spirits.html"><i class="fa red fa-angle-left fa-3x mobile" aria-hidden="true"></i></a>
	<h2>
		<b>
			white wine		</b>
	</h2>
</div>

<div class="breadcrumb bgGrey internal">
	<p>
		<b>
			<a href="../index.html">Home</a>
												&gt; <a href="../wine-beer-and-spirits.html">Wine beer and spirits</a>
																&gt; White wine									</b>
	</p>
	<div>
		<p>Order by</p>
		<select name="orderProd" id="orderProd">
			<option disabled="disabled" selected="selected">- Choose -</option>
			<option value="nameAsc">Name (A - Z)</option>
			<option value="nameDes">Name (Z - A)</option>
			<option value="priceHigh">Price - High to low</option>
			<option value="priceLow">Price - Low to high</option>
			<option value="soldAsc">Best Selling</option>
			<option value="available">Availability</option>
		</select>
	</div>
</div>
        <div class="containerProduct">
            <script type='text/javascript'>var track = '{"event":"ViewContent", "type":"category", "id":"Vino", "subids":["Bianco"], "url":"https://www.spesati.com/wine-beer-and-spirits/white-wine"}';</script>
<script>
gtag('event', 'select_content', {content_type: 'category', item_id: 'Vino'});gtag('event', 'select_content', {content_type: 'category', item_id: 'Bianco'});
</script>
<div class="left product prod1"
        data-name="Vino Branu Surrau"
        data-price="12.90"
        data-id="3448"
        data-available="yes"
        data-category="421"
        data-bestselling="">
    <a href="../vino-branu-surrau.html">
        <div style="background-image: url('../../cdn.spesati.com/images/products/v1012/vino-branu-surrau.jpg')">
            <div class="hover"></div>
            
            <div class="stickers"><img class="left" src="../../cdn.spesati.com/images/layout/sardinian.png" /></div>
        </div>
    </a>
    <div>
        <h4><a href="../vino-branu-surrau.html"><b>Vino Branu Surrau</b></a></h4>
        <p class="description">0.75 Lt</p>
        <p class="right price"><b>12.90 €</b></p>
        <p class="right unitPrice">17.20 € per litre</p>
    </div>
    <div class="contButton">
    <a class="button bgRed white addToCart" href="#">Add</a>
</div>
</div><div class="left product prod2"
        data-name="Vino Vermentino Frizzante Aragosta"
        data-price="6.59"
        data-id="3475"
        data-available="yes"
        data-category="421"
        data-bestselling="2">
    <a href="../vino-vermentino-frizzante-aragosta.html">
        <div style="background-image: url('../../cdn.spesati.com/images/products/6472801/vino-vermentino-frizzante.jpg')">
            <div class="hover"></div>
            <p class="arrow bgRed white">Best Seller</p>
            <div class="stickers"><img class="left" src="../../cdn.spesati.com/images/layout/sardinian.png" /></div>
        </div>
    </a>
    <div>
        <h4><a href="../vino-vermentino-frizzante-aragosta.html"><b>Vino Vermentino Frizzante Aragosta</b></a></h4>
        <p class="description">0.75 Lt</p>
        <p class="right price"><b>6.59 €</b></p>
        <p class="right unitPrice">8.78 € per litre</p>
    </div>
    <div class="contButton">
    <a class="button bgRed white addToCart" href="#">Add</a>
</div>
</div><div class="left product prod3"
        data-name="Vino Dolia Vermentino 1,5 Lt"
        data-price="6.99"
        data-id="3454"
        data-available="yes"
        data-category="421"
        data-bestselling="">
    <a href="../vino-dolia-vermentino-15-lt.html">
        <div style="background-image: url('../../cdn.spesati.com/images/products/49183901/vino-dolia-vermentino.jpg')">
            <div class="hover"></div>
            
            <div class="stickers"><img class="left" src="../../cdn.spesati.com/images/layout/sardinian.png" /></div>
        </div>
    </a>
    <div>
        <h4><a href="../vino-dolia-vermentino-15-lt.html"><b>Vino Dolia Vermentino 1,5 Lt</b></a></h4>
        <p class="description">1.5 Lt</p>
        <p class="right price"><b>6.99 €</b></p>
        <p class="right unitPrice">4.66 € per litre</p>
    </div>
    <div class="contButton">
    <a class="button bgRed white addToCart" href="#">Add</a>
</div>
</div><div class="left product prod4"
        data-name="Vino Vermentino Capichera"
        data-price="37.90"
        data-id="3474"
        data-available="yes"
        data-category="421"
        data-bestselling="">
    <a href="../vino-vermentino-capichera.html">
        <div style="background-image: url('../../cdn.spesati.com/images/products/48938201/vino-vermentino-capichera.jpg')">
            <div class="hover"></div>
            
            <div class="stickers"><img class="left" src="../../cdn.spesati.com/images/layout/sardinian.png" /></div>
        </div>
    </a>
    <div>
        <h4><a href="../vino-vermentino-capichera.html"><b>Vino Vermentino Capichera</b></a></h4>
        <p class="description">0.75 Lt</p>
        <p class="right price"><b>37.90 €</b></p>
        <p class="right unitPrice">50.53 € per litre</p>
    </div>
    <div class="contButton">
    <a class="button bgRed white addToCart" href="#">Add</a>
</div>
</div><div class="left product prod5"
        data-name="Vino Contini Karmis"
        data-price="9.79"
        data-id="3450"
        data-available="yes"
        data-category="421"
        data-bestselling="1">
    <a href="../vino-contini-karmis.html">
        <div style="background-image: url('../../cdn.spesati.com/images/products/3777301/vino-contini-karmis.jpg')">
            <div class="hover"></div>
            <p class="arrow bgRed white">Best Seller</p>
            <div class="stickers"><img class="left" src="../../cdn.spesati.com/images/layout/sardinian.png" /></div>
        </div>
    </a>
    <div>
        <h4><a href="../vino-contini-karmis.html"><b>Vino Contini Karmis</b></a></h4>
        <p class="description">0.75 Lt</p>
        <p class="right price"><b>9.79 €</b></p>
        <p class="right unitPrice">13.05 € per litre</p>
    </div>
    <div class="contButton">
    <a class="button bgRed white addToCart" href="#">Add</a>
</div>
</div><div class="left product prod6"
        data-name="Vino Trexenta Segolaj Bianco"
        data-price="3.49"
        data-id="3472"
        data-available="yes"
        data-category="421"
        data-bestselling="2">
    <a href="../vino-trexenta-segolaj-bianco.html">
        <div style="background-image: url('../../cdn.spesati.com/images/products/2565801/vino-trexenta-segolaj.jpg')">
            <div class="hover"></div>
            <p class="arrow bgRed white">Best Seller</p>
            <div class="stickers"><img class="left" src="../../cdn.spesati.com/images/layout/sardinian.png" /></div>
        </div>
    </a>
    <div>
        <h4><a href="../vino-trexenta-segolaj-bianco.html"><b>Vino Trexenta Segolaj Bianco</b></a></h4>
        <p class="description">0.75 Lt</p>
        <p class="right price"><b>3.49 €</b></p>
        <p class="right unitPrice">4.65 € per litre</p>
    </div>
    <div class="contButton">
    <a class="button bgRed white addToCart" href="#">Add</a>
</div>
</div><div class="left product prod7"
        data-name="Vino Argiolas S'elegas"
        data-price="6.99"
        data-id="3444"
        data-available="yes"
        data-category="421"
        data-bestselling="1">
    <a href="../vino-argiolas-selegas.html">
        <div style="background-image: url('../../cdn.spesati.com/images/products/2565101/vino-argiolas-selegas.jpg')">
            <div class="hover"></div>
            <p class="arrow bgRed white">Best Seller</p>
            <div class="stickers"><img class="left" src="../../cdn.spesati.com/images/layout/sardinian.png" /></div>
        </div>
    </a>
    <div>
        <h4><a href="../vino-argiolas-selegas.html"><b>Vino Argiolas S'elegas</b></a></h4>
        <p class="description">0.75 Lt</p>
        <p class="right price"><b>6.99 €</b></p>
        <p class="right unitPrice">9.32 € per litre</p>
    </div>
    <div class="contButton">
    <a class="button bgRed white addToCart" href="#">Add</a>
</div>
</div><div class="left product prod8"
        data-name="Costamolino Argiolas Vermentino"
        data-price="8.99"
        data-id="3440"
        data-available="yes"
        data-category="421"
        data-bestselling="1">
    <a href="../costamolino-argiolas-vermentino.html">
        <div style="background-image: url('../../cdn.spesati.com/images/products/2565001/costamolino-argiolas-vermentino.jpg')">
            <div class="hover"></div>
            <p class="arrow bgRed white">Best Seller</p>
            <div class="stickers"><img class="left" src="../../cdn.spesati.com/images/layout/sardinian.png" /></div>
        </div>
    </a>
    <div>
        <h4><a href="../costamolino-argiolas-vermentino.html"><b>Costamolino Argiolas Vermentino</b></a></h4>
        <p class="description">0.75 Lt</p>
        <p class="right price"><b>8.99 €</b></p>
        <p class="right unitPrice">11.99 € per litre</p>
    </div>
    <div class="contButton">
    <a class="button bgRed white addToCart" href="#">Add</a>
</div>
</div><div class="left product prod9"
        data-name="Vino Mancini Angedras Frizzante Bianco 75Cl"
        data-price="4.19"
        data-id="6234"
        data-available="yes"
        data-category="421"
        data-bestselling="">
    <a href="../vino-mancini-angedras-frizzante-bianco-75cl.html">
        <div style="background-image: url('../../cdn.spesati.com/images/products/2522001/vino-mancini-angedras-01.jpg')">
            <div class="hover"></div>
            
            <div class="stickers"><img class="left" src="../../cdn.spesati.com/images/layout/sardinian.png" /></div>
        </div>
    </a>
    <div>
        <h4><a href="../vino-mancini-angedras-frizzante-bianco-75cl.html"><b>Vino Mancini Angedras Frizzante Bianco 75Cl</b></a></h4>
        <p class="description">0.75 Lt</p>
        <p class="right price"><b>4.19 €</b></p>
        <p class="right unitPrice">5.59 € per litre</p>
    </div>
    <div class="contButton">
    <a class="button bgRed white addToCart" href="#">Add</a>
</div>
</div><div class="left product prod10"
        data-name="Vino Vermentino La Palma Aragosta"
        data-price="6.89"
        data-id="3478"
        data-available="yes"
        data-category="421"
        data-bestselling="1">
    <a href="../vino-vermentino-la-palma-aragosta.html">
        <div style="background-image: url('../../cdn.spesati.com/images/products/2508301/vino-vermentino-la.jpg')">
            <div class="hover"></div>
            <p class="arrow bgRed white">Best Seller</p>
            <div class="stickers"><img class="left" src="../../cdn.spesati.com/images/layout/sardinian.png" /></div>
        </div>
    </a>
    <div>
        <h4><a href="../vino-vermentino-la-palma-aragosta.html"><b>Vino Vermentino La Palma Aragosta</b></a></h4>
        <p class="description">0.75 Lt</p>
        <p class="right price"><b>6.89 €</b></p>
        <p class="right unitPrice">9.19 € per litre</p>
    </div>
    <div class="contButton">
    <a class="button bgRed white addToCart" href="#">Add</a>
</div>
</div><div class="left product prod11"
        data-name="Vino Vermentino Depperu Luris"
        data-price="15.90"
        data-id="3662"
        data-available="yes"
        data-category="421"
        data-bestselling="">
    <a href="../vino-vermentino-depperu-luris.html">
        <div style="background-image: url('../../cdn.spesati.com/images/products/209761/vino-vermentino-depperu-01.jpg')">
            <div class="hover"></div>
            
            <div class="stickers"><img class="left" src="../../cdn.spesati.com/images/layout/sardinian.png" /></div>
        </div>
    </a>
    <div>
        <h4><a href="../vino-vermentino-depperu-luris.html"><b>Vino Vermentino Depperu Luris</b></a></h4>
        <p class="description">0.75 Lt</p>
        <p class="right price"><b>15.90 €</b></p>
        <p class="right unitPrice">21.20 € per litre</p>
    </div>
    <div class="contButton">
    <a class="button bgRed white addToCart" href="#">Add</a>
</div>
</div><div class="left product prod12"
        data-name="Vino Argiolas Is Argiolas Doc 75 Cl"
        data-price="13.99"
        data-id="5635"
        data-available="yes"
        data-category="421"
        data-bestselling="">
    <a href="../vino-argiolas-is-argiolas-doc-75-cl.html">
        <div style="background-image: url('../../cdn.spesati.com/images/products/209750/vino-argiolas-is-01.jpg')">
            <div class="hover"></div>
            
            <div class="stickers"><img class="left" src="../../cdn.spesati.com/images/layout/sardinian.png" /></div>
        </div>
    </a>
    <div>
        <h4><a href="../vino-argiolas-is-argiolas-doc-75-cl.html"><b>Vino Argiolas Is Argiolas Doc 75 Cl</b></a></h4>
        <p class="description">0.75 Lt</p>
        <p class="right price"><b>13.99 €</b></p>
        <p class="right unitPrice">18.65 € per litre</p>
    </div>
    <div class="contButton">
    <a class="button bgRed white addToCart" href="#">Add</a>
</div>
</div><div class="left product prod13"
        data-name="Vino Mancini Vermentino Sardegna Doc"
        data-price="5.99"
        data-id="6511"
        data-available="yes"
        data-category="421"
        data-bestselling="">
    <a href="../vino-mancini-vermentino-sardegna-doc.html">
        <div style="background-image: url('../../cdn.spesati.com/images/products/209720/vino-mancini-vermentino-01.jpg')">
            <div class="hover"></div>
            
            <div class="stickers"><img class="left" src="../../cdn.spesati.com/images/layout/sardinian.png" /></div>
        </div>
    </a>
    <div>
        <h4><a href="../vino-mancini-vermentino-sardegna-doc.html"><b>Vino Mancini Vermentino Sardegna Doc</b></a></h4>
        <p class="description">0.75 Lt</p>
        <p class="right price"><b>5.99 €</b></p>
        <p class="right unitPrice">7.99 € per litre</p>
    </div>
    <div class="contButton">
    <a class="button bgRed white addToCart" href="#">Add</a>
</div>
</div><div class="left product prod14"
        data-name="Vino Canayli Vendemmia Tardiva"
        data-price="22.76"
        data-id="3661"
        data-available="yes"
        data-category="421"
        data-bestselling="">
    <a href="../vino-canayli-vendemmia-tardiva.html">
        <div style="background-image: url('../../cdn.spesati.com/images/products/209582/vino-canayli-vendemmia-01.jpg')">
            <div class="hover"></div>
            
            <div class="stickers"><img class="left" src="../../cdn.spesati.com/images/layout/sardinian.png" /></div>
        </div>
    </a>
    <div>
        <h4><a href="../vino-canayli-vendemmia-tardiva.html"><b>Vino Canayli Vendemmia Tardiva</b></a></h4>
        <p class="description">0.75 Lt</p>
        <p class="right price"><b>22.76 €</b></p>
        <p class="right unitPrice">30.34 € per litre</p>
    </div>
    <div class="contButton">
    <a class="button bgRed white addToCart" href="#">Add</a>
</div>
</div><div class="left product prod15"
        data-name="Vino Su Entu Aromatico 75Cl"
        data-price="11.90"
        data-id="4587"
        data-available="yes"
        data-category="421"
        data-bestselling="">
    <a href="../vino-su-entu-aromatico-75cl.html">
        <div style="background-image: url('../../cdn.spesati.com/images/products/209568/vino-su-entu-01.jpg')">
            <div class="hover"></div>
            
            <div class="stickers"><img class="left" src="../../cdn.spesati.com/images/layout/sardinian.png" /></div>
        </div>
    </a>
    <div>
        <h4><a href="../vino-su-entu-aromatico-75cl.html"><b>Vino Su Entu Aromatico 75Cl</b></a></h4>
        <p class="description">0.75 Lt</p>
        <p class="right price"><b>11.90 €</b></p>
        <p class="right unitPrice">15.87 € per litre</p>
    </div>
    <div class="contButton">
    <a class="button bgRed white addToCart" href="#">Add</a>
</div>
</div><div class="left product prod16"
        data-name="Vino jermann sauvignon 75cl"
        data-price="24.90"
        data-id="5253"
        data-available="yes"
        data-category="421"
        data-bestselling="">
    <a href="../vino-jermann-sauvignon-75cl.html">
        <div style="background-image: url('../../cdn.spesati.com/images/products/209502/vino-jermann-sauvignon-01.jpg')">
            <div class="hover"></div>
            
            <div class="stickers"></div>
        </div>
    </a>
    <div>
        <h4><a href="../vino-jermann-sauvignon-75cl.html"><b>Vino jermann sauvignon 75cl</b></a></h4>
        <p class="description">0.75 Lt</p>
        <p class="right price"><b>24.90 €</b></p>
        <p class="right unitPrice">33.20 € per litre</p>
    </div>
    <div class="contButton">
    <a class="button bgRed white addToCart" href="#">Add</a>
</div>
</div><div class="left product prod17"
        data-name="Vino Cherchi Vermentino Tuvaoes"
        data-price="14.99"
        data-id="3660"
        data-available="yes"
        data-category="421"
        data-bestselling="">
    <a href="../vino-cherchi-vermentino-tuvaoes.html">
        <div style="background-image: url('../../cdn.spesati.com/images/products/209485/vino-cherchi-vermentino-01.jpg')">
            <div class="hover"></div>
            
            <div class="stickers"><img class="left" src="../../cdn.spesati.com/images/layout/sardinian.png" /></div>
        </div>
    </a>
    <div>
        <h4><a href="../vino-cherchi-vermentino-tuvaoes.html"><b>Vino Cherchi Vermentino Tuvaoes</b></a></h4>
        <p class="description">0.75 Lt</p>
        <p class="right price"><b>14.99 €</b></p>
        <p class="right unitPrice">19.98 € per litre</p>
    </div>
    <div class="contButton">
    <a class="button bgRed white addToCart" href="#">Add</a>
</div>
</div><div class="left product prod18"
        data-name="Vino Sciala Surrau Docg"
        data-price="18.90"
        data-id="3657"
        data-available="yes"
        data-category="421"
        data-bestselling="">
    <a href="../vino-sciala-surrau-docg.html">
        <div style="background-image: url('../../cdn.spesati.com/images/products/209223/vino-sciala-surrau-01.jpg')">
            <div class="hover"></div>
            
            <div class="stickers"><img class="left" src="../../cdn.spesati.com/images/layout/sardinian.png" /></div>
        </div>
    </a>
    <div>
        <h4><a href="../vino-sciala-surrau-docg.html"><b>Vino Sciala Surrau Docg</b></a></h4>
        <p class="description">0.75 Lt</p>
        <p class="right price"><b>18.90 €</b></p>
        <p class="right unitPrice">25.21 € per litre</p>
    </div>
    <div class="contButton">
    <a class="button bgRed white addToCart" href="#">Add</a>
</div>
</div><div class="left product prod19"
        data-name="Vino Contini Karmis 375Cl"
        data-price="5.99"
        data-id="7097"
        data-available="yes"
        data-category="421"
        data-bestselling="">
    <a href="../vino-contini-karmis-375cl.html">
        <div style="background-image: url('../../cdn.spesati.com/images/products/209192/vino-contini-karmis-01.jpg')">
            <div class="hover"></div>
            
            <div class="stickers"><img class="left" src="../../cdn.spesati.com/images/layout/sardinian.png" /></div>
        </div>
    </a>
    <div>
        <h4><a href="../vino-contini-karmis-375cl.html"><b>Vino Contini Karmis 375Cl</b></a></h4>
        <p class="description">0.38 Lt</p>
        <p class="right price"><b>5.99 €</b></p>
        <p class="right unitPrice">15.97 € per litre</p>
    </div>
    <div class="contButton">
    <a class="button bgRed white addToCart" href="#">Add</a>
</div>
</div><div class="left product prod20"
        data-name="Vino Contini Vermentino Tyrsos 75Cl"
        data-price="6.49"
        data-id="6862"
        data-available="yes"
        data-category="421"
        data-bestselling="">
    <a href="../vino-contini-vermentino-tyrsos-75cl.html">
        <div style="background-image: url('../../cdn.spesati.com/images/products/209145/vino-contini-vermentino-01.jpg')">
            <div class="hover"></div>
            
            <div class="stickers"><img class="left" src="../../cdn.spesati.com/images/layout/sardinian.png" /></div>
        </div>
    </a>
    <div>
        <h4><a href="../vino-contini-vermentino-tyrsos-75cl.html"><b>Vino Contini Vermentino Tyrsos 75Cl</b></a></h4>
        <p class="description">0.75 Lt</p>
        <p class="right price"><b>6.49 €</b></p>
        <p class="right unitPrice">8.65 € per litre</p>
    </div>
    <div class="contButton">
    <a class="button bgRed white addToCart" href="#">Add</a>
</div>
</div><div class="left product prod21"
        data-name="Vino Tondini Karagnanj Docg 75Cl"
        data-price="17.89"
        data-id="4592"
        data-available="yes"
        data-category="421"
        data-bestselling="">
    <a href="../vino-tondini-karagnanj-docg-75cl.html">
        <div style="background-image: url('../../cdn.spesati.com/images/products/209020/vino-tondini-karagnanj-01.jpg')">
            <div class="hover"></div>
            
            <div class="stickers"><img class="left" src="../../cdn.spesati.com/images/layout/sardinian.png" /></div>
        </div>
    </a>
    <div>
        <h4><a href="../vino-tondini-karagnanj-docg-75cl.html"><b>Vino Tondini Karagnanj Docg 75Cl</b></a></h4>
        <p class="description">0.75 Lt</p>
        <p class="right price"><b>17.89 €</b></p>
        <p class="right unitPrice">23.85 € per litre</p>
    </div>
    <div class="contButton">
    <a class="button bgRed white addToCart" href="#">Add</a>
</div>
</div><div class="left product prod22"
        data-name="Vino Antinori Cervaro B.co Igt"
        data-price="59.00"
        data-id="29062"
        data-available="yes"
        data-category="421"
        data-bestselling="">
    <a href="../vino-antinori-cervaro-bco-igt.html">
        <div style="background-image: url('../../cdn.spesati.com/images/products/000210274/marchesi-antinori-cervaro-della-sala-750-ml-01.png')">
            <div class="hover"></div>
            
            <div class="stickers"></div>
        </div>
    </a>
    <div>
        <h4><a href="../vino-antinori-cervaro-bco-igt.html"><b>Vino Antinori Cervaro B.co Igt</b></a></h4>
        <p class="description">Marchesi Antinori Cervaro della Sala 750 ml</p>
        <p class="right price"><b>59.00 €</b></p>
        <p class="right unitPrice">78.67 € per litre</p>
    </div>
    <div class="contButton">
    <a class="button bgRed white addToCart" href="#">Add</a>
</div>
</div><div class="left product prod23"
        data-name="Vino Antinori Muffato B.co Igt"
        data-price="39.90"
        data-id="35200"
        data-available="yes"
        data-category="421"
        data-bestselling="">
    <a href="../vino-antinori-muffato-bco-igt.html">
        <div style="background-image: url('../../cdn.spesati.com/images/products/000210261/marchesi-antinori-muffato-della-sala-umbria-igt-500-ml-01.png')">
            <div class="hover"></div>
            
            <div class="stickers"></div>
        </div>
    </a>
    <div>
        <h4><a href="../vino-antinori-muffato-bco-igt.html"><b>Vino Antinori Muffato B.co Igt</b></a></h4>
        <p class="description">Marchesi Antinori Muffato della Sala Umbria IGT 500 ml</p>
        <p class="right price"><b>39.90 €</b></p>
        <p class="right unitPrice">79.80 € per litre</p>
    </div>
    <div class="contButton">
    <a class="button bgRed white addToCart" href="#">Add</a>
</div>
</div><div class="left product prod24"
        data-name="Vino Siddura Maia Verm.docg 75"
        data-price="24.90"
        data-id="29049"
        data-available="yes"
        data-category="421"
        data-bestselling="">
    <a href="../vino-siddura-maia-vermdocg-75.html">
        <div style="background-image: url('../../cdn.spesati.com/images/products/000210089/siddura-maia-vermentino-di-gallura-docg-superiore-750-ml-01.png')">
            <div class="hover"></div>
            
            <div class="stickers"></div>
        </div>
    </a>
    <div>
        <h4><a href="../vino-siddura-maia-vermdocg-75.html"><b>Vino Siddura Maia Verm.docg 75</b></a></h4>
        <p class="description">Siddùra Maìa Vermentino di Gallura DOCG Superiore 750 ml</p>
        <p class="right price"><b>24.90 €</b></p>
        <p class="right unitPrice">33.20 € per litre</p>
    </div>
    <div class="contButton">
    <a class="button bgRed white addToCart" href="#">Add</a>
</div>
</div><div class="left product prod25"
        data-name="Vino Capichera Lintori Doc 75 Cl"
        data-price="16.90"
        data-id="4577"
        data-available="yes"
        data-category="421"
        data-bestselling="">
    <a href="../vino-capichera-lintori-doc-75-cl.html">
        <div style="background-image: url('../../cdn.spesati.com/images/products/000209767/capichera-lintori-vermentino-di-sardegna-doc-750-ml-01.png')">
            <div class="hover"></div>
            
            <div class="stickers"><img class="left" src="../../cdn.spesati.com/images/layout/sardinian.png" /></div>
        </div>
    </a>
    <div>
        <h4><a href="../vino-capichera-lintori-doc-75-cl.html"><b>Vino Capichera Lintori Doc 75 Cl</b></a></h4>
        <p class="description">Capichera Lintóri Vermentino di Sardegna DOC 750 ml</p>
        <p class="right price"><b>16.90 €</b></p>
        <p class="right unitPrice">22.53 € per litre</p>
    </div>
    <div class="contButton">
    <a class="button bgRed white addToCart" href="#">Add</a>
</div>
</div><div class="left product prod26"
        data-name="Vino Capichera Vign Angena Doc 75 Cl"
        data-price="28.90"
        data-id="4579"
        data-available="yes"
        data-category="421"
        data-bestselling="">
    <a href="../vino-capichera-vign-angena-doc-75-cl.html">
        <div style="background-image: url('../../cdn.spesati.com/images/products/000209762/capichera-vignangena-vermentino-di-gallura-docg-750-ml-01.png')">
            <div class="hover"></div>
            
            <div class="stickers"><img class="left" src="../../cdn.spesati.com/images/layout/sardinian.png" /></div>
        </div>
    </a>
    <div>
        <h4><a href="../vino-capichera-vign-angena-doc-75-cl.html"><b>Vino Capichera Vign Angena Doc 75 Cl</b></a></h4>
        <p class="description">Capichera Vign'Angena Vermentino di Gallura DOCG 750 ml</p>
        <p class="right price"><b>28.90 €</b></p>
        <p class="right unitPrice">38.54 € per litre</p>
    </div>
    <div class="contButton">
    <a class="button bgRed white addToCart" href="#">Add</a>
</div>
</div><div class="left product prod27"
        data-name="Vino Freschello Bianco"
        data-price="2.89"
        data-id="3456"
        data-available="yes"
        data-category="421"
        data-bestselling="">
    <a href="../vino-freschello-bianco.html">
        <div style="background-image: url('../../cdn.spesati.com/images/products/000209673/freschello-bianco-vivo-075-l-01.png')">
            <div class="hover"></div>
            
            <div class="stickers"></div>
        </div>
    </a>
    <div>
        <h4><a href="../vino-freschello-bianco.html"><b>Vino Freschello Bianco</b></a></h4>
        <p class="description">freschello Bianco Vivo 0,75 l</p>
        <p class="right price"><b>2.89 €</b></p>
        <p class="right unitPrice">3.86 € per litre</p>
    </div>
    <div class="contButton">
    <a class="button bgRed white addToCart" href="#">Add</a>
</div>
</div><div class="left product prod28"
        data-name="Vino Tavernello Brik Bianco Lt 1"
        data-price="2.29"
        data-id="4590"
        data-available="yes"
        data-category="421"
        data-bestselling="20">
    <a href="../vino-tavernello-brik-bianco-lt-1.html">
        <div style="background-image: url('../../cdn.spesati.com/images/products/000209655/tavernello-bianco-ditalia-1-l-01.png')">
            <div class="hover"></div>
            <p class="arrow bgRed white">Best Seller</p>
            <div class="stickers"></div>
        </div>
    </a>
    <div>
        <h4><a href="../vino-tavernello-brik-bianco-lt-1.html"><b>Vino Tavernello Brik Bianco Lt 1</b></a></h4>
        <p class="description">Tavernello Bianco d'Italia 1 l</p>
        <p class="right price"><b>2.29 €</b></p>
        <p class="right unitPrice">2.29 € per litre</p>
    </div>
    <div class="contButton">
    <a class="button bgRed white addToCart" href="#">Add</a>
</div>
</div><div class="left product prod29"
        data-name="Vino Tavernello Brick 250X3 Bianco"
        data-price="2.09"
        data-id="4588"
        data-available="yes"
        data-category="421"
        data-bestselling="">
    <a href="../vino-tavernello-brick-250x3-bianco.html">
        <div style="background-image: url('../../cdn.spesati.com/images/products/000209652/tavernello-bianco-ditalia-3-x-025-l-01.png')">
            <div class="hover"></div>
            
            <div class="stickers"></div>
        </div>
    </a>
    <div>
        <h4><a href="../vino-tavernello-brick-250x3-bianco.html"><b>Vino Tavernello Brick 250X3 Bianco</b></a></h4>
        <p class="description">Tavernello Bianco d'Italia 3 x 0,25 L</p>
        <p class="right price"><b>2.09 €</b></p>
        <p class="right unitPrice">2.78 € per litre</p>
    </div>
    <div class="contButton">
    <a class="button bgRed white addToCart" href="#">Add</a>
</div>
</div><div class="left product prod30"
        data-name="Vino Santa Cristina Capsula Viola Igt"
        data-price="7.84"
        data-id="4586"
        data-available="yes"
        data-category="421"
        data-bestselling="">
    <a href="../vino-santa-cristina-capsula-viola-igt.html">
        <div style="background-image: url('../../cdn.spesati.com/images/products/000209513/capsula-viola-chardonnay-750-ml-01.png')">
            <div class="hover"></div>
            
            <div class="stickers"></div>
        </div>
    </a>
    <div>
        <h4><a href="../vino-santa-cristina-capsula-viola-igt.html"><b>Vino Santa Cristina Capsula Viola Igt</b></a></h4>
        <p class="description">Capsula Viola Chardonnay 750 ml</p>
        <p class="right price"><b>7.84 €</b></p>
        <p class="right unitPrice">10.46 € per litre</p>
    </div>
    <div class="contButton">
    <a class="button bgRed white addToCart" href="#">Add</a>
</div>
</div><div class="left product prod31"
        data-name="Vino S.M.A Gewustraminer"
        data-price="16.27"
        data-id="3656"
        data-available="yes"
        data-category="421"
        data-bestselling="">
    <a href="../vino-sma-gewustraminer.html">
        <div style="background-image: url('../../cdn.spesati.com/images/products/000209182/st-michael-eppan-gewuerztraminer-alto-adige-doc-750-ml-01.png')">
            <div class="hover"></div>
            
            <div class="stickers"></div>
        </div>
    </a>
    <div>
        <h4><a href="../vino-sma-gewustraminer.html"><b>Vino S.M.A Gewustraminer</b></a></h4>
        <p class="description">St Michael Eppan Gewürztraminer Alto Adige DOC 750 ml</p>
        <p class="right price"><b>16.27 €</b></p>
        <p class="right unitPrice">21.69 € per litre</p>
    </div>
    <div class="contButton">
    <a class="button bgRed white addToCart" href="#">Add</a>
</div>
</div><div class="left product prod32"
        data-name="Vino Giogantinu Tancare"
        data-price="8.60"
        data-id="3666"
        data-available="yes"
        data-category="421"
        data-bestselling="">
    <a href="../vino-giogantinu-tancare.html">
        <div style="background-image: url('../../cdn.spesati.com/images/products/000209127/giogantinu-tancare-vino-bianco-frizzante-75-cl-01.png')">
            <div class="hover"></div>
            
            <div class="stickers"><img class="left" src="../../cdn.spesati.com/images/layout/sardinian.png" /></div>
        </div>
    </a>
    <div>
        <h4><a href="../vino-giogantinu-tancare.html"><b>Vino Giogantinu Tancare</b></a></h4>
        <p class="description">Giogantinu Tancaré Vino Bianco Frizzante 75 cl</p>
        <p class="right price"><b>8.60 €</b></p>
        <p class="right unitPrice">11.47 € per litre</p>
    </div>
    <div class="contButton">
    <a class="button bgRed white addToCart" href="#">Add</a>
</div>
</div><div class="left product prod33"
        data-name="Vino Giogantinu Rosso 5 Lt"
        data-price="15.99"
        data-id="28771"
        data-available="yes"
        data-category="421"
        data-bestselling="">
    <a href="../vino-giogantinu-rosso-5-lt.html">
        <div style="background-image: url('../../cdn.spesati.com/images/products/000209114/giogantinu-vino-rosso-5l-01.png')">
            <div class="hover"></div>
            
            <div class="stickers"></div>
        </div>
    </a>
    <div>
        <h4><a href="../vino-giogantinu-rosso-5-lt.html"><b>Vino Giogantinu Rosso 5 Lt</b></a></h4>
        <p class="description">Giogantinu Vino Rosso 5l</p>
        <p class="right price"><b>15.99 €</b></p>
        <p class="right unitPrice">3.20 € per litre</p>
    </div>
    <div class="contButton">
    <a class="button bgRed white addToCart" href="#">Add</a>
</div>
</div><div class="left product prod34"
        data-name="Vino Giogantinu Bianco"
        data-price="15.99"
        data-id="4219"
        data-available="yes"
        data-category="421"
        data-bestselling="">
    <a href="../vino-giogantinu-bianco.html">
        <div style="background-image: url('../../cdn.spesati.com/images/products/000209112/giogantinu-vino-bianco-5l-01.png')">
            <div class="hover"></div>
            
            <div class="stickers"><img class="left" src="../../cdn.spesati.com/images/layout/sardinian.png" /></div>
        </div>
    </a>
    <div>
        <h4><a href="../vino-giogantinu-bianco.html"><b>Vino Giogantinu Bianco</b></a></h4>
        <p class="description">Giogantinu Vino Bianco 5l</p>
        <p class="right price"><b>15.99 €</b></p>
        <p class="right unitPrice">3.20 € per litre</p>
    </div>
    <div class="contButton">
    <a class="button bgRed white addToCart" href="#">Add</a>
</div>
</div><div class="left product prod35"
        data-name="Vino vermentino giogantinu docg 12g.cl 75"
        data-price="6.99"
        data-id="5233"
        data-available="yes"
        data-category="421"
        data-bestselling="">
    <a href="../vino-vermentino-giogantinu-docg-12gcl-75.html">
        <div style="background-image: url('../../cdn.spesati.com/images/products/000209110/giogantinu-vermentino-di-gallura-docg-750-ml-01.png')">
            <div class="hover"></div>
            
            <div class="stickers"></div>
        </div>
    </a>
    <div>
        <h4><a href="../vino-vermentino-giogantinu-docg-12gcl-75.html"><b>Vino vermentino giogantinu docg 12g.cl 75</b></a></h4>
        <p class="description">Giogantinu Vermentino di Gallura D.O.C.G. 750 ml</p>
        <p class="right price"><b>6.99 €</b></p>
        <p class="right unitPrice">9.32 € per litre</p>
    </div>
    <div class="contButton">
    <a class="button bgRed white addToCart" href="#">Add</a>
</div>
</div><div class="left product prod36"
        data-name="Vino S.&m.piani Aliante 75cl"
        data-price="6.49"
        data-id="28765"
        data-available="yes"
        data-category="421"
        data-bestselling="">
    <a href="../vino-smpiani-aliante-75cl.html">
        <div style="background-image: url('../../cdn.spesati.com/images/products/000209070/sella-mosca-i-piani-aliante-vino-frizzante-bianco-750-ml-01.png')">
            <div class="hover"></div>
            
            <div class="stickers"></div>
        </div>
    </a>
    <div>
        <h4><a href="../vino-smpiani-aliante-75cl.html"><b>Vino S.&m.piani Aliante 75cl</b></a></h4>
        <p class="description">Sella & Mosca i Piani Aliante Vino Frizzante Bianco 750 ml</p>
        <p class="right price"><b>6.49 €</b></p>
        <p class="right unitPrice">8.65 € per litre</p>
    </div>
    <div class="contButton">
    <a class="button bgRed white addToCart" href="#">Add</a>
</div>
</div><div class="left product prod37"
        data-name="Vino Sella&Mosca Terre Bianche"
        data-price="8.99"
        data-id="3468"
        data-available="yes"
        data-category="421"
        data-bestselling="">
    <a href="../vino-sellamosca-terre-bianche.html">
        <div style="background-image: url('../../cdn.spesati.com/images/products/000209058/sella-mosca-terre-bianche-alghero-torbato-doc-750-ml-01.png')">
            <div class="hover"></div>
            
            <div class="stickers"><img class="left" src="../../cdn.spesati.com/images/layout/sardinian.png" /></div>
        </div>
    </a>
    <div>
        <h4><a href="../vino-sellamosca-terre-bianche.html"><b>Vino Sella&Mosca Terre Bianche</b></a></h4>
        <p class="description">Sella & Mosca Terre Bianche Alghero Torbato DOC 750 ml</p>
        <p class="right price"><b>8.99 €</b></p>
        <p class="right unitPrice">11.99 € per litre</p>
    </div>
    <div class="contButton">
    <a class="button bgRed white addToCart" href="#">Add</a>
</div>
</div><div class="left product prod38"
        data-name="Vino Sella Mosca la Cala Doc"
        data-price="7.99"
        data-id="3734"
        data-available="yes"
        data-category="421"
        data-bestselling="">
    <a href="../vino-sella-mosca-la-cala-doc.html">
        <div style="background-image: url('../../cdn.spesati.com/images/products/000209014/sella-mosca-la-cala-vermentino-di-sardegna-doc-750-ml-01.png')">
            <div class="hover"></div>
            
            <div class="stickers"><img class="left" src="../../cdn.spesati.com/images/layout/sardinian.png" /></div>
        </div>
    </a>
    <div>
        <h4><a href="../vino-sella-mosca-la-cala-doc.html"><b>Vino Sella Mosca la Cala Doc</b></a></h4>
        <p class="description">Sella & Mosca la Cala Vermentino di Sardegna DOC 750 ml</p>
        <p class="right price"><b>7.99 €</b></p>
        <p class="right unitPrice">10.65 € per litre</p>
    </div>
    <div class="contButton">
    <a class="button bgRed white addToCart" href="#">Add</a>
</div>
</div><div class="left product prod39"
        data-name="Spum La Gioios Pros Trev 75cl"
        data-price="6.99"
        data-id="28709"
        data-available="yes"
        data-category="421"
        data-bestselling="">
    <a href="../spum-la-gioios-pros-trev-75cl.html">
        <div style="background-image: url('../../cdn.spesati.com/images/products/000208214/la-gioiosa-prosecco-doc-treviso-75-cl-01.png')">
            <div class="hover"></div>
            
            <div class="stickers"></div>
        </div>
    </a>
    <div>
        <h4><a href="../spum-la-gioios-pros-trev-75cl.html"><b>Spum La Gioios Pros Trev 75cl</b></a></h4>
        <p class="description">La Gioiosa Prosecco DOC Treviso 75 cl</p>
        <p class="right price"><b>6.99 €</b></p>
        <p class="right unitPrice">9.32 € per litre</p>
    </div>
    <div class="contButton">
    <a class="button bgRed white addToCart" href="#">Add</a>
</div>
</div><div class="left product prod40"
        data-name="Vino moet cloudy bay sauvignon new zeland 75c"
        data-price="40.51"
        data-id="5273"
        data-available="yes"
        data-category="421"
        data-bestselling="">
    <a href="../vino-moet-cloudy-bay-sauvignon-new-zeland-75c.html">
        <div style="background-image: url('../../cdn.spesati.com/images/products/000208181/cloudy-bay-marlborough-sauvignon-blanc-750-ml-01.png')">
            <div class="hover"></div>
            
            <div class="stickers"></div>
        </div>
    </a>
    <div>
        <h4><a href="../vino-moet-cloudy-bay-sauvignon-new-zeland-75c.html"><b>Vino moet cloudy bay sauvignon new zeland 75c</b></a></h4>
        <p class="description">Cloudy Bay Marlborough Sauvignon Blanc 750 ml</p>
        <p class="right price"><b>40.51 €</b></p>
        <p class="right unitPrice">54.01 € per litre</p>
    </div>
    <div class="contButton">
    <a class="button bgRed white addToCart" href="#">Add</a>
</div>
</div><div class="left product prod41"
        data-name="S.margherita Pinot Grigio Doc"
        data-price="9.79"
        data-id="23294"
        data-available="yes"
        data-category="421"
        data-bestselling="">
    <a href="../smargherita-pinot-grigio-doc.html">
        <div style="background-image: url('../../cdn.spesati.com/images/products/000020263/santa-margherita-pinot-grigio-valdadige-doc-75-cl-01.png')">
            <div class="hover"></div>
            
            <div class="stickers"></div>
        </div>
    </a>
    <div>
        <h4><a href="../smargherita-pinot-grigio-doc.html"><b>S.margherita Pinot Grigio Doc</b></a></h4>
        <p class="description">Santa Margherita Pinot Grigio Valdadige DOC 75 cl</p>
        <p class="right price"><b>9.79 €</b></p>
        <p class="right unitPrice">13.98 € per litre</p>
    </div>
    <div class="contButton">
    <a class="button bgRed white addToCart" href="#">Add</a>
</div>
</div><div class="left product prod42"
        data-name="Vino Mancini Burberino 75"
        data-price="4.69"
        data-id="28969"
        data-available="yes"
        data-category="421"
        data-bestselling="">
    <a href="../vino-mancini-burberino-75.html">
        <div style="background-image: url('../../cdn.spesati.com/images/products/missing-image/missing-image.jpg')">
            <div class="hover"></div>
            
            <div class="stickers"></div>
        </div>
    </a>
    <div>
        <h4><a href="../vino-mancini-burberino-75.html"><b>Vino Mancini Burberino 75</b></a></h4>
        <p class="description">0.75 Lt</p>
        <p class="right price"><b>4.69 €</b></p>
        <p class="right unitPrice">6.26 € per litre</p>
    </div>
    <div class="contButton">
    <a class="button bgRed white addToCart" href="#">Add</a>
</div>
</div><div class="left product prod43"
        data-name="Vino Argiolas 5lt Bianco"
        data-price="15.90"
        data-id="28981"
        data-available="yes"
        data-category="421"
        data-bestselling="">
    <a href="../vino-argiolas-5lt-bianco.html">
        <div style="background-image: url('../../cdn.spesati.com/images/products/missing-image/missing-image.jpg')">
            <div class="hover"></div>
            
            <div class="stickers"></div>
        </div>
    </a>
    <div>
        <h4><a href="../vino-argiolas-5lt-bianco.html"><b>Vino Argiolas 5lt Bianco</b></a></h4>
        <p class="description">5 Lt</p>
        <p class="right price"><b>15.90 €</b></p>
        <p class="right unitPrice">3.18 € per litre</p>
    </div>
    <div class="contButton">
    <a class="button bgRed white addToCart" href="#">Add</a>
</div>
</div><div class="left product prod44"
        data-name="Vino Argiolas 5lt Rosso"
        data-price="15.90"
        data-id="28982"
        data-available="yes"
        data-category="421"
        data-bestselling="">
    <a href="../vino-argiolas-5lt-rosso.html">
        <div style="background-image: url('../../cdn.spesati.com/images/products/missing-image/missing-image.jpg')">
            <div class="hover"></div>
            
            <div class="stickers"></div>
        </div>
    </a>
    <div>
        <h4><a href="../vino-argiolas-5lt-rosso.html"><b>Vino Argiolas 5lt Rosso</b></a></h4>
        <p class="description">5 Lt</p>
        <p class="right price"><b>15.90 €</b></p>
        <p class="right unitPrice">3.18 € per litre</p>
    </div>
    <div class="contButton">
    <a class="button bgRed white addToCart" href="#">Add</a>
</div>
</div><div class="left product prod45"
        data-name="Vino Depperu Ruinas Igt 75cl"
        data-price="22.90"
        data-id="28989"
        data-available="yes"
        data-category="421"
        data-bestselling="">
    <a href="../vino-depperu-ruinas-igt-75cl.html">
        <div style="background-image: url('../../cdn.spesati.com/images/products/missing-image/missing-image.jpg')">
            <div class="hover"></div>
            
            <div class="stickers"></div>
        </div>
    </a>
    <div>
        <h4><a href="../vino-depperu-ruinas-igt-75cl.html"><b>Vino Depperu Ruinas Igt 75cl</b></a></h4>
        <p class="description">0.75 Lt</p>
        <p class="right price"><b>22.90 €</b></p>
        <p class="right unitPrice">30.54 € per litre</p>
    </div>
    <div class="contButton">
    <a class="button bgRed white addToCart" href="#">Add</a>
</div>
</div><div class="left product prod46"
        data-name="Vernaccia 'carta' 1lt"
        data-price="12.49"
        data-id="29005"
        data-available="yes"
        data-category="421"
        data-bestselling="">
    <a href="../vernaccia-carta-1lt.html">
        <div style="background-image: url('../../cdn.spesati.com/images/products/missing-image/missing-image.jpg')">
            <div class="hover"></div>
            
            <div class="stickers"></div>
        </div>
    </a>
    <div>
        <h4><a href="../vernaccia-carta-1lt.html"><b>Vernaccia 'carta' 1lt</b></a></h4>
        <p class="description">1 Lt</p>
        <p class="right price"><b>12.49 €</b></p>
        <p class="right unitPrice">12.49 € per litre</p>
    </div>
    <div class="contButton">
    <a class="button bgRed white addToCart" href="#">Add</a>
</div>
</div><div class="left product prod47"
        data-name="Vino F.lli Puddu Gioias 75cl"
        data-price="14.60"
        data-id="29010"
        data-available="yes"
        data-category="421"
        data-bestselling="">
    <a href="../vino-flli-puddu-gioias-75cl.html">
        <div style="background-image: url('../../cdn.spesati.com/images/products/missing-image/missing-image.jpg')">
            <div class="hover"></div>
            
            <div class="stickers"></div>
        </div>
    </a>
    <div>
        <h4><a href="../vino-flli-puddu-gioias-75cl.html"><b>Vino F.lli Puddu Gioias 75cl</b></a></h4>
        <p class="description">0.75 Lt</p>
        <p class="right price"><b>14.60 €</b></p>
        <p class="right unitPrice">19.47 € per litre</p>
    </div>
    <div class="contButton">
    <a class="button bgRed white addToCart" href="#">Add</a>
</div>
</div><div class="left product prod48"
        data-name="Vino Depperu Ruinas Igt 1.5 Lt"
        data-price="54.49"
        data-id="29012"
        data-available="yes"
        data-category="421"
        data-bestselling="">
    <a href="../vino-depperu-ruinas-igt-15-lt.html">
        <div style="background-image: url('../../cdn.spesati.com/images/products/missing-image/missing-image.jpg')">
            <div class="hover"></div>
            
            <div class="stickers"></div>
        </div>
    </a>
    <div>
        <h4><a href="../vino-depperu-ruinas-igt-15-lt.html"><b>Vino Depperu Ruinas Igt 1.5 Lt</b></a></h4>
        <p class="description">1.5 Lt</p>
        <p class="right price"><b>54.49 €</b></p>
        <p class="right unitPrice">36.33 € per litre</p>
    </div>
    <div class="contButton">
    <a class="button bgRed white addToCart" href="#">Add</a>
</div>
</div><div class="left product prod49"
        data-name="Vino Capichera Igt Class 375"
        data-price="18.90"
        data-id="29014"
        data-available="yes"
        data-category="421"
        data-bestselling="">
    <a href="../vino-capichera-igt-class-375.html">
        <div style="background-image: url('../../cdn.spesati.com/images/products/missing-image/missing-image.jpg')">
            <div class="hover"></div>
            
            <div class="stickers"></div>
        </div>
    </a>
    <div>
        <h4><a href="../vino-capichera-igt-class-375.html"><b>Vino Capichera Igt Class 375</b></a></h4>
        <p class="description">0.38 Lt</p>
        <p class="right price"><b>18.90 €</b></p>
        <p class="right unitPrice">50.40 € per litre</p>
    </div>
    <div class="contButton">
    <a class="button bgRed white addToCart" href="#">Add</a>
</div>
</div><div class="left product prod50"
        data-name="Vino Trexenta Segolaj Bia Friz"
        data-price="3.49"
        data-id="29025"
        data-available="yes"
        data-category="421"
        data-bestselling="">
    <a href="../vino-trexenta-segolaj-bia-friz.html">
        <div style="background-image: url('../../cdn.spesati.com/images/products/missing-image/missing-image.jpg')">
            <div class="hover"></div>
            
            <div class="stickers"></div>
        </div>
    </a>
    <div>
        <h4><a href="../vino-trexenta-segolaj-bia-friz.html"><b>Vino Trexenta Segolaj Bia Friz</b></a></h4>
        <p class="description">0.75 Lt</p>
        <p class="right price"><b>3.49 €</b></p>
        <p class="right unitPrice">4.65 € per litre</p>
    </div>
    <div class="contButton">
    <a class="button bgRed white addToCart" href="#">Add</a>
</div>
</div><div class="left product prod51"
        data-name="Spum Sm La Palma Akenta Sub 75"
        data-price="69.00"
        data-id="29125"
        data-available="yes"
        data-category="421"
        data-bestselling="">
    <a href="../spum-sm-la-palma-akenta-sub-75.html">
        <div style="background-image: url('../../cdn.spesati.com/images/products/missing-image/missing-image.jpg')">
            <div class="hover"></div>
            
            <div class="stickers"></div>
        </div>
    </a>
    <div>
        <h4><a href="../spum-sm-la-palma-akenta-sub-75.html"><b>Spum Sm La Palma Akenta Sub 75</b></a></h4>
        <p class="description">0.75 Lt</p>
        <p class="right price"><b>69.00 €</b></p>
        <p class="right unitPrice">92.00 € per litre</p>
    </div>
    <div class="contButton">
    <a class="button bgRed white addToCart" href="#">Add</a>
</div>
</div><div class="left product prod52"
        data-name="Vino Capichera Vende Tardiva"
        data-price="54.90"
        data-id="35197"
        data-available="yes"
        data-category="421"
        data-bestselling="">
    <a href="../vino-capichera-vende-tardiva.html">
        <div style="background-image: url('../../cdn.spesati.com/images/products/missing-image/missing-image.jpg')">
            <div class="hover"></div>
            
            <div class="stickers"></div>
        </div>
    </a>
    <div>
        <h4><a href="../vino-capichera-vende-tardiva.html"><b>Vino Capichera Vende Tardiva</b></a></h4>
        <p class="description">0.75 Lt</p>
        <p class="right price"><b>54.90 €</b></p>
        <p class="right unitPrice">73.20 € per litre</p>
    </div>
    <div class="contButton">
    <a class="button bgRed white addToCart" href="#">Add</a>
</div>
</div><div class="left product prod53"
        data-name="Vino Capichera Santig Igt 75cl"
        data-price="129.00"
        data-id="71904"
        data-available="yes"
        data-category="421"
        data-bestselling="">
    <a href="../vino-capichera-santig-igt-75cl.html">
        <div style="background-image: url('../../cdn.spesati.com/images/products/missing-image/missing-image.jpg')">
            <div class="hover"></div>
            
            <div class="stickers"></div>
        </div>
    </a>
    <div>
        <h4><a href="../vino-capichera-santig-igt-75cl.html"><b>Vino Capichera Santig Igt 75cl</b></a></h4>
        <p class="description">0.75 Lt</p>
        <p class="right price"><b>129.00 €</b></p>
        <p class="right unitPrice">172.00 € per litre</p>
    </div>
    <div class="contButton">
    <a class="button bgRed white addToCart" href="#">Add</a>
</div>
</div><div class="left product prod54"
        data-name="Vino Donnafugata Ben Rye 375ml"
        data-price="29.90"
        data-id="74875"
        data-available="yes"
        data-category="421"
        data-bestselling="">
    <a href="../vino-donnafugata-ben-rye-375ml.html">
        <div style="background-image: url('../../cdn.spesati.com/images/products/missing-image/missing-image.jpg')">
            <div class="hover"></div>
            
            <div class="stickers"></div>
        </div>
    </a>
    <div>
        <h4><a href="../vino-donnafugata-ben-rye-375ml.html"><b>Vino Donnafugata Ben Rye 375ml</b></a></h4>
        <p class="description">0.38 Lt</p>
        <p class="right price"><b>29.90 €</b></p>
        <p class="right unitPrice">78.68 € per litre</p>
    </div>
    <div class="contButton">
    <a class="button bgRed white addToCart" href="#">Add</a>
</div>
</div><div class="left product prod55"
        data-name="Vino Monti Oro Funtanaliras  75cl"
        data-price="6.99"
        data-id="28769"
        data-available="yes"
        data-category="421"
        data-bestselling="">
    <a href="../vino-monti-oro-funtanaliras-75cl.html">
        <div style="background-image: url('../../cdn.spesati.com/images/products/missing-image/missing-image.jpg')">
            <div class="hover"></div>
            
            <div class="stickers"></div>
        </div>
    </a>
    <div>
        <h4><a href="../vino-monti-oro-funtanaliras-75cl.html"><b>Vino Monti Oro Funtanaliras  75cl</b></a></h4>
        <p class="description">0.38 Lt</p>
        <p class="right price"><b>6.99 €</b></p>
        <p class="right unitPrice">18.64 € per litre</p>
    </div>
    <div class="contButton">
    <a class="button bgRed white addToCart" href="#">Add</a>
</div>
</div><div class="left product prod56"
        data-name="Vino Contini I Giganti Bianco"
        data-price="19.90"
        data-id="28779"
        data-available="yes"
        data-category="421"
        data-bestselling="">
    <a href="../vino-contini-i-giganti-bianco.html">
        <div style="background-image: url('../../cdn.spesati.com/images/products/missing-image/missing-image.jpg')">
            <div class="hover"></div>
            
            <div class="stickers"></div>
        </div>
    </a>
    <div>
        <h4><a href="../vino-contini-i-giganti-bianco.html"><b>Vino Contini I Giganti Bianco</b></a></h4>
        <p class="description">0.75 Lt</p>
        <p class="right price"><b>19.90 €</b></p>
        <p class="right unitPrice">26.54 € per litre</p>
    </div>
    <div class="contButton">
    <a class="button bgRed white addToCart" href="#">Add</a>
</div>
</div><div class="left product prod57"
        data-name="Vino Agripunica Samas B Igt75c"
        data-price="13.66"
        data-id="28794"
        data-available="yes"
        data-category="421"
        data-bestselling="">
    <a href="../vino-agripunica-samas-b-igt75c.html">
        <div style="background-image: url('../../cdn.spesati.com/images/products/missing-image/missing-image.jpg')">
            <div class="hover"></div>
            
            <div class="stickers"></div>
        </div>
    </a>
    <div>
        <h4><a href="../vino-agripunica-samas-b-igt75c.html"><b>Vino Agripunica Samas B Igt75c</b></a></h4>
        <p class="description">0.75 Lt</p>
        <p class="right price"><b>13.66 €</b></p>
        <p class="right unitPrice">18.21 € per litre</p>
    </div>
    <div class="contButton">
    <a class="button bgRed white addToCart" href="#">Add</a>
</div>
</div><div class="left product prod58"
        data-name="Vino Contini Karmis 1.5lt"
        data-price="19.90"
        data-id="28798"
        data-available="yes"
        data-category="421"
        data-bestselling="">
    <a href="../vino-contini-karmis-15lt.html">
        <div style="background-image: url('../../cdn.spesati.com/images/products/missing-image/missing-image.jpg')">
            <div class="hover"></div>
            
            <div class="stickers"></div>
        </div>
    </a>
    <div>
        <h4><a href="../vino-contini-karmis-15lt.html"><b>Vino Contini Karmis 1.5lt</b></a></h4>
        <p class="description">1.5 Lt</p>
        <p class="right price"><b>19.90 €</b></p>
        <p class="right unitPrice">13.26 € per litre</p>
    </div>
    <div class="contButton">
    <a class="button bgRed white addToCart" href="#">Add</a>
</div>
</div><div class="left product prod59"
        data-name="Vino Dorgali Vermentino Isalle"
        data-price="5.89"
        data-id="28801"
        data-available="yes"
        data-category="421"
        data-bestselling="">
    <a href="../vino-dorgali-vermentino-isalle.html">
        <div style="background-image: url('../../cdn.spesati.com/images/products/missing-image/missing-image.jpg')">
            <div class="hover"></div>
            
            <div class="stickers"></div>
        </div>
    </a>
    <div>
        <h4><a href="../vino-dorgali-vermentino-isalle.html"><b>Vino Dorgali Vermentino Isalle</b></a></h4>
        <p class="description">0.75 Lt</p>
        <p class="right price"><b>5.89 €</b></p>
        <p class="right unitPrice">7.86 € per litre</p>
    </div>
    <div class="contButton">
    <a class="button bgRed white addToCart" href="#">Add</a>
</div>
</div><div class="left product prod60"
        data-name="Vino Dorgali Rosso 2lt Vetr"
        data-price="6.49"
        data-id="28805"
        data-available="yes"
        data-category="421"
        data-bestselling="">
    <a href="../vino-dorgali-rosso-2lt-vetr.html">
        <div style="background-image: url('../../cdn.spesati.com/images/products/missing-image/missing-image.jpg')">
            <div class="hover"></div>
            
            <div class="stickers"></div>
        </div>
    </a>
    <div>
        <h4><a href="../vino-dorgali-rosso-2lt-vetr.html"><b>Vino Dorgali Rosso 2lt Vetr</b></a></h4>
        <p class="description">2 Lt</p>
        <p class="right price"><b>6.49 €</b></p>
        <p class="right unitPrice">3.25 € per litre</p>
    </div>
    <div class="contButton">
    <a class="button bgRed white addToCart" href="#">Add</a>
</div>
</div><div class="left product prod61"
        data-name="Vino Dorgali Bianco 2lt Vetr"
        data-price="6.49"
        data-id="28806"
        data-available="yes"
        data-category="421"
        data-bestselling="">
    <a href="../vino-dorgali-bianco-2lt-vetr.html">
        <div style="background-image: url('../../cdn.spesati.com/images/products/missing-image/missing-image.jpg')">
            <div class="hover"></div>
            
            <div class="stickers"></div>
        </div>
    </a>
    <div>
        <h4><a href="../vino-dorgali-bianco-2lt-vetr.html"><b>Vino Dorgali Bianco 2lt Vetr</b></a></h4>
        <p class="description">2 Lt</p>
        <p class="right price"><b>6.49 €</b></p>
        <p class="right unitPrice">3.25 € per litre</p>
    </div>
    <div class="contButton">
    <a class="button bgRed white addToCart" href="#">Add</a>
</div>
</div><div class="left product prod62"
        data-name="Vino Sedilesu Perda Pinta' 75c"
        data-price="31.25"
        data-id="28820"
        data-available="yes"
        data-category="421"
        data-bestselling="">
    <a href="../vino-sedilesu-perda-pinta-75c.html">
        <div style="background-image: url('../../cdn.spesati.com/images/products/missing-image/missing-image.jpg')">
            <div class="hover"></div>
            
            <div class="stickers"></div>
        </div>
    </a>
    <div>
        <h4><a href="../vino-sedilesu-perda-pinta-75c.html"><b>Vino Sedilesu Perda Pinta' 75c</b></a></h4>
        <p class="description">0.75 Lt</p>
        <p class="right price"><b>31.25 €</b></p>
        <p class="right unitPrice">41.66 € per litre</p>
    </div>
    <div class="contButton">
    <a class="button bgRed white addToCart" href="#">Add</a>
</div>
</div><div class="left product prod63"
        data-name="Vino Jerzu Rosso Dolce 5 Lt.12"
        data-price="14.99"
        data-id="28822"
        data-available="yes"
        data-category="421"
        data-bestselling="">
    <a href="../vino-jerzu-rosso-dolce-5-lt12.html">
        <div style="background-image: url('../../cdn.spesati.com/images/products/missing-image/missing-image.jpg')">
            <div class="hover"></div>
            
            <div class="stickers"></div>
        </div>
    </a>
    <div>
        <h4><a href="../vino-jerzu-rosso-dolce-5-lt12.html"><b>Vino Jerzu Rosso Dolce 5 Lt.12</b></a></h4>
        <p class="description">5 Lt</p>
        <p class="right price"><b>14.99 €</b></p>
        <p class="right unitPrice">3.00 € per litre</p>
    </div>
    <div class="contButton">
    <a class="button bgRed white addToCart" href="#">Add</a>
</div>
</div><div class="left product prod64"
        data-name="Vino Jerzu Rosso 5 Lt.12v"
        data-price="14.90"
        data-id="28823"
        data-available="yes"
        data-category="421"
        data-bestselling="">
    <a href="../vino-jerzu-rosso-5-lt12v.html">
        <div style="background-image: url('../../cdn.spesati.com/images/products/missing-image/missing-image.jpg')">
            <div class="hover"></div>
            
            <div class="stickers"></div>
        </div>
    </a>
    <div>
        <h4><a href="../vino-jerzu-rosso-5-lt12v.html"><b>Vino Jerzu Rosso 5 Lt.12v</b></a></h4>
        <p class="description">5 Lt</p>
        <p class="right price"><b>14.90 €</b></p>
        <p class="right unitPrice">2.98 € per litre</p>
    </div>
    <div class="contButton">
    <a class="button bgRed white addToCart" href="#">Add</a>
</div>
</div><div class="left product prod65"
        data-name="Vino Monti Bianco.5lt"
        data-price="14.49"
        data-id="28850"
        data-available="yes"
        data-category="421"
        data-bestselling="">
    <a href="../vino-monti-bianco5lt.html">
        <div style="background-image: url('../../cdn.spesati.com/images/products/missing-image/missing-image.jpg')">
            <div class="hover"></div>
            
            <div class="stickers"></div>
        </div>
    </a>
    <div>
        <h4><a href="../vino-monti-bianco5lt.html"><b>Vino Monti Bianco.5lt</b></a></h4>
        <p class="description">5 Lt</p>
        <p class="right price"><b>14.49 €</b></p>
        <p class="right unitPrice">2.90 € per litre</p>
    </div>
    <div class="contButton">
    <a class="button bgRed white addToCart" href="#">Add</a>
</div>
</div><div class="left product prod66"
        data-name="Vino Chateau Simon Saut 375m"
        data-price="17.73"
        data-id="28887"
        data-available="yes"
        data-category="421"
        data-bestselling="">
    <a href="../vino-chateau-simon-saut-375m.html">
        <div style="background-image: url('../../cdn.spesati.com/images/products/missing-image/missing-image.jpg')">
            <div class="hover"></div>
            
            <div class="stickers"></div>
        </div>
    </a>
    <div>
        <h4><a href="../vino-chateau-simon-saut-375m.html"><b>Vino Chateau Simon Saut 375m</b></a></h4>
        <p class="description">0.38 Lt</p>
        <p class="right price"><b>17.73 €</b></p>
        <p class="right unitPrice">47.28 € per litre</p>
    </div>
    <div class="contButton">
    <a class="button bgRed white addToCart" href="#">Add</a>
</div>
</div><div class="left product prod67"
        data-name="Vino Jermann Pinot Grigio 75cl"
        data-price="24.90"
        data-id="28912"
        data-available="yes"
        data-category="421"
        data-bestselling="">
    <a href="../vino-jermann-pinot-grigio-75cl.html">
        <div style="background-image: url('../../cdn.spesati.com/images/products/missing-image/missing-image.jpg')">
            <div class="hover"></div>
            
            <div class="stickers"></div>
        </div>
    </a>
    <div>
        <h4><a href="../vino-jermann-pinot-grigio-75cl.html"><b>Vino Jermann Pinot Grigio 75cl</b></a></h4>
        <p class="description">0.75 Lt</p>
        <p class="right price"><b>24.90 €</b></p>
        <p class="right unitPrice">33.20 € per litre</p>
    </div>
    <div class="contButton">
    <a class="button bgRed white addToCart" href="#">Add</a>
</div>
</div><div class="left product prod68"
        data-name="Vino Jermann Chardonnay 75cl"
        data-price="22.90"
        data-id="28914"
        data-available="yes"
        data-category="421"
        data-bestselling="">
    <a href="../vino-jermann-chardonnay-75cl.html">
        <div style="background-image: url('../../cdn.spesati.com/images/products/missing-image/missing-image.jpg')">
            <div class="hover"></div>
            
            <div class="stickers"></div>
        </div>
    </a>
    <div>
        <h4><a href="../vino-jermann-chardonnay-75cl.html"><b>Vino Jermann Chardonnay 75cl</b></a></h4>
        <p class="description">0.75 Lt</p>
        <p class="right price"><b>22.90 €</b></p>
        <p class="right unitPrice">30.54 € per litre</p>
    </div>
    <div class="contButton">
    <a class="button bgRed white addToCart" href="#">Add</a>
</div>
</div><div class="left product prod69"
        data-name="Vino Jermann Vintage Tunn 75cl"
        data-price="68.16"
        data-id="28915"
        data-available="yes"
        data-category="421"
        data-bestselling="">
    <a href="../vino-jermann-vintage-tunn-75cl.html">
        <div style="background-image: url('../../cdn.spesati.com/images/products/missing-image/missing-image.jpg')">
            <div class="hover"></div>
            
            <div class="stickers"></div>
        </div>
    </a>
    <div>
        <h4><a href="../vino-jermann-vintage-tunn-75cl.html"><b>Vino Jermann Vintage Tunn 75cl</b></a></h4>
        <p class="description">0.75 Lt</p>
        <p class="right price"><b>68.16 €</b></p>
        <p class="right unitPrice">90.88 € per litre</p>
    </div>
    <div class="contButton">
    <a class="button bgRed white addToCart" href="#">Add</a>
</div>
</div><div class="left product prod70"
        data-name="Vino Jermann Gewurztramin 75cl"
        data-price="23.79"
        data-id="28942"
        data-available="yes"
        data-category="421"
        data-bestselling="">
    <a href="../vino-jermann-gewurztramin-75cl.html">
        <div style="background-image: url('../../cdn.spesati.com/images/products/missing-image/missing-image.jpg')">
            <div class="hover"></div>
            
            <div class="stickers"></div>
        </div>
    </a>
    <div>
        <h4><a href="../vino-jermann-gewurztramin-75cl.html"><b>Vino Jermann Gewurztramin 75cl</b></a></h4>
        <p class="description">0.75 Lt</p>
        <p class="right price"><b>23.79 €</b></p>
        <p class="right unitPrice">31.72 € per litre</p>
    </div>
    <div class="contButton">
    <a class="button bgRed white addToCart" href="#">Add</a>
</div>
</div><div class="left product prod71"
        data-name="Vino Angialis Argiolas"
        data-price="25.90"
        data-id="3443"
        data-available="no"
        data-category="421"
        data-bestselling="">
    <a href="../vino-angialis-argiolas.html">
        <div style="background-image: url('../../cdn.spesati.com/images/products/2593401/vino-angialis-argiolas.jpg')">
            <div class="hover"></div>
            
            <div class="stickers"><img class="left" src="../../cdn.spesati.com/images/layout/sardinian.png" /></div>
        </div>
    </a>
    <div>
        <h4><a href="../vino-angialis-argiolas.html"><b>Vino Angialis Argiolas</b></a></h4>
        <p class="description">0.5 Lt</p>
        <p class="right price"><b>25.90 €</b></p>
        <p class="right unitPrice">51.80 € per litre</p>
    </div>
    <div class="notAvailable">
    <a class="button bgDarkGrey white" href="../vino-angialis-argiolas.html">Not available</a>
</div>
</div><div class="left product prod72"
        data-name="Vino Antinori Chardonnay Igt75"
        data-price="8.60"
        data-id="29088"
        data-available="no"
        data-category="421"
        data-bestselling="">
    <a href="../vino-antinori-chardonnay-igt75.html">
        <div style="background-image: url('../../cdn.spesati.com/images/products/000210319/tormaresca-chardonnay-puglia-igt-750-ml-01.png')">
            <div class="hover"></div>
            
            <div class="stickers"></div>
        </div>
    </a>
    <div>
        <h4><a href="../vino-antinori-chardonnay-igt75.html"><b>Vino Antinori Chardonnay Igt75</b></a></h4>
        <p class="description">Tormaresca Chardonnay Puglia IGT 750 ml</p>
        <p class="right price"><b>8.60 €</b></p>
        <p class="right unitPrice">11.47 € per litre</p>
    </div>
    <div class="notAvailable">
    <a class="button bgDarkGrey white" href="../vino-antinori-chardonnay-igt75.html">Not available</a>
</div>
</div><div class="left product prod73"
        data-name="Vino Bianco Fr. Tavernello 1,5"
        data-price="4.99"
        data-id="29055"
        data-available="no"
        data-category="421"
        data-bestselling="">
    <a href="../vino-bianco-fr-tavernello-15.html">
        <div style="background-image: url('../../cdn.spesati.com/images/products/000210218/tavernello-bianco-amabile-vino-frizzante-15-l-01.png')">
            <div class="hover"></div>
            
            <div class="stickers"></div>
        </div>
    </a>
    <div>
        <h4><a href="../vino-bianco-fr-tavernello-15.html"><b>Vino Bianco Fr. Tavernello 1,5</b></a></h4>
        <p class="description">Tavernello Bianco Amabile Vino Frizzante 1,5 L</p>
        <p class="right price"><b>4.99 €</b></p>
        <p class="right unitPrice">3.33 € per litre</p>
    </div>
    <div class="notAvailable">
    <a class="button bgDarkGrey white" href="../vino-bianco-fr-tavernello-15.html">Not available</a>
</div>
</div><div class="left product prod74"
        data-name="Vino Is Arutas Vermentino Doc 75Cl"
        data-price="10.26"
        data-id="6861"
        data-available="no"
        data-category="421"
        data-bestselling="">
    <a href="../vino-is-arutas-vermentino-doc-75cl.html">
        <div style="background-image: url('../../cdn.spesati.com/images/products/000209611/cantina-della-vernaccia-oristano-is-arutas-vermentino-di-sardegna-doc-750-ml-01.png')">
            <div class="hover"></div>
            
            <div class="stickers"><img class="left" src="../../cdn.spesati.com/images/layout/sardinian.png" /></div>
        </div>
    </a>
    <div>
        <h4><a href="../vino-is-arutas-vermentino-doc-75cl.html"><b>Vino Is Arutas Vermentino Doc 75Cl</b></a></h4>
        <p class="description">Cantina della Vernaccia Oristano Is Arutas Vermentino di Sardegna D.O.C 750 ml</p>
        <p class="right price"><b>10.26 €</b></p>
        <p class="right unitPrice">13.68 € per litre</p>
    </div>
    <div class="notAvailable">
    <a class="button bgDarkGrey white" href="../vino-is-arutas-vermentino-doc-75cl.html">Not available</a>
</div>
</div><div class="left product prod75"
        data-name="Vino Terresinis Bianco 75Cl"
        data-price="9.89"
        data-id="4591"
        data-available="no"
        data-category="421"
        data-bestselling="">
    <a href="../vino-terresinis-bianco-75cl.html">
        <div style="background-image: url('../../cdn.spesati.com/images/products/000209388/cantina-della-vernaccia-oristano-terresinis-vernaccia-valle-del-tirso-igt-750-ml-01.png')">
            <div class="hover"></div>
            
            <div class="stickers"><img class="left" src="../../cdn.spesati.com/images/layout/sardinian.png" /></div>
        </div>
    </a>
    <div>
        <h4><a href="../vino-terresinis-bianco-75cl.html"><b>Vino Terresinis Bianco 75Cl</b></a></h4>
        <p class="description">Cantina della Vernaccia Oristano Terresinis Vernaccia Valle del Tirso IGT 750 ml</p>
        <p class="right price"><b>9.89 €</b></p>
        <p class="right unitPrice">13.18 € per litre</p>
    </div>
    <div class="notAvailable">
    <a class="button bgDarkGrey white" href="../vino-terresinis-bianco-75cl.html">Not available</a>
</div>
</div><div class="left product prod76"
        data-name="Vino Benas Vermentino 75Cl"
        data-price="5.99"
        data-id="6860"
        data-available="no"
        data-category="421"
        data-bestselling="">
    <a href="../vino-benas-vermentino-75cl.html">
        <div style="background-image: url('../../cdn.spesati.com/images/products/000209384/cantina-della-vernaccia-oristano-benas-vermentino-di-sardegna-doc-750-ml-01.png')">
            <div class="hover"></div>
            
            <div class="stickers"><img class="left" src="../../cdn.spesati.com/images/layout/sardinian.png" /></div>
        </div>
    </a>
    <div>
        <h4><a href="../vino-benas-vermentino-75cl.html"><b>Vino Benas Vermentino 75Cl</b></a></h4>
        <p class="description">Cantina della Vernaccia Oristano Benas Vermentino di Sardegna D.O.C. 750 ml</p>
        <p class="right price"><b>5.99 €</b></p>
        <p class="right unitPrice">7.99 € per litre</p>
    </div>
    <div class="notAvailable">
    <a class="button bgDarkGrey white" href="../vino-benas-vermentino-75cl.html">Not available</a>
</div>
</div><div class="left product prod77"
        data-name="Vino Bella Tavola Bianco 1lt"
        data-price="3.19"
        data-id="28813"
        data-available="no"
        data-category="421"
        data-bestselling="">
    <a href="../vino-bella-tavola-bianco-1lt.html">
        <div style="background-image: url('../../cdn.spesati.com/images/products/000209252/bella-tavola-bianco-1-l-01.png')">
            <div class="hover"></div>
            
            <div class="stickers"></div>
        </div>
    </a>
    <div>
        <h4><a href="../vino-bella-tavola-bianco-1lt.html"><b>Vino Bella Tavola Bianco 1lt</b></a></h4>
        <p class="description">Bella Tavola Bianco 1 L</p>
        <p class="right price"><b>3.19 €</b></p>
        <p class="right unitPrice">3.20 € per litre</p>
    </div>
    <div class="notAvailable">
    <a class="button bgDarkGrey white" href="../vino-bella-tavola-bianco-1lt.html">Not available</a>
</div>
</div><div class="left product prod78"
        data-name="Vino S.margherita M.thurgau Fr"
        data-price="8.99"
        data-id="23295"
        data-available="no"
        data-category="421"
        data-bestselling="">
    <a href="../vino-smargherita-mthurgau-fr.html">
        <div style="background-image: url('../../cdn.spesati.com/images/products/000020266/santa-margherita-mueller-thurgau-vigneti-delle-dolomiti-igt-vino-frizzante-75-cl-01.png')">
            <div class="hover"></div>
            
            <div class="stickers"></div>
        </div>
    </a>
    <div>
        <h4><a href="../vino-smargherita-mthurgau-fr.html"><b>Vino S.margherita M.thurgau Fr</b></a></h4>
        <p class="description">Santa Margherita Müller Thurgau Vigneti delle Dolomiti IGT Vino Frizzante 75 cl</p>
        <p class="right price"><b>8.99 €</b></p>
        <p class="right unitPrice">12.83 € per litre</p>
    </div>
    <div class="notAvailable">
    <a class="button bgDarkGrey white" href="../vino-smargherita-mthurgau-fr.html">Not available</a>
</div>
</div><div class="left product prod79"
        data-name="Vino Capichera Class Verm 1.5l"
        data-price="79.90"
        data-id="28998"
        data-available="no"
        data-category="421"
        data-bestselling="">
    <a href="../vino-capichera-class-verm-15l.html">
        <div style="background-image: url('../../cdn.spesati.com/images/products/missing-image/missing-image.jpg')">
            <div class="hover"></div>
            
            <div class="stickers"></div>
        </div>
    </a>
    <div>
        <h4><a href="../vino-capichera-class-verm-15l.html"><b>Vino Capichera Class Verm 1.5l</b></a></h4>
        <p class="description">1.5 Lt</p>
        <p class="right price"><b>79.90 €</b></p>
        <p class="right unitPrice">53.27 € per litre</p>
    </div>
    <div class="notAvailable">
    <a class="button bgDarkGrey white" href="../vino-capichera-class-verm-15l.html">Not available</a>
</div>
</div><div class="left product prod80"
        data-name="Conf Cagnul E Chardon 75 Cl"
        data-price="28.68"
        data-id="29161"
        data-available="no"
        data-category="421"
        data-bestselling="">
    <a href="../conf-cagnul-e-chardon-75-cl.html">
        <div style="background-image: url('../../cdn.spesati.com/images/products/missing-image/missing-image.jpg')">
            <div class="hover"></div>
            
            <div class="stickers"></div>
        </div>
    </a>
    <div>
        <h4><a href="../conf-cagnul-e-chardon-75-cl.html"><b>Conf Cagnul E Chardon 75 Cl</b></a></h4>
        <p class="description">1.5 Lt</p>
        <p class="right price"><b>28.68 €</b></p>
        <p class="right unitPrice">19.12 € per litre</p>
    </div>
    <div class="notAvailable">
    <a class="button bgDarkGrey white" href="../conf-cagnul-e-chardon-75-cl.html">Not available</a>
</div>
</div><div class="left product prod81"
        data-name="Vino Santadi V.di Chiesa B.igt"
        data-price="19.99"
        data-id="35194"
        data-available="no"
        data-category="421"
        data-bestselling="">
    <a href="../vino-santadi-vdi-chiesa-bigt.html">
        <div style="background-image: url('../../cdn.spesati.com/images/products/missing-image/missing-image.jpg')">
            <div class="hover"></div>
            
            <div class="stickers"></div>
        </div>
    </a>
    <div>
        <h4><a href="../vino-santadi-vdi-chiesa-bigt.html"><b>Vino Santadi V.di Chiesa B.igt</b></a></h4>
        <p class="description">0.75 Lt</p>
        <p class="right price"><b>19.99 €</b></p>
        <p class="right unitPrice">26.66 € per litre</p>
    </div>
    <div class="notAvailable">
    <a class="button bgDarkGrey white" href="../vino-santadi-vdi-chiesa-bigt.html">Not available</a>
</div>
</div><div class="left product prod82"
        data-name="Vino Novello Jerzu 75 Cl"
        data-price="7.57"
        data-id="62832"
        data-available="no"
        data-category="421"
        data-bestselling="">
    <a href="../vino-novello-jerzu-75-cl.html">
        <div style="background-image: url('../../cdn.spesati.com/images/products/missing-image/missing-image.jpg')">
            <div class="hover"></div>
            
            <div class="stickers"></div>
        </div>
    </a>
    <div>
        <h4><a href="../vino-novello-jerzu-75-cl.html"><b>Vino Novello Jerzu 75 Cl</b></a></h4>
        <p class="description">1 piece</p>
        <p class="right price"><b>7.57 €</b></p>
        <p class="right unitPrice">7.58 € per piece</p>
    </div>
    <div class="notAvailable">
    <a class="button bgDarkGrey white" href="../vino-novello-jerzu-75-cl.html">Not available</a>
</div>
</div><div class="left product prod83"
        data-name="Vino Dolia Parteol Rosso 1,5lt"
        data-price="5.51"
        data-id="63582"
        data-available="no"
        data-category="421"
        data-bestselling="">
    <a href="../vino-dolia-parteol-rosso-15lt.html">
        <div style="background-image: url('../../cdn.spesati.com/images/products/missing-image/missing-image.jpg')">
            <div class="hover"></div>
            
            <div class="stickers"></div>
        </div>
    </a>
    <div>
        <h4><a href="../vino-dolia-parteol-rosso-15lt.html"><b>Vino Dolia Parteol Rosso 1,5lt</b></a></h4>
        <p class="description">1.5 Lt</p>
        <p class="right price"><b>5.51 €</b></p>
        <p class="right unitPrice">3.67 € per litre</p>
    </div>
    <div class="notAvailable">
    <a class="button bgDarkGrey white" href="../vino-dolia-parteol-rosso-15lt.html">Not available</a>
</div>
</div><div class="left product prod84"
        data-name="Verment Monti S'eleme Docg 75"
        data-price="5.99"
        data-id="66492"
        data-available="no"
        data-category="421"
        data-bestselling="">
    <a href="../verment-monti-seleme-docg-75.html">
        <div style="background-image: url('../../cdn.spesati.com/images/products/missing-image/missing-image.jpg')">
            <div class="hover"></div>
            
            <div class="stickers"></div>
        </div>
    </a>
    <div>
        <h4><a href="../verment-monti-seleme-docg-75.html"><b>Verment Monti S'eleme Docg 75</b></a></h4>
        <p class="description">0.75 Lt</p>
        <p class="right price"><b>5.99 €</b></p>
        <p class="right unitPrice">7.99 € per litre</p>
    </div>
    <div class="notAvailable">
    <a class="button bgDarkGrey white" href="../verment-monti-seleme-docg-75.html">Not available</a>
</div>
</div><div class="left product prod85"
        data-name="Vino Argiolas Cerdena 75 Cl"
        data-price="43.76"
        data-id="68970"
        data-available="no"
        data-category="421"
        data-bestselling="">
    <a href="../vino-argiolas-cerdena-75-cl.html">
        <div style="background-image: url('../../cdn.spesati.com/images/products/missing-image/missing-image.jpg')">
            <div class="hover"></div>
            
            <div class="stickers"></div>
        </div>
    </a>
    <div>
        <h4><a href="../vino-argiolas-cerdena-75-cl.html"><b>Vino Argiolas Cerdena 75 Cl</b></a></h4>
        <p class="description">0.75 Lt</p>
        <p class="right price"><b>43.76 €</b></p>
        <p class="right unitPrice">58.34 € per litre</p>
    </div>
    <div class="notAvailable">
    <a class="button bgDarkGrey white" href="../vino-argiolas-cerdena-75-cl.html">Not available</a>
</div>
</div><div class="left product prod86"
        data-name="Vino Contini Rosso 5lt"
        data-price="10.79"
        data-id="28783"
        data-available="no"
        data-category="421"
        data-bestselling="">
    <a href="../vino-contini-rosso-5lt.html">
        <div style="background-image: url('../../cdn.spesati.com/images/products/missing-image/missing-image.jpg')">
            <div class="hover"></div>
            
            <div class="stickers"></div>
        </div>
    </a>
    <div>
        <h4><a href="../vino-contini-rosso-5lt.html"><b>Vino Contini Rosso 5lt</b></a></h4>
        <p class="description">5 Lt</p>
        <p class="right price"><b>10.79 €</b></p>
        <p class="right unitPrice">2.16 € per litre</p>
    </div>
    <div class="notAvailable">
    <a class="button bgDarkGrey white" href="../vino-contini-rosso-5lt.html">Not available</a>
</div>
</div><div class="left product prod87"
        data-name="Vino Contini Bianco 5lt"
        data-price="10.79"
        data-id="28784"
        data-available="no"
        data-category="421"
        data-bestselling="">
    <a href="../vino-contini-bianco-5lt.html">
        <div style="background-image: url('../../cdn.spesati.com/images/products/missing-image/missing-image.jpg')">
            <div class="hover"></div>
            
            <div class="stickers"></div>
        </div>
    </a>
    <div>
        <h4><a href="../vino-contini-bianco-5lt.html"><b>Vino Contini Bianco 5lt</b></a></h4>
        <p class="description">5 Lt</p>
        <p class="right price"><b>10.79 €</b></p>
        <p class="right unitPrice">2.16 € per litre</p>
    </div>
    <div class="notAvailable">
    <a class="button bgDarkGrey white" href="../vino-contini-bianco-5lt.html">Not available</a>
</div>
</div><div class="left product prod88"
        data-name="Vino Dolianova Novello Cantos"
        data-price="5.50"
        data-id="28787"
        data-available="no"
        data-category="421"
        data-bestselling="">
    <a href="../vino-dolianova-novello-cantos.html">
        <div style="background-image: url('../../cdn.spesati.com/images/products/missing-image/missing-image.jpg')">
            <div class="hover"></div>
            
            <div class="stickers"></div>
        </div>
    </a>
    <div>
        <h4><a href="../vino-dolianova-novello-cantos.html"><b>Vino Dolianova Novello Cantos</b></a></h4>
        <p class="description">0.75 Lt</p>
        <p class="right price"><b>5.50 €</b></p>
        <p class="right unitPrice">7.33 € per litre</p>
    </div>
    <div class="notAvailable">
    <a class="button bgDarkGrey white" href="../vino-dolianova-novello-cantos.html">Not available</a>
</div>
</div><div class="left product prod89"
        data-name="Vino Mandrolis Tavola Rosso 1l"
        data-price="3.98"
        data-id="28870"
        data-available="no"
        data-category="421"
        data-bestselling="">
    <a href="../vino-mandrolis-tavola-rosso-1l.html">
        <div style="background-image: url('../../cdn.spesati.com/images/products/missing-image/missing-image.jpg')">
            <div class="hover"></div>
            
            <div class="stickers"></div>
        </div>
    </a>
    <div>
        <h4><a href="../vino-mandrolis-tavola-rosso-1l.html"><b>Vino Mandrolis Tavola Rosso 1l</b></a></h4>
        <p class="description">1 Lt</p>
        <p class="right price"><b>3.98 €</b></p>
        <p class="right unitPrice">3.99 € per litre</p>
    </div>
    <div class="notAvailable">
    <a class="button bgDarkGrey white" href="../vino-mandrolis-tavola-rosso-1l.html">Not available</a>
</div>
</div>        </div>
    </div>
</section>
<div class="footer">
    <div class="bgDarkGrey"></div>
    <footer>
        <div class="left bgDarkGrey">
            <a id="logoFooter" href="../index.html" class="estDynamic">
                <img src="../../cdn.spesati.com/images/layout/logo-eng.png" alt="Spesati.com" />
                <h2 class="red">Grocery Delivery</h2>
            </a>
            <a class="button bgRed white mobile" href="tel:390707968318">Phone order</a>
            <a class="button bgRed white desktop" href="../news/2020-04-07/news-on-spesati-the-telephone-order-service-is-active.html">Phone order</a>
            <a class="button bgRed white" href="../cdn-cgi/l/email-protection.html#026b6c646d427172677163766b2c616d6f">Send mail</a>
            <div id="social">
                <a class="left" href="https://www.facebook.com/spesati/" rel="external" target="_blank">
                    <span class="facebook bgRed fa-stack fa-lg">
                        <i class="fa fa-facebook fa-stack-1x "></i>
                    </span>
                </a>
                <a class="right" href="https://twitter.com/spesati" rel="external" target="_blank">
                    <span class="twitter bgRed fa-stack fa-lg">
                        <i class="fa fa-twitter fa-stack-1x "></i>
                    </span>
                </a>
            </div>
            <p>Copyright 2024 Spesati.com </p>
            
                    <p>All rights reserved</p>
                    <p>SPESATI SRL</p>
                    <p>Corso Vittorio Veneto 15/I, 07026, Olbia</p>
                    <p>CF e P.Iva: 02772380909</p>
                        </div>
        <div class="center bgRed">
            <div class="top">
                <h3>Categories</h3>
                <div class="col">
                    <ul>
                        <li>
                            <a href="#" class="estDynamic">On sale</a>
                        </li>
                        <li>
                            <a href="../fruit-and-vegetables.html" class="estDynamic">Fruit and vegetables</a>
                        </li>
                        <li>
                            <a href="../fresh-products.html" class="estDynamic">Fresh products</a>
                        </li>
                        <li>
                            <a href="../frozen-foods.html" class="estDynamic">Frozen foods</a>
                        </li>
                        <li>
                            <a href="../bread-and-pasta.html" class="estDynamic">Bread and pasta</a>
                        </li>
                        <li>
                            <a href="../meat.html" class="estDynamic">Meat</a>
                        </li>
                        <li>
                            <a href="../fish.html" class="estDynamic">Fish</a>
                        </li>
                    </ul>
                </div>
                <div class="col">
                    <ul>
                        <li>
                            <a href="../wine-beer-and-spirits.html" class="estDynamic">Wine beer and spirits</a>
                        </li>
                        <li>
                            <a href="../water-and-drinks.html" class="estDynamic">Water and drinks</a>
                        </li>
                        <li>
                            <a href="../sweets.html" class="estDynamic">Sweets</a>
                        </li>
                        <li>
                            <a href="../shelf.html" class="estDynamic">Cupboard</a>
                        </li>
                        <li>
                            <a href="../personal-care.html" class="estDynamic">Personal care</a>
                        </li>
                        <li>
                            <a href="../household-and-outdoors.html" class="estDynamic">Home and outdoors</a>
                        </li>
                        <li>
                            <a href="../pet.html" class="estDynamic">Pets</a>
                        </li>
                    </ul>
                </div>
                <div class="col">
                    <ul>
                        <li>
                            <a href="../technology.html" class="estDynamic">Technology</a>
                        </li>
                        <li>
                            <a href="../gluten-free.html" class="estDynamic">Gluten free</a>
                        </li>
                        <li>
                            <a href="../lactose-free.html" class="estDynamic">Lactose free</a>
                        </li>
                        <li>
                            <a href="../special.html" class="estDynamic">Special</a>
                        </li>
                        <li>
                            <a href="../sardinian-products.html" class="estDynamic">Sardinian products</a>
                        </li>
                    </ul>
                </div>
            </div>
            <div class="bottom bgRed">
                <div class="left">
                    <h3>Delivery payment</h3>
                    <div>
                        <i class="fa fa-money fa-3x" aria-hidden="true"></i>
                        <p>Cash</p>
                    </div>
                    <div>
                        <i class="fa fa-credit-card fa-3x" aria-hidden="true"></i>
                        <p>Bancomat or card</p>
                    </div>
                </div>
                <div class="right">
                    <h3>Online payment</h3>
                    <div>
                        <i class="fa fa-credit-card fa-3x" aria-hidden="true"></i>
                        <p>Credit or debit card <span class="red">online</span></p>
                    </div>
                    <div>
                        <i class="fa fa-paypal fa-3x" aria-hidden="true"></i>
                        <p>PayPal</p>
                    </div>
                    <div>
                        <i class="fa fa-university fa-3x" aria-hidden="true"></i>
                        <p>Bank transfer</p>
                    </div>
                </div>
            </div>
        </div>
        <div class="right bgRed">
            <div>
                <i class="fa fa-truck fa-flip-horizontal"></i>
                <a class="button bgYellow white" href="../delivery-prices.html">Delivery prices</a>
                
                    <h3>Home delivery:</h3>
                    <p><b>Monday to Saturday</b></p>
                    <p><b>9:00 to 20:00</b></p>
                    <p><b>Minimum order:</b> 29€</p>
                    <p><b>Delivery starting from:</b> 3,50€</p>
                            </div>
            <ul>
                <li>
                    <a href="../delivery-prices.html">Delivery prices</a>
                </li>
                <li>
                    <a href="../about.html">About</a>
                </li>
                <li>
                    <a href="../faq.html">Faq</a>
                </li>
                <li>
                    <a href="../customer-care.html">Support</a>
                </li>
                <li>
                    <a href="../news.html">Blog</a>
                </li>
                <li>
                    <a href="../terms-and-conditions.html">Conditions</a>
                </li>
                <li>
                    <a href="../privacy-policy.html">Privacy policy</a>
                </li>
                <li>
                    <a href="../legal-warranty.html">Legal guarantee</a>
                </li>
            </ul>
        </div>
    </footer>
    <div class="bgRed"></div>
</div>
<!--Start of Tawk.to Script-->
<script data-cfasync="false" src="../cdn-cgi/scripts/5c5dd728/cloudflare-static/email-decode.min.js"></script><script type="text/javascript">
var Tawk_API=Tawk_API||{}, Tawk_LoadStart=new Date();
(function(){
var s1=document.createElement("script"),s0=document.getElementsByTagName("script")[0];
s1.async=true;
s1.src='https://embed.tawk.to/59e86945c28eca75e4626ed9/default';
s1.charset='UTF-8';
s1.setAttribute('crossorigin','*');
s0.parentNode.insertBefore(s1,s0);
})();
</script>
<!--End of Tawk.to Script-->

<!-- Here are parked a few translatable strings, useful for Javascript rendering -->
<div id="js-texts" hidden>
    <input type="hidden" name="save_cart_notice" value="Saving your cart it will be possible to reload it next time you come for shopping">
    <input type="hidden" name="save_cart_notice_title" value="Want to save your cart?">
    <input type="hidden" name="save_cart_ok" value="Save">
    <input type="hidden" name="save_cart_ko" value="Don't Save">
    <input type="hidden" name="reload_cart" value="The Reload Order function allows you to top up your last cart to make a New Order. Warning: do not use this function to add products to the last order. At this time it is not possible to modify an order placed previously.">
</div>

<!-- new site and login popup -->
</body>
<!-- Mirrored from www.spesati.com/wine-beer-and-spirits/white-wine by HTTrack Website Copier/3.x [XR&CO'2014], Fri, 23 Feb 2024 18:12:13 GMT -->
</html>