<!DOCTYPE html><html lang="en">
<!-- Mirrored from www.spesati.com/fruit-and-vegetables/dried-fruit by HTTrack Website Copier/3.x [XR&CO'2014], Fri, 23 Feb 2024 17:22:42 GMT -->
<!-- Added by HTTrack --><meta http-equiv="content-type" content="text/html;charset=utf-8" /><!-- /Added by HTTrack -->
<head>
    <title>Dried fruit - Fruit and vegetables - Spesati.com</title>
    <meta http-equiv="Content-Type" content="text/html; charset=UTF-8" />
    <meta name="description" content="" />
    <meta name="keywords" content="" />
    <link href="../images/favicon.ico" rel="shortcut icon" type="image/x-icon" />
    <meta name="author" content="www.dodify.com" /><link rel="canonical" href="dried-fruit.html" /><link rel="alternate" hreflang="en" href="dried-fruit.html" /><link rel="alternate" hreflang="it" href="https://www.spesati.it/frutta-e-verdura/frutta-secca" /><link href="../../cdnjs.cloudflare.com/ajax/libs/meyer-reset/2.0/reset.min.css" rel="stylesheet" type="text/css" /><link href="../../cdnjs.cloudflare.com/ajax/libs/font-awesome/6.5.1/css/all.min.css" rel="stylesheet" type="text/css" /><link href="https://fonts.googleapis.com/css?family=Montserrat:400,700" rel="stylesheet" type="text/css" /><link href="../../cdnjs.cloudflare.com/ajax/libs/fancybox/2.1.5/jquery.fancybox.min.css" rel="stylesheet" type="text/css" /><link href="../style/mainbea6.css?v=7" rel="stylesheet" type="text/css" /><link href="../style/lightslider.css" rel="stylesheet" type="text/css" /><link href="../style/categories.css" rel="stylesheet" type="text/css" /><script src="../../cdnjs.cloudflare.com/ajax/libs/jquery/3.6.1/jquery.min.js" type="text/javascript"></script><script src="../../ajax.googleapis.com/ajax/libs/jquery/1.11.0/jquery.min.js" type="text/javascript"></script><script src="http://unpkg.com/@floating-ui/core@0.4.0" type="text/javascript"></script><script src="http://unpkg.com/@floating-ui/dom@0.2.0" type="text/javascript"></script><script src="../../cdnjs.cloudflare.com/ajax/libs/fancybox/2.1.5/jquery.fancybox.min.js" type="text/javascript"></script><script src="../js/menu.js" type="text/javascript"></script><script src="../js/interfaceb6f5.js?v=10" type="text/javascript"></script><script src="../js/spesati.lightslider.min.js" type="text/javascript"></script><meta name="viewport" content="width=device-width, initial-scale=1, maximum-scale=1" /><meta name = "format-detection" content = "telephone=no">
<!-- Facebook Pixel Code -->
<script>
  !function(f,b,e,v,n,t,s)
  {if(f.fbq)return;n=f.fbq=function(){n.callMethod?
  n.callMethod.apply(n,arguments):n.queue.push(arguments)};
  if(!f._fbq)f._fbq=n;n.push=n;n.loaded=!0;n.version='2.0';
  n.queue=[];t=b.createElement(e);t.async=!0;
  t.src=v;s=b.getElementsByTagName(e)[0];
  s.parentNode.insertBefore(t,s)}(window, document,'script',
  '../../connect.facebook.net/en_US/fbevents.js');
  fbq('init', '792335014180667');
  fbq('track', 'PageView');
</script>
<noscript>
    <img height="1" width="1" style="display:none" src="https://www.facebook.com/tr?id=792335014180667&amp;ev=PageView&amp;noscript=1" />
</noscript>
<!-- End Facebook Pixel Code -->

<!-- GA4 -->
<script async src="https://www.googletagmanager.com/gtag/js?id=G-SSS6NRNXL0"></script>
<script>
  window.dataLayer = window.dataLayer || [];
  function gtag(){dataLayer.push(arguments);}
  gtag('js', new Date());
  gtag('config', 'AW-976671669');
  gtag('config', 'G-SSS6NRNXL0');
</script>
<!-- Elements for PWA deploy -->
<link rel="manifest" href="../manifest.json">
<meta name="theme-color" media="(prefers-color-scheme: light)" content="white">
<meta name="theme-color" media="(prefers-color-scheme: dark)"  content="black">
<link href=../images/icon-192.png rel=apple-touch-icon sizes="192x192">
<!-- Establishment logic -->
<script>var pageEstablishment = "Olbia"; var estDefaultPages = true</script>
    <!--[if lt IE 9]>
        <script src="https://cdnjs.cloudflare.com/ajax/libs/html5shiv/3.7.3/html5shiv.min.js" type="text/javascript"></script>
    <![endif]--><script type="text/javascript">
$(document).ready(function() {
    // Check if exists cookie
    if(document.cookie.indexOf("cookieAccepted") < 0) {
        var cookieText = '<div id=\"cookie\"><p>This site uses cookies. Cookies are used for ads personalisation. <a href=\"/privacy-policy\">More info</a></p><button id=\"cookieConsent\" type=\"button\">Accept</button></div>';
        $("body").append($(
            cookieText
        ));
        $('#cookie').css({
            'width'           : '100%',
            'text-align'      : 'center',
            'color'           : '#FFFFFF',
            'background-color': '#000000', 
            'opacity'         : '.8', 
            'position'        : 'fixed', 
            'bottom'          : '0',
            'padding'         : '.5em 0',
            'z-index'         : '999'
        });
        $('#cookie > *').css({
            'display': 'inline'
        });
        $('#cookie a').css({
            'color'          : '#FFFFFF',
            'text-decoration': 'underline',
            'margin-right'   : '2%'
        });
        $('#cookieConsent').click(function() {
            // Set cookie
            var expiry = new Date();
            expiry.setTime(expiry.getTime() + (365 * 24 * 60 * 60 * 1000));
            document.cookie = "cookieAccepted=yes; expires=" + expiry.toGMTString() + "; path=/; domain=.spesati.com";
            $('#cookie').css({'display': 'none'});
        });
    }
});
</script></head><body><script type="text/javascript">
    var addText = "Add";
    var slider  = null;
    $(document).ready(function() {
        slider = $('#cartSlider').lightSlider({
            controls: false,
            item:13,
            loop:false,
            slideMove:1,
            easing: 'cubic-bezier(0.25, 0, 0.25, 1)',
            speed:600,
            responsive : [
                {
                    breakpoint:1400,
                    settings: {
                        item:12,
                        slideMove:1,
                    }
                },
                {
                    breakpoint:1200,
                    settings: {
                        item:11,
                        slideMove:1,
                    }
                },
                {
                    breakpoint:1080,
                    settings: {
                        item:14,
                        slideMove:1,
                    }
                },
                {
                    breakpoint:800,
                    settings: {
                        item:12,
                        slideMove:1,
                    }
                }
            ]
        });
        $('.lSPager').css("display","none");
        $('.lSAction').css("display","block");
        $('#goToPrevSlide').on('click', function () {
            slider.goToPrevSlide();
        });
        $('#goToNextSlide').on('click', function () {
            slider.goToNextSlide();
        });
    });

</script>
<div id="header" class="bgYellow">
    <header>
        <a class="menu" href="#"><i class="fa red fa-bars fa-2x"></i></a>
        <a id="logo" class="colLeft estDynamic" href="../index.html">
            <img src="../../cdn.spesati.com/images/layout/logo-eng.png" alt="Spesati.com" />
            <h2 class="red">Grocery Delivery</h2>
        </a>
        <div class="colRight">
            <div id="controls" class="right">
                <p id="establishmentControls">
                    <span class="establishmentWarning"><i class="fa-solid fa-triangle-exclamation red" title="Stai visualizzando i prodotti disponibili in una zona diversa. Se vuoi cambiare zona, cliccan qui"></i>&nbsp;&nbsp;</span>
                    Shopping from <b><a id="establishment" href="#"></a></b> <span id="estAddress">for </span> <a href="../change-establishment.html">(<i class="fa-solid fa-pencil"></i> Change)</a> <span class="establishmentWarning">but viewing <b>Olbia</b></span>
                </p>
                <p><a href="https://www.spesati.it/frutta-e-verdura/frutta-secca" class="black switch-site">Versione italiana</a></p>                
            </div>
            <div>
                <form id="search" action="https://www.spesati.com/search" method="post" class="left">
                    <fieldset>
                        <div>
                            <input type="text" name="searchBox" id="searchBox" placeholder="Search for a product"></input>
                            <input id="searchButton" type="submit" name="searchButton" class="button bgRed white left" value="Find" />
                        </div>
                    </fieldset>
                </form>
                <div class="center left">
                    <a class="button bgRed white log-in" href="../login.html">Login</a>
                    <a class="button bgRed white sign-up" href="../sign-up.html">Sign up</a>
                    <a class="button bgRed white profile" href="../profile.html">Profile</a>
                    <a class="button bgRed white log-out" href="../index.html" data-endpoint-check-cart="https://api.spesati.com/cart/check">Logout</a>
                </div>
                <div class="right user-function-icons">
                    <a class="red left account"><i class="fa fa-user fa-3x"></i></a>
                    <div id="dropdown">
                        <a class="log-in button bgRed white" href="../login.html">Login</a>
                        <a class="sign-up button bgRed white" href="../sign-up.html">Sign up</a>
                        <a class="profile button bgRed white" href="../profile.html">Profile</a>
                        <a class="log-out button bgRed white" href="../index.html">Logout</a>
                    </div>

                    <div class="cart left">
                        <i class="fa fa-sm fa-shopping-cart red" aria-hidden="true" id="shipping-cart-button"></i>
                        <p id="cartQuantity"></p>
                    </div>

                    <a class="right" href="../cart.html"><p class="black" id="cartTotal"></p></a>
                </div>
            </div>
                            <div id="previewCart">
                    <i id="goToPrevSlide" class="yellow fa fa-angle-left fa-2x" aria-hidden="true"></i>
                    <div><ul id="cartSlider"></ul></div>
                    <i id="goToNextSlide" class="yellow fa fa-angle-right fa-2x" aria-hidden="true"></i>
                </div>
                    </div>
    </header>

    <div id="shipping-cart-options" data-inited="false">
        <a href="../cart.html" class="goto-cart">checkout</a>
        <a href="#" data-endpoint-auth="https://api.spesati.com/cart/save" data-endpoint-noauth="/login" class="save-cart">save</a>
        <a href="#" data-endpoint-auth="https://api.spesati.com/cart/load" class="load-cart">load</a>
    </div>
</div>
<div id="menuCategoriesMobile" class="mobile bgRed">
    <div class="closeMenu">
        <i class="fa fa-times fa-2x white"></i>
        Close
    </div>
    <ul class="bgRed white">
        <div id="langMobile" class="right">
        <a href="https://www.spesati.it/frutta-e-verdura/frutta-secca" class="white switch-site"><p>Versione italiana</p></a>    </div>
        <li><a>Categories</a>
            <ul class="bgWhite">
                <li>
                    <img src="../../cdn.spesati.com/images/menu/on-sale.png"/>
                    On sale                    <i class="fa fa-angle-down" aria-hidden="true"></i>
                    <ul class="sub-menu">
                    <li>
    <a href="../tacchino-fesa-a-fette.html">Tacchino Fesa A Fette</a>
</li><li>
    <a href="../amaro-montenegro-15lt.html">Amaro Montenegro 1,5lt</a>
</li><li>
    <a href="../carbone-di-legna-sacco-10kg.html">Carbone Di Legna Sacco 10Kg</a>
</li><li>
    <a href="../filu-e-ferru-silvio-carta-70cl.html">Filu E Ferru Silvio Carta 70Cl</a>
</li><li>
    <a href="../braciole-suino-con-cotenna.html">Braciole Suino Con Cotenna</a>
</li><li>
    <a href="../bovino-adulto-polpa.html">Bovino Adulto Polpa</a>
</li><li>
    <a href="../vino-la-palma-cannonau-le-bombarde.html">Vino La Palma Cannonau Le Bombarde</a>
</li><li>
    <a href="../fettine-sceltissime-bovino-adulto.html">Fettine Sceltissime Bovino Adulto</a>
</li><li>
    <a href="../suino-fettine-scelte.html">Suino Fettine Scelte</a>
</li><li>
    <a href="../lavazza-caffe-qualita-rossa-2x250gr.html">Lavazza Caffé Qualità Rossa 2x250gr</a>
</li>                        <li>
                            <a class="estDynamic" href="../on-offer.html">All products on sale</a>
                        </li>
                    </ul>
                </li>
                <li>
                    <img src="../../cdn.spesati.com/images/menu/gift.png"/>
                    Gifts                    <i class="fa fa-angle-down" aria-hidden="true"></i>
                    <ul class="sub-menu">
                        <li>
    <a href="../gift-card-da-150.html">Gift Card Da 150</a>
</li><li>
    <a href="../gift-card-da-100.html">Gift Card Da 100</a>
</li><li>
    <a href="../gift-card-da-50.html">Gift Card Da 50</a>
</li><li>
    <a href="../gift-card-da-25.html">Gift Card Da 25</a>
</li>                        <li>
                            <a class="estDynamic" href="../gift.html">All products in the gifts category</a>
                        </li>
                    </ul>
                </li>
                <li>
                    <img src="../../cdn.spesati.com/images/menu/gift-card.png"/>
                    Gift card and discounts                    <i class="fa fa-angle-down" aria-hidden="true"></i>
                    <ul class="sub-menu">
                        <li>
    <a href="../gift-card-da-150.html">Gift Card Da 150</a>
</li><li>
    <a href="../gift-card-da-100.html">Gift Card Da 100</a>
</li><li>
    <a href="../gift-card-da-50.html">Gift Card Da 50</a>
</li><li>
    <a href="../gift-card-da-25.html">Gift Card Da 25</a>
</li>                    </ul>
                </li>
                <li>
                    <img src="../../cdn.spesati.com/images/menu/fuit-and-vegetables.png"/>
                    Fruit and vegetables                    <i class="fa fa-angle-down" aria-hidden="true"></i>
                    <ul class="sub-menu">
                        <li>
                            <a class="estDynamic" href="pulses-and-beans.html">Cereals and pulses and beans</a>
                        </li>
                        <li>
                            <a class="estDynamic" href="fruit.html">Fruit</a>
                        </li>
                        <li>
                            <a class="estDynamic" href="canned-fruit.html">Canned fruit</a>
                        </li>
                        <li>
                            <a class="estDynamic" href="dried-fruit.html">Dried fruit</a>
                        </li>
                        <li>
                            <a class="estDynamic" href="ready-salads.html">Ready salads</a>
                        </li>
                        <li>
                            <a class="estDynamic" href="fresh-spices.html">Fresh spices</a>
                        </li>
                        <li>
                            <a class="estDynamic" href="vegetables.html">Vegetables and soy</a>
                        </li>
                    </ul>
                </li>
                <li>
                    <img src="../../cdn.spesati.com/images/menu/fresh-products.png"/>
                    Fresh products                    <i class="fa fa-angle-down" aria-hidden="true"></i>
                    <ul class="sub-menu">
                        <li>
                            <a class="estDynamic" href="../fresh-products/margarine-and-butter.html">Butter and margarine</a>
                        </li>
                        <li>
                            <a class="estDynamic" href="../fresh-products/danone.html">Danone</a>
                        </li>
                        <li>
                            <a class="estDynamic" href="../fresh-products/dessert.html">Dessert</a>
                        </li>
                        <li>
                            <a class="estDynamic" href="../fresh-products/sweets.html">Sweets</a>
                        </li>
                        <li>
                            <a class="estDynamic" href="../fresh-products/dairy-products.html">Dairy product</a>
                        </li>
                        <li>
                            <a class="estDynamic" href="../fresh-products/bakery.html">Yeast</a>
                        </li>
                        <li>
                            <a class="estDynamic" href="../fresh-products/mascarpone.html">Mascarpone</a>
                        </li>
                        <li>
                            <a class="estDynamic" href="../fresh-products/snacks.html">Snacks</a>
                        </li>
                        <li>
                            <a class="estDynamic" href="../fresh-products/mozzarella.html">Mozzarella</a>
                        </li>
                        <li>
                            <a class="estDynamic" href="../fresh-products/pasta.html">Pasta</a>
                        </li>
                        <li>
                            <a class="estDynamic" href="../fresh-products/pesto-and-sauces.html">Pesto and sauces</a>
                        </li>
                        <li>
                            <a class="estDynamic" href="../fresh-products/ricotta-and-cheese.html">Ricotta and cheese</a>
                        </li>
                        <li>
                            <a class="estDynamic" href="../fresh-products/cured-meat.html">Cured meat</a>
                        </li>
                        <li>
                            <a class="estDynamic" href="../fresh-products/wurstel.html">Würstel</a>
                        </li>
                        <li>
                            <a class="estDynamic" href="../fresh-products/yogurt.html">Yogurt</a>
                        </li>
                    </ul>
                </li>
                <li>
                    <img src="../../cdn.spesati.com/images/menu/frozen-foods.png"/>
                    Frozen foods                    <i class="fa fa-angle-down" aria-hidden="true"></i>
                    <ul class="sub-menu">
                        <li>
                            <a class="estDynamic" href="../frozen-foods/meat.html">Meat</a>
                        </li>
                        <li>
                            <a class="estDynamic" href="../frozen-foods/ice-creams.html">Ice cream and sweet</a>
                        </li>
                        <li>
                            <a class="estDynamic" href="../frozen-foods/pasta.html">Pasta</a>
                        </li>
                        <li>
                            <a class="estDynamic" href="../frozen-foods/fish.html">Fish</a>
                        </li>
                        <li>
                            <a class="estDynamic" href="../frozen-foods/ready-meals.html">Ready meals</a>
                        </li>
                        <li>
                            <a class="estDynamic" href="../frozen-foods/pizzas.html">Pizzas</a>
                        </li>
                        <li>
                            <a class="estDynamic" href="../frozen-foods/vegetables.html">Vegetables and soy</a>
                        </li>
                    </ul>
                </li>
                <li>
                    <img src="../../cdn.spesati.com/images/menu/bread-and-pasta.png"/>
                    Bread and pasta                    <i class="fa fa-angle-down" aria-hidden="true"></i>
                    <ul class="sub-menu">
                        <li>
                            <a class="estDynamic" href="../bread-and-pasta/crackers.html">Crackers</a>
                        </li>
                        <li>
                            <a class="estDynamic" href="../bread-and-pasta/rusks.html">Rusks</a>
                        </li>
                        <li>
                            <a class="estDynamic" href="../bread-and-pasta/white-bread.html">White bread</a>
                        </li>
                        <li>
                            <a class="estDynamic" href="../bread-and-pasta/local-bread.html">Local bread</a>
                        </li>
                        <li>
                            <a class="estDynamic" href="../bread-and-pasta/soft-bread.html">Soft bread</a>
                        </li>
                        <li>
                            <a class="estDynamic" href="../bread-and-pasta/sardinian-bread.html">Sardinian bread</a>
                        </li>
                        <li>
                            <a class="estDynamic" href="../bread-and-pasta/bakery.html">Bakery</a>
                        </li>
                        <li>
                            <a class="estDynamic" href="../bread-and-pasta/pasta.html">Pasta</a>
                        </li>
                        <li>
                            <a class="estDynamic" href="../bread-and-pasta/fresh-pasta.html">Fresh pasta</a>
                        </li>
                    </ul>
                </li>
                <li>
                    <img src="../../cdn.spesati.com/images/menu/meat.png"/>
                    Meat                    <i class="fa fa-angle-down" aria-hidden="true"></i>
                    <ul class="sub-menu">
                        <li>
                            <a class="estDynamic" href="../meat/beef.html">Beef</a>
                        </li>
                        <li>
                            <a class="estDynamic" href="../meat/goat.html">Goat</a>
                        </li>
                        <li>
                            <a class="estDynamic" href="../meat/packaged-meat.html">Packaged meat</a>
                        </li>
                        <li>
                            <a class="estDynamic" href="../meat/rabbit.html">Rabbit</a>
                        </li>
                        <li>
                            <a class="estDynamic" href="../meat/horse.html">Horse</a>
                        </li>
                        <li>
                            <a class="estDynamic" href="../meat/pork.html">Pork</a>
                        </li>
                        <li>
                            <a class="estDynamic" href="../meat/lamb.html">Lamb</a>
                        </li>
                        <li>
                            <a class="estDynamic" href="../meat/poultry.html">Poultry</a>
                        </li>
                    </ul>
                </li>
                <li>
                    <img src="../../cdn.spesati.com/images/menu/fish.png"/>
                    Fish                    <i class="fa fa-angle-down" aria-hidden="true"></i>
                    <ul class="sub-menu">
                        <li>
                            <a class="estDynamic" href="../fish/fresh-water.html">Fresh water</a>
                        </li>
                        <li>
                            <a class="estDynamic" href="../fish/salt-water.html">Salt water</a>
                        </li>
                        <li>
                            <a class="estDynamic" href="../fish/mussels.html">Mussels</a>
                        </li>
                        <li>
                            <a class="estDynamic" href="../fish/dried-and-salted.html">Dried and salted</a>
                        </li>
                        <li>
                            <a class="estDynamic" href="../fish/seafood-salad.html">Seafood salad</a>
                        </li>
                        <li>
                            <a class="estDynamic" href="../fish/prepared.html">Prepared</a>
                        </li>
                        <li>
                            <a class="estDynamic" href="../fish/specialty.html">Specialty</a>
                        </li>   
                        <li>
                            <a class="estDynamic" href="../fish/tuna-and-salmon.html">Tuna and salmon</a>
                        </li>
                    </ul>
                </li>
                <li>
                    <img src="../../cdn.spesati.com/images/menu/alcohol.png"/>
                    Wine beer and spirits                    <i class="fa fa-angle-down" aria-hidden="true"></i>
                    <ul class="sub-menu">
                        <li>
                            <a class="estDynamic" href="../wine-beer-and-spirits/spirits-and-liquors.html">Alcohol</a>
                        </li>
                        <li>
                            <a class="estDynamic" href="../wine-beer-and-spirits/bitters.html">Bitters</a>
                        </li>
                        <li>
                            <a class="estDynamic" href="../wine-beer-and-spirits/aperatif.html">Aperatifs</a>
                        </li>
                        <li>
                            <a class="estDynamic" href="../wine-beer-and-spirits/beer.html">Beer</a>
                        </li>
                        <li>
                            <a class="estDynamic" href="../wine-beer-and-spirits/creams.html">Creams</a>
                        </li>
                        <li>
                            <a class="estDynamic" href="../wine-beer-and-spirits/spirits.html">Spirits</a>
                        </li>
                        <li>
                            <a class="estDynamic" href="../wine-beer-and-spirits/liquors.html">Liquors</a>
                        </li>
                        <li>
                            <a class="estDynamic" href="../wine-beer-and-spirits/white-wine.html">White wine</a>
                        </li>
                        <li>
                            <a class="estDynamic" href="../wine-beer-and-spirits/prosecco-wine.html">Prosecco wine</a>
                        </li>
                        <li>
                            <a class="estDynamic" href="../wine-beer-and-spirits/rose-wine.html">Rose wine</a>
                        </li>
                        <li>
                            <a class="estDynamic" href="../wine-beer-and-spirits/red-wine.html">Red wine</a>
                        </li>
                        <li>
                            <a class="estDynamic" href="../wine-beer-and-spirits/specialty-wine.html">Special wine</a>
                        </li>
                        <li>
                            <a class="estDynamic" href="../wine-beer-and-spirits/sparkling-wine.html">Sparkling wine</a>
                        </li>
                        <li>
                            <a class="estDynamic" href="../wine-beer-and-spirits/vermentino-wine.html">Vermentino wine</a>
                        </li>
                    </ul>
                </li>
                <li>
                    <img src="../../cdn.spesati.com/images/menu/water-and-drinks.png"/>
                    Water and drinks                    <i class="fa fa-angle-down" aria-hidden="true"></i>
                    <ul class="sub-menu">
                        <li>
                            <a class="estDynamic" href="../water-and-drinks/san-martino.html">San Martino</a>
                        </li>
                        <li>
                            <a class="estDynamic" href="../water-and-drinks/water.html">Water</a>
                        </li>
                        <li>
                            <a class="estDynamic" href="../water-and-drinks/alpro.html">Alpro</a>
                        </li>
                        <li>
                            <a class="estDynamic" href="../water-and-drinks/fizzy-drinks.html">Fizzy drinks</a>
                        </li>
                        <li>
                            <a class="estDynamic" href="../water-and-drinks/coca-cola.html">Coca-Cola</a>
                        </li>
                        <li>
                            <a class="estDynamic" href="../water-and-drinks/energy-drink.html">Energy drink</a>
                        </li>
                        <li>
                            <a class="estDynamic" href="../water-and-drinks/syrups.html">Syrups</a>
                        </li>
                        <li>
                            <a class="estDynamic" href="../water-and-drinks/supplements.html">Supplements</a>
                        </li>
                        <li>
                            <a class="estDynamic" href="../water-and-drinks/instant-drinks.html">Instant drinks</a>
                        </li>
                        <li>
                            <a class="estDynamic" href="../water-and-drinks/juice.html">Juice</a>
                        </li>
                        <li>
                            <a class="estDynamic" href="../water-and-drinks/tea.html">Tea</a>
                        </li>
                    </ul>
                </li>
                <li>
                    <img src="../../cdn.spesati.com/images/menu/sweets.png"/>
                    Sweets                    <i class="fa fa-angle-down" aria-hidden="true"></i>
                    <ul class="sub-menu">
                        <li>
                            <a class="estDynamic" href="../sweets/bars-and-snacks.html">Bars and snacks</a>
                        </li>
                        <li>
                            <a class="estDynamic" href="../sweets/biscuits.html">Biscuits</a>
                        </li>
                        <li>
                            <a class="estDynamic" href="../sweets/brioches.html">Brioches</a>
                        </li>
                        <li>
                            <a class="estDynamic" href="../sweets/candy-and-chewing-gum.html">Candy and chewing gum</a>
                        </li>
                        <li>
                            <a class="estDynamic" href="../sweets/cereals.html">Cereals</a>
                        </li>
                        <li>
                            <a class="estDynamic" href="../sweets/chocolate.html">Chocolate</a>
                        </li>
                        <li>
                            <a class="estDynamic" href="../sweets/spreadable-creams.html">Spreads</a>
                        </li>
                        <li>
                            <a class="estDynamic" href="../sweets/dessert-toppings.html">Dessert toppings</a>
                        </li>
                        <li>
                            <a class="estDynamic" href="../sweets/jam.html">Jam</a>
                        </li>
                        <li>
                            <a class="estDynamic" href="../sweets/honey.html">Honey</a>
                        </li>
                        <li>
                            <a class="estDynamic" href="../sweets/panettoni-and-pandoro.html">Panettone and pandoro</a>
                        </li>
                        <li>
                            <a class="estDynamic" href="../sweets/pastry.html">Pastry</a>
                        </li>
                        <li>
                            <a class="estDynamic" href="../sweets/instant-dessert.html">Prepared</a>
                        </li>
                        <li>
                            <a class="estDynamic" href="../sweets/cakes-and-pies.html">Cakes and pies</a>
                        </li>
                        <li>
                            <a class="estDynamic" href="../sweets/easter-eggs-and-doves.html">Easter eggs and doves</a>
                        </li>
                    </ul>
                </li>
                <li>
                    <img src="../../cdn.spesati.com/images/menu/shelf.png"/>
                    Cupboard                    <i class="fa fa-angle-down" aria-hidden="true"></i>
                    <ul class="sub-menu">
                        <li>
                            <a class="estDynamic" href="../shelf/coffee.html">Coffee</a>
                        </li>
                        <li>
                            <a class="estDynamic" href="../shelf/gift-baskets.html">Gift baskets</a>
                        </li>
                        <li>
                            <a class="estDynamic" href="../shelf/stock-cubes.html">Nuts and preparations</a>
                        </li>
                        <li>
                            <a class="estDynamic" href="../shelf/flour-and-baking.html">Flour and baking</a>
                        </li>
                        <li>
                            <a class="estDynamic" href="../shelf/milk.html">Milk</a>
                        </li>
                        <li>
                            <a class="estDynamic" href="../shelf/oil-salt-vinegar.html">Oil, vinegar and salt</a>
                        </li>
                        <li>
                            <a class="estDynamic" href="../shelf/cream-and-bechamel.html">Cream and bechamel</a>
                        </li>
                        <li>
                            <a class="estDynamic" href="../shelf/crisps-and-pretzels.html">Crisps and pretzels</a>
                        </li>
                        <li>
                            <a class="estDynamic" href="../shelf/baby-and-infants-products.html">Early childhood products</a>
                        </li>
                        <li>
                            <a class="estDynamic" href="../shelf/rice.html">Rice</a>
                        </li>
                        <li>
                            <a class="estDynamic" href="../shelf/tins-and-preserves.html">Tins and Preserves</a>
                        </li>
                        <li>
                            <a class="estDynamic" href="../shelf/spices.html">Spices</a>
                        </li>
                        <li>
                            <a class="estDynamic" href="../shelf/sauces.html">Sauces</a>
                        </li>
                        <li>
                            <a class="estDynamic" href="../shelf/tea-and-infusions.html">Tea and infusions</a>
                        </li>
                        <li>
                            <a class="estDynamic" href="../shelf/eggs.html">Eggs</a>
                        </li>
                        <li>
                            <a class="estDynamic" href="../shelf/sugar-and-sweeteners.html">Sugar and sweeteners</a>
                        </li>
                    </ul>
                </li>
                <li>
                    <img src="../../cdn.spesati.com/images/menu/personal-care.png"/>
                    Personal care                    <i class="fa fa-angle-down" aria-hidden="true"></i>
                    <ul class="sub-menu">
                        <li>
                            <a class="estDynamic" href="../personal-care/accessories-and-cotton.html">Accessories and cotton</a>
                        </li>
                        <li>
                            <a class="estDynamic" href="../personal-care/feminine-care-incontinence-and-baby-diapers.html">Feminine incontinence and diapers</a>
                        </li>
                        <li>
                            <a class="estDynamic" href="../personal-care/shower-gel.html">Shower gel</a>
                        </li>
                        <li>
                            <a class="estDynamic" href="../personal-care/creams.html">Creams</a>
                        </li>
                        <li>
                            <a class="estDynamic" href="../personal-care/deodorant.html">Deodorant</a>
                        </li>
                        <li>
                            <a class="estDynamic" href="../personal-care/hair-removal.html">Hair removal</a>
                        </li>
                        <li>
                            <a class="estDynamic" href="../personal-care/disinfectants.html">Disinfectants</a>
                        </li>
                        <li>
                            <a class="estDynamic" href="../personal-care/oral-hygiene.html">Oral hygiene</a>
                        </li>
                        <li>
                            <a class="estDynamic" href="../personal-care/supplements-and-multivitamins.html">Supplements and multivitamins</a>
                        </li>
                        <li>
                            <a class="estDynamic" href="../personal-care/first-aid.html">First aid label</a>
                        </li>
                        <li>
                            <a class="estDynamic" href="../personal-care/beard-products.html">Beard products</a>
                        </li>
                        <li>
                            <a class="estDynamic" href="../personal-care/hairs-products.html">Hair products</a>
                        </li>
                        <li>
                            <a class="estDynamic" href="../personal-care/perfume.html">Perfumes</a>
                        </li>
                        <li>
                            <a class="estDynamic" href="../personal-care/wipes.html">Wipes</a>
                        </li>
                        <li>
                            <a class="estDynamic" href="../personal-care/soaps-and-body-wash.html">Soaps and body wash</a>
                        </li>
                        <li>
                            <a class="estDynamic" href="../personal-care/shampoo-and-conditioner.html">Shampoo and conditioner</a>
                        </li>
                    </ul>
                </li>
                <li>
                    <img src="../../cdn.spesati.com/images/menu/pellet-and-home.png"/>
                    Home and outdoors                    <i class="fa fa-angle-down" aria-hidden="true"></i>
                    <ul class="sub-menu">
                        <li>
                            <a class="estDynamic" href="../household-and-outdoors/distilled-water.html">Distilled water</a>
                        </li>
                        <li>
                            <a class="estDynamic" href="../household-and-outdoors/car-products.html">Cars</a>
                        </li>
                        <li>
                            <a class="estDynamic" href="../household-and-outdoors/bin-bags-and-buckets.html">Bin bags and buckets</a>
                        </li>
                        <li>
                            <a class="estDynamic" href="../household-and-outdoors/bleach-and-stain-removers.html">Bleach and stain removers</a>
                        </li>
                        <li>
                            <a class="estDynamic" href="../household-and-outdoors/candles.html">Candles</a>
                        </li>
                        <li>
                            <a class="estDynamic" href="../household-and-outdoors/kitchen-roll.html">Kitchen roll</a>
                        </li>
                        <li>
                            <a class="estDynamic" href="../household-and-outdoors/air-fresheners.html">Air fresheners</a>
                        </li>
                        <li>
                            <a class="estDynamic" href="../household-and-outdoors/laundry-accessories-and-detergent.html">Laundry detergent</a>
                        </li>
                        <li>
                            <a class="estDynamic" href="../household-and-outdoors/dishwasher-and-washing-up.html">Dishwasher and washing up</a>
                        </li>
                        <li>
                            <a class="estDynamic" href="../household-and-outdoors/gardening.html">Gardening</a>
                        </li>
                        <li>
                            <a class="estDynamic" href="../household-and-outdoors/light-bulbs-and-batteries.html">Lightbulbs and batteries</a>
                        </li>
                        <li>
                            <a class="estDynamic" href="../household-and-outdoors/pellet-and-bbq.html">Pellet and BBQ</a>
                        </li>
                        <li>
                            <a class="estDynamic" href="../household-and-outdoors/bathroom-products.html">Bathroom products</a>
                        </li>
                        <li>
                            <a class="estDynamic" href="../household-and-outdoors/home-and-furniture-products.html">Home and furniture products</a>
                        </li>
                        <li>
                            <a class="estDynamic" href="../household-and-outdoors/kitchen-products.html">Kitchen products</a>
                        </li>
                        <li>
                            <a class="estDynamic" href="../household-and-outdoors/window-and-floor-cleaners.html">Window and floor cleaner</a>
                        </li>
                        <li>
                            <a class="estDynamic" href="../household-and-outdoors/repellents.html">Repellents</a>
                        </li>
                        <li>
                            <a class="estDynamic" href="../household-and-outdoors/disposable-tableware.html">Disposable tableware</a>
                        </li>
                    </ul>
                </li>
                <li>
                    <img src="../../cdn.spesati.com/images/menu/animals.png"/>
                    Pets                    <i class="fa fa-angle-down" aria-hidden="true"></i>
                    <ul class="sub-menu">
                        <li>
                            <a class="estDynamic" href="../pets/pet-food-other-animals.html">Other animals pet food</a>
                        </li>
                        <li>
                            <a class="estDynamic" href="../pets/pet-food-dogs.html">Pet food dogs</a>
                        </li>
                        <li>
                            <a class="estDynamic" href="../pets/pet-food-cats.html">Pet food cats</a>
                        </li>
                        <li>
                            <a class="estDynamic" href="../pets/hygiene-and-cleaning.html">Hygiene and cleaning</a>
                        </li>
                    </ul>
                </li>
                <li>
                    <img src="../../cdn.spesati.com/images/menu/technology.png"/>
                    Technology                    <i class="fa fa-angle-down" aria-hidden="true"></i>
                    <ul class="sub-menu">
                        <li>
                            <a class="estDynamic" href="../technology/accessories.html">Accessories</a>
                        </li>
                        <li>
                            <a class="estDynamic" href="../technology/computer.html">Computer</a>
                        </li>
                        <li>
                            <a class="estDynamic" href="../technology/telephones.html">Telephones</a>
                        </li>
                        <li>
                            <a class="estDynamic" href="../technology/tv.html">TV</a>
                        </li>
                    </ul>
                </li>
                <li>
                    <img src="../../cdn.spesati.com/images/menu/gluten-free.png"/>
                    Gluten free                    <i class="fa fa-angle-down" aria-hidden="true"></i>
                    <ul class="sub-menu">
                        <li>
                            <a class="estDynamic" href="../gluten-free/frozen-foods.html">Frozen foods</a>
                        </li>
                        <li>
                            <a class="estDynamic" href="../gluten-free/beer.html">Beer</a>
                        </li>
                        <li>
                            <a class="estDynamic" href="../gluten-free/sweets.html">Sweets</a>
                        </li>
                        <li>
                            <a class="estDynamic" href="../gluten-free/bread-and-pasta.html">Bread and pasta</a>
                        </li>
                        <li>
                            <a class="estDynamic" href="../gluten-free/shelf.html">Cupboard</a>
                        </li>
                    </ul>
                </li>
                <li>
                    <img src="../../cdn.spesati.com/images/menu/lactose-free.png"/>
                    Lactose free                    <i class="fa fa-angle-down" aria-hidden="true"></i>
                    <ul class="sub-menu">
                        <li>
                            <a class="estDynamic" href="../lactose-free/frozen-foods.html">Frozen foods</a>
                        </li>
                        <li>
                            <a class="estDynamic" href="../lactose-free/sweets.html">Sweets</a>
                        </li>
                        <li>
                            <a class="estDynamic" href="../lactose-free/dairy-product.html">Dairy product</a>
                        </li>
                        <li>
                            <a class="estDynamic" href="../lactose-free/shelf.html">Cupboard</a>
                        </li>
                    </ul>
                </li>
                <li>
                    <img src="../../cdn.spesati.com/images/menu/special.png"/>
                    Special                    <i class="fa fa-angle-down" aria-hidden="true"></i>
                    <ul class="sub-menu">
                        <li>
                            <a class="estDynamic" href="../special/alpro.html">Alpro</a>
                        </li>
                        <li>
                            <a class="estDynamic" href="../special/organic.html">Biological</a>
                        </li>
                        <li>
                            <a class="estDynamic" href="../special/meat.html">Meat</a>
                        </li>
                        <li>
                            <a class="estDynamic" href="../special/wholegrain.html">Wholegrain</a>
                        </li>
                        <li>
                            <a class="estDynamic" href="../special/bread-and-pasta.html">Bread and pasta</a>
                        </li>
                        <li>
                            <a class="estDynamic" href="../special/vegan.html">Vegan</a>
                        </li>
                    </ul>
                </li>
                <li>
                    <img src="../../cdn.spesati.com/images/menu/sardinian-products.png"/>
                    Sardinian products                    <i class="fa fa-angle-down" aria-hidden="true"></i>
                    <ul class="sub-menu">
                        <li>
                            <a class="estDynamic" href="../sardinian-products/drinks.html">Drinks</a>
                        </li>
                        <li>
                            <a class="estDynamic" href="../sardinian-products/meat.html">Meat</a>
                        </li>
                        <li>
                            <a class="estDynamic" href="../sardinian-products/sweets.html">Sweets</a>
                        </li>
                        <li>
                            <a class="estDynamic" href="../sardinian-products/fruit-and-vegetables.html">Fruit and vegetables</a>
                        </li>
                        <li>
                            <a class="estDynamic" href="../sardinian-products/ichnusa.html">Ichnusa</a>
                        </li>
                        <li>
                            <a class="estDynamic" href="../sardinian-products/dairy-product.html">Dairy product</a>
                        </li>
                        <li>
                            <a class="estDynamic" href="../sardinian-products/bread-and-pasta.html">Bread and pasta</a>
                        </li>
                        <li>
                            <a class="estDynamic" href="../sardinian-products/fish.html">Fish</a>
                        </li>
                        <li>
                            <a class="estDynamic" href="../sardinian-products/cured-meat.html">Cured meat</a>
                        </li>
                        <li>
                            <a class="estDynamic" href="../sardinian-products/shelf.html">Cupboard</a>
                        </li>
                        <li>
                            <a class="estDynamic" href="../sardinian-products/vermentino-wine.html">Vermentino wine</a>
                        </li>
                        <li>
                            <a class="estDynamic" href="../sardinian-products/wine-beer-and-spirits.html">Wine beer and spirits</a>
                        </li>
                    </ul>
                </li>
            </ul>
        </li>
        <li>
            <a href="../about.html">About</a>
        </li>
        <li>
            <a href="../faq.html">Faq</a>
        </li>
        <li>
            <a href="../customer-care.html">Support</a>
        </li>
        <li>
            <a href="../news.html">Blog</a>
        </li>
        <li>
            <a href="../terms-and-conditions.html">Conditions</a>
        </li>
        <li>
            <a href="../privacy-policy.html">Privacy policy</a>
        </li>
        <li>
            <a href="../login.html">Login</a>
        </li>
        <li>
             <a href="../sign-up.html">Sign up</a>
        </li>
    </ul>
</div><section class="first">
    <div id="menuCategories" class="colLeft">
    <ul id="main_nav" >
        <li>
            <a class="estDynamic" href="../on-offer.html">
               <img src="../../cdn.spesati.com/images/menu/on-sale.png"/>
               On sale            </a>
            <i class="fa fa-angle-right" aria-hidden="true"></i>
            <ul class="sub-menu">
                <li>
    <a href="../tacchino-fesa-a-fette.html" class="estDynamic">Tacchino Fesa A Fette</a>
</li><li>
    <a href="../amaro-montenegro-15lt.html" class="estDynamic">Amaro Montenegro 1,5lt</a>
</li><li>
    <a href="../carbone-di-legna-sacco-10kg.html" class="estDynamic">Carbone Di Legna Sacco 10Kg</a>
</li><li>
    <a href="../filu-e-ferru-silvio-carta-70cl.html" class="estDynamic">Filu E Ferru Silvio Carta 70Cl</a>
</li><li>
    <a href="../braciole-suino-con-cotenna.html" class="estDynamic">Braciole Suino Con Cotenna</a>
</li><li>
    <a href="../bovino-adulto-polpa.html" class="estDynamic">Bovino Adulto Polpa</a>
</li><li>
    <a href="../vino-la-palma-cannonau-le-bombarde.html" class="estDynamic">Vino La Palma Cannonau Le Bombarde</a>
</li><li>
    <a href="../fettine-sceltissime-bovino-adulto.html" class="estDynamic">Fettine Sceltissime Bovino Adulto</a>
</li><li>
    <a href="../suino-fettine-scelte.html" class="estDynamic">Suino Fettine Scelte</a>
</li><li>
    <a href="../lavazza-caffe-qualita-rossa-2x250gr.html" class="estDynamic">Lavazza Caffé Qualità Rossa 2x250gr</a>
</li>                <li>
                    <a class="estDynamic" href="../on-offer.html">All products on sale</a>
                </li>
            </ul>
        </li>
        <li>
            <a class="estDynamic" href="../gift.html">
               <img src="../../cdn.spesati.com/images/menu/gift.png"/>
               Gifts            </a>
            <i class="fa fa-angle-right" aria-hidden="true"></i>
            <ul class="sub-menu">
                <li>
    <a href="../gift-card-da-150.html" class="estDynamic">Gift Card Da 150</a>
</li><li>
    <a href="../gift-card-da-100.html" class="estDynamic">Gift Card Da 100</a>
</li><li>
    <a href="../gift-card-da-50.html" class="estDynamic">Gift Card Da 50</a>
</li><li>
    <a href="../gift-card-da-25.html" class="estDynamic">Gift Card Da 25</a>
</li>                <li>
                    <a class="estDynamic" href="../gift.html">All products in the gifts category</a>
                </li>
            </ul>
        </li>
        <li>
            <a class="estDynamic" href="../gift-card.html">
               <img src="../../cdn.spesati.com/images/menu/gift-card.png"/>
               Gift card and discounts            </a>
            <i class="fa fa-angle-right" aria-hidden="true"></i>
            <ul class="sub-menu">
                <li>
    <a href="../gift-card-da-150.html">Gift Card Da 150</a>
</li><li>
    <a href="../gift-card-da-100.html">Gift Card Da 100</a>
</li><li>
    <a href="../gift-card-da-50.html">Gift Card Da 50</a>
</li><li>
    <a href="../gift-card-da-25.html">Gift Card Da 25</a>
</li>            </ul>
        </li>
        <li>
            <a class="estDynamic" href="../fruit-and-vegetables.html">
               <img src="../../cdn.spesati.com/images/menu/fuit-and-vegetables.png"/>
               Fruit and vegetables           </a>
            <i class="fa fa-angle-right" aria-hidden="true"></i>
            <ul class="sub-menu">
                <li>
                    <a class="estDynamic" href="pulses-and-beans.html">Cereals and pulses and beans</a>
                </li>
                <li>
                    <a class="estDynamic" href="fruit.html">Fruit</a>
                </li>
                <li>
                    <a class="estDynamic" href="canned-fruit.html">Canned fruit</a>
                </li>
                <li>
                    <a class="estDynamic" href="dried-fruit.html">Dried fruit</a>
                </li>
                <li>
                    <a class="estDynamic" href="ready-salads.html">Ready salads</a>
                </li>
                <li>
                    <a class="estDynamic" href="fresh-spices.html">Fresh spices</a>
                </li>
                <li>
                    <a class="estDynamic" href="vegetables.html">Vegetables and soy</a>
                </li>
            </ul>
        </li>
        <li>
            <a class="estDynamic" href="../fresh-products.html">
                <img src="../../cdn.spesati.com/images/menu/fresh-products.png"/>
                Fresh products            </a>
            <i class="fa fa-angle-right" aria-hidden="true"></i>
            <ul class="sub-menu">
                <li>
                    <a class="estDynamic" href="../fresh-products/margarine-and-butter.html">Butter and margarine</a>
                </li>
                <li>
                    <a class="estDynamic" href="../fresh-products/danone.html">Danone</a>
                </li>
                <li>
                    <a class="estDynamic" href="../fresh-products/dessert.html">Dessert</a>
                </li>
                <li>
                    <a class="estDynamic" href="../fresh-products/sweets.html">Sweets</a>
                </li>
                <li>
                    <a class="estDynamic" href="../fresh-products/dairy-products.html">Dairy product</a>
                </li>
                <li>
                    <a class="estDynamic" href="../fresh-products/bakery.html">Yeast</a>
                </li>
                <li>
                    <a class="estDynamic" href="../fresh-products/mascarpone.html">Mascarpone</a>
                </li>
                <li>
                    <a class="estDynamic" href="../fresh-products/snacks.html">Snacks</a>
                </li>
                <li>
                    <a class="estDynamic" href="../fresh-products/mozzarella.html">Mozzarella</a>
                </li>
                <li>
                    <a class="estDynamic" href="../fresh-products/pasta.html">Pasta</a>
                </li>
                <li>
                    <a class="estDynamic" href="../fresh-products/pesto-and-sauces.html">Pesto and sauces</a>
                </li>
                <li>
                    <a class="estDynamic" href="../fresh-products/ricotta-and-cheese.html">Ricotta and cheese</a>
                </li>
                <li>
                    <a class="estDynamic" href="../fresh-products/cured-meat.html">Cured meat</a>
                </li>
                <li>
                    <a class="estDynamic" href="../fresh-products/wurstel.html">Würstel</a>
                </li>
                <li>
                    <a class="estDynamic" href="../fresh-products/yogurt.html">Yogurt</a>
                </li>
            </ul>
        </li>
        <li>
            <a class="estDynamic" href="../frozen-foods.html">
                <img src="../../cdn.spesati.com/images/menu/frozen-foods.png"/>
                Frozen foods            </a>
            <i class="fa fa-angle-right" aria-hidden="true"></i>
            <ul class="sub-menu">
                <li>
                    <a class="estDynamic" href="../frozen-foods/meat.html">Meat</a>
                </li>
                <li>
                    <a class="estDynamic" href="../frozen-foods/ice-creams.html">Ice cream and sweet</a>
                </li>
                <li>
                    <a class="estDynamic" href="../frozen-foods/pasta.html">Pasta</a>
                </li>
                <li>
                    <a class="estDynamic" href="../frozen-foods/fish.html">Fish</a>
                </li>
                <li>
                    <a class="estDynamic" href="../frozen-foods/ready-meals.html">Ready meals</a>
                </li>
                <li>
                    <a class="estDynamic" href="../frozen-foods/pizzas.html">Pizzas</a>
                </li>
                <li>
                    <a class="estDynamic" href="../frozen-foods/vegetables.html">Vegetables and soy</a>
                </li>
            </ul>
        </li>
        <li>
            <a class="estDynamic" href="../bread-and-pasta.html">
                <img src="../../cdn.spesati.com/images/menu/bread-and-pasta.png"/>
                Bread and pasta            </a>
            <i class="fa fa-angle-right" aria-hidden="true"></i>
            <ul class="sub-menu">
                <li>
                    <a class="estDynamic" href="../bread-and-pasta/crackers.html">Crackers</a>
                </li>
                <li>
                    <a class="estDynamic" href="../bread-and-pasta/rusks.html">Rusks</a>
                </li>
                <li>
                    <a class="estDynamic" href="../bread-and-pasta/white-bread.html">White bread</a>
                </li>
                <li>
                    <a class="estDynamic" href="../bread-and-pasta/local-bread.html">Local bread</a>
                </li>
                <li>
                    <a class="estDynamic" href="../bread-and-pasta/soft-bread.html">Soft bread</a>
                </li>
                <li>
                    <a class="estDynamic" href="../bread-and-pasta/sardinian-bread.html">Sardinian bread</a>
                </li>
                <li>
                    <a class="estDynamic" href="../bread-and-pasta/bakery.html">Bakery</a>
                </li>
                <li>
                    <a class="estDynamic" href="../bread-and-pasta/pasta.html">Pasta</a>
                </li>
                <li>
                    <a class="estDynamic" href="../bread-and-pasta/fresh-pasta.html">Fresh pasta</a>
                </li>
            </ul>
        </li>
        <li>
            <a class="estDynamic" href="../meat.html">
                <img src="../../cdn.spesati.com/images/menu/meat.png"/>
                Meat            </a>
            <i class="fa fa-angle-right" aria-hidden="true"></i>
            <ul class="sub-menu">
                <li>
                    <a class="estDynamic" href="../meat/beef.html">Beef</a>
                </li>
                <li>
                    <a class="estDynamic" href="../meat/goat.html">Goat</a>
                </li>
                <li>
                    <a class="estDynamic" href="../meat/packaged-meat.html">Packaged meat</a>
                </li>
                <li>
                    <a class="estDynamic" href="../meat/rabbit.html">Rabbit</a>
                </li>
                <li>
                    <a class="estDynamic" href="../meat/horse.html">Horse</a>
                </li>
                <li>
                    <a class="estDynamic" href="../meat/pork.html">Pork</a>
                </li>
                <li>
                    <a class="estDynamic" href="../meat/lamb.html">Lamb</a>
                </li>
                <li>
                    <a class="estDynamic" href="../meat/poultry.html">Poultry</a>
                </li>
            </ul>
        </li>
        <li>
            <a class="estDynamic" href="../fish.html">
                <img src="../../cdn.spesati.com/images/menu/fish.png"/>
                Fish            </a>
            <i class="fa fa-angle-right" aria-hidden="true"></i>
            <ul class="sub-menu">
                <li>
                    <a class="estDynamic" href="../fish/fresh-water.html">Fresh water</a>
                </li>
                <li>
                    <a class="estDynamic" href="../fish/salt-water.html">Salt water</a>
                </li>
                <li>
                    <a class="estDynamic" href="../fish/mussels.html">Mussels</a>
                </li>
                <li>
                    <a class="estDynamic" href="../fish/dried-and-salted.html">Dried and salted</a>
                </li>
                <li>
                    <a class="estDynamic" href="../fish/seafood-salad.html">Seafood salad</a>
                </li>
                <li>
                    <a class="estDynamic" href="../fish/prepared.html">Prepared</a>
                </li>
                <li>
                    <a class="estDynamic" href="../fish/specialty.html">Specialty</a>
                </li>   
                <li>
                    <a class="estDynamic" href="../fish/tuna-and-salmon.html">Tuna and salmon</a>
                </li>
            </ul>
        </li>
        <li>
            <a class="estDynamic" href="../wine-beer-and-spirits.html">
                <img src="../../cdn.spesati.com/images/menu/alcohol.png"/>
                Wine beer and spirits            </a>
            <i class="fa fa-angle-right" aria-hidden="true"></i>
            <ul class="sub-menu">
                <li>
                    <a class="estDynamic" href="../wine-beer-and-spirits/spirits-and-liquors.html">Alcohol</a>
                </li>
                <li>
                    <a class="estDynamic" href="../wine-beer-and-spirits/bitters.html">Bitters</a>
                </li>
                <li>
                    <a class="estDynamic" href="../wine-beer-and-spirits/aperatif.html">Aperatifs</a>
                </li>
                <li>
                    <a class="estDynamic" href="../wine-beer-and-spirits/beer.html">Beer</a>
                </li>
                <li>
                    <a class="estDynamic" href="../wine-beer-and-spirits/creams.html">Creams</a>
                </li>
                <li>
                    <a class="estDynamic" href="../wine-beer-and-spirits/spirits.html">Spirits</a>
                </li>
                <li>
                    <a class="estDynamic" href="../wine-beer-and-spirits/liquors.html">Liquors</a>
                </li>
                <li>
                    <a class="estDynamic" href="../wine-beer-and-spirits/white-wine.html">White wine</a>
                </li>
                <li>
                    <a class="estDynamic" href="../wine-beer-and-spirits/prosecco-wine.html">Prosecco wine</a>
                </li>
                <li>
                    <a class="estDynamic" href="../wine-beer-and-spirits/rose-wine.html">Rose wine</a>
                </li>
                <li>
                    <a class="estDynamic" href="../wine-beer-and-spirits/red-wine.html">Red wine</a>
                </li>
                <li>
                    <a class="estDynamic" href="../wine-beer-and-spirits/specialty-wine.html">Special wine</a>
                </li>
                <li>
                    <a class="estDynamic" href="../wine-beer-and-spirits/sparkling-wine.html">Sparkling wine</a>
                </li>
                <li>
                    <a class="estDynamic" href="../wine-beer-and-spirits/vermentino-wine.html">Vermentino wine</a>
                </li>
            </ul>
        </li>
        <li>
            <a class="estDynamic" href="../water-and-drinks.html">
                <img src="../../cdn.spesati.com/images/menu/water-and-drinks.png"/>
                Water and drinks            </a>
            <i class="fa fa-angle-right" aria-hidden="true"></i>
            <ul class="sub-menu">
                <li>
                    <a class="estDynamic" href="../water-and-drinks/san-martino.html">San Martino</a>
                </li>
                <li>
                    <a class="estDynamic" href="../water-and-drinks/water.html">Water</a>
                </li>
                <li>
                    <a class="estDynamic" href="../water-and-drinks/alpro.html">Alpro</a>
                </li>
                <li>
                    <a class="estDynamic" href="../water-and-drinks/fizzy-drinks.html">Fizzy drinks</a>
                </li>
                <li>
                    <a class="estDynamic" href="../water-and-drinks/coca-cola.html">Coca-Cola</a>
                </li>
                <li>
                    <a class="estDynamic" href="../water-and-drinks/energy-drink.html">Energy drink</a>
                </li>
                <li>
                    <a class="estDynamic" href="../water-and-drinks/syrups.html">Syrups</a>
                </li>
                <li>
                    <a class="estDynamic" href="../water-and-drinks/supplements.html">Supplements</a>
                </li>
                <li>
                    <a class="estDynamic" href="../water-and-drinks/instant-drinks.html">Instant drinks</a>
                </li>
                <li>
                    <a class="estDynamic" href="../water-and-drinks/juice.html">Juice</a>
                </li>
                <li>
                    <a class="estDynamic" href="../water-and-drinks/tea.html">Tea</a>
                </li>
            </ul>
        </li>
        <li>
            <a class="estDynamic" href="../sweets.html">
                <img src="../../cdn.spesati.com/images/menu/sweets.png"/>
                Sweets            </a>
            <i class="fa fa-angle-right" aria-hidden="true"></i>
            <ul class="sub-menu">
                <li>
                    <a class="estDynamic" href="../sweets/bars-and-snacks.html">Bars and snacks</a>
                </li>
                <li>
                    <a class="estDynamic" href="../sweets/biscuits.html">Biscuits</a>
                </li>
                <li>
                    <a class="estDynamic" href="../sweets/brioches.html">Brioches</a>
                </li>
                <li>
                    <a class="estDynamic" href="../sweets/candy-and-chewing-gum.html">Candy and chewing gum</a>
                </li>
                <li>
                    <a class="estDynamic" href="../sweets/cereals.html">Cereals</a>
                </li>
                <li>
                    <a class="estDynamic" href="../sweets/chocolate.html">Chocolate</a>
                </li>
                <li>
                    <a class="estDynamic" href="../sweets/spreadable-creams.html">Spreads</a>
                </li>
                <li>
                    <a class="estDynamic" href="../sweets/dessert-toppings.html">Dessert toppings</a>
                </li>
                <li>
                    <a class="estDynamic" href="../sweets/jam.html">Jam</a>
                </li>
                <li>
                    <a class="estDynamic" href="../sweets/honey.html">Honey</a>
                </li>
                <li>
                    <a class="estDynamic" href="../sweets/panettoni-and-pandoro.html">Panettone and pandoro</a>
                </li>
                <li>
                    <a class="estDynamic" href="../sweets/pastry.html">Pastry</a>
                </li>
                <li>
                    <a class="estDynamic" href="../sweets/instant-dessert.html">Prepared</a>
                </li>
                <li>
                    <a class="estDynamic" href="../sweets/cakes-and-pies.html">Cakes and pies</a>
                </li>
                <li>
                    <a class="estDynamic" href="../sweets/easter-eggs-and-doves.html">Easter eggs and doves</a>
                </li>
            </ul>
        </li>
        <li>
            <a class="estDynamic" href="../shelf.html">
                <img src="../../cdn.spesati.com/images/menu/shelf.png"/>
                Cupboard            </a>
            <i class="fa fa-angle-right" aria-hidden="true"></i>
            <ul class="sub-menu">
                <li>
                    <a class="estDynamic" href="../shelf/coffee.html">Coffee</a>
                </li>
                <li>
                    <a class="estDynamic" href="../shelf/gift-baskets.html">Gift baskets</a>
                </li>
                <li>
                    <a class="estDynamic" href="../shelf/stock-cubes.html">Nuts and preparations</a>
                </li>
                <li>
                    <a class="estDynamic" href="../shelf/flour-and-baking.html">Flour and baking</a>
                </li>
                <li>
                    <a class="estDynamic" href="../shelf/milk.html">Milk</a>
                </li>
                <li>
                    <a class="estDynamic" href="../shelf/oil-salt-vinegar.html">Oil, vinegar and salt</a>
                </li>
                <li>
                    <a class="estDynamic" href="../shelf/cream-and-bechamel.html">Cream and bechamel</a>
                </li>
                <li>
                    <a class="estDynamic" href="../shelf/crisps-and-pretzels.html">Crisps and pretzels</a>
                </li>
                <li>
                    <a class="estDynamic" href="../shelf/baby-and-infants-products.html">Early childhood products</a>
                </li>
                <li>
                    <a class="estDynamic" href="../shelf/rice.html">Rice</a>
                </li>
                <li>
                    <a class="estDynamic" href="../shelf/tins-and-preserves.html">Tins and Preserves</a>
                </li>
                <li>
                    <a class="estDynamic" href="../shelf/spices.html">Spices</a>
                </li>
                <li>
                    <a class="estDynamic" href="../shelf/sauces.html">Sauces</a>
                </li>
                <li>
                    <a class="estDynamic" href="../shelf/tea-and-infusions.html">Tea and infusions</a>
                </li>
                <li>
                    <a class="estDynamic" href="../shelf/eggs.html">Eggs</a>
                </li>
                <li>
                    <a class="estDynamic" href="../shelf/sugar-and-sweeteners.html">Sugar and sweeteners</a>
                </li>
            </ul>
        </li>
        <li>
            <a class="estDynamic" href="../personal-care.html">
                <img src="../../cdn.spesati.com/images/menu/personal-care.png"/>
                Personal care            </a>
            <i class="fa fa-angle-right" aria-hidden="true"></i>
            <ul class="sub-menu">
                <li>
                    <a class="estDynamic" href="../personal-care/accessories-and-cotton.html">Accessories and cotton</a>
                </li>
                <li>
                    <a class="estDynamic" href="../personal-care/feminine-care-incontinence-and-baby-diapers.html">Feminine incontinence and diapers</a>
                </li>
                <li>
                    <a class="estDynamic" href="../personal-care/shower-gel.html">Shower gel</a>
                </li>
                <li>
                    <a class="estDynamic" href="../personal-care/creams.html">Creams</a>
                </li>
                <li>
                    <a class="estDynamic" href="../personal-care/deodorant.html">Deodorant</a>
                </li>
                <li>
                    <a class="estDynamic" href="../personal-care/hair-removal.html">Hair removal</a>
                </li>
                <li>
                    <a class="estDynamic" href="../personal-care/disinfectants.html">Disinfectants</a>
                </li>
                <li>
                    <a class="estDynamic" href="../personal-care/oral-hygiene.html">Oral hygiene</a>
                </li>
                <li>
                    <a class="estDynamic" href="../personal-care/supplements-and-multivitamins.html">Supplements and multivitamins</a>
                </li>
                <li>
                    <a class="estDynamic" href="../personal-care/first-aid.html">First aid label</a>
                </li>
                <li>
                    <a class="estDynamic" href="../personal-care/beard-products.html">Beard products</a>
                </li>
                <li>
                    <a class="estDynamic" href="../personal-care/hairs-products.html">Hair products</a>
                </li>
                <li>
                    <a class="estDynamic" href="../personal-care/perfume.html">Perfumes</a>
                </li>
                <li>
                    <a class="estDynamic" href="../personal-care/wipes.html">Wipes</a>
                </li>
                <li>
                    <a class="estDynamic" href="../personal-care/soaps-and-body-wash.html">Soaps and body wash</a>
                </li>
                <li>
                    <a class="estDynamic" href="../personal-care/shampoo-and-conditioner.html">Shampoo and conditioner</a>
                </li>
            </ul>
        </li>
        <li>
            <a class="estDynamic" href="../household-and-outdoors.html">
                <img src="../../cdn.spesati.com/images/menu/pellet-and-home.png"/>
                Home and outdoors 
            </a>
            <i class="fa fa-angle-right" aria-hidden="true"></i>
            <ul class="sub-menu">
                <li>
                    <a class="estDynamic" href="../household-and-outdoors/distilled-water.html">Distilled water</a>
                </li>
                <li>
                    <a class="estDynamic" href="../household-and-outdoors/car-products.html">Cars</a>
                </li>
                <li>
                    <a class="estDynamic" href="../household-and-outdoors/bin-bags-and-buckets.html">Bin bags and buckets</a>
                </li>
                <li>
                    <a class="estDynamic" href="../household-and-outdoors/bleach-and-stain-removers.html">Bleach and stain removers</a>
                </li>
                <li>
                    <a class="estDynamic" href="../household-and-outdoors/candles.html">Candles</a>
                </li>
                <li>
                    <a class="estDynamic" href="../household-and-outdoors/kitchen-roll.html">Kitchen roll</a>
                </li>
                <li>
                    <a class="estDynamic" href="../household-and-outdoors/air-fresheners.html">Air fresheners</a>
                </li>
                <li>
                    <a class="estDynamic" href="../household-and-outdoors/laundry-accessories-and-detergent.html">Laundry detergent</a>
                </li>
                <li>
                    <a class="estDynamic" href="../household-and-outdoors/dishwasher-and-washing-up.html">Dishwasher and washing up</a>
                </li>
                <li>
                    <a class="estDynamic" href="../household-and-outdoors/gardening.html">Gardening</a>
                </li>
                <li>
                    <a class="estDynamic" href="../household-and-outdoors/light-bulbs-and-batteries.html">Lightbulbs and batteries</a>
                </li>
                <li>
                    <a class="estDynamic" href="../household-and-outdoors/pellet-and-bbq.html">Pellet and BBQ</a>
                </li>
                <li>
                    <a class="estDynamic" href="../household-and-outdoors/bathroom-products.html">Bathroom products</a>
                </li>
                <li>
                    <a class="estDynamic" href="../household-and-outdoors/home-and-furniture-products.html">Home and furniture products</a>
                </li>
                <li>
                    <a class="estDynamic" href="../household-and-outdoors/kitchen-products.html">Kitchen products</a>
                </li>
                <li>
                    <a class="estDynamic" href="../household-and-outdoors/window-and-floor-cleaners.html">Window and floor cleaner</a>
                </li>
                <li>
                    <a class="estDynamic" href="../household-and-outdoors/repellents.html">Repellents</a>
                </li>
                <li>
                    <a class="estDynamic" href="../household-and-outdoors/disposable-tableware.html">Disposable tableware</a>
                </li>
            </ul>
        </li>
        <li>
            <a class="estDynamic" href="../pet.html">
                <img src="../../cdn.spesati.com/images/menu/animals.png"/>
                Pets            </a>
            <i class="fa fa-angle-right" aria-hidden="true"></i>
            <ul class="sub-menu">
                <li>
                    <a class="estDynamic" href="../pets/pet-food-other-animals.html">Other animals pet food</a>
                </li>
                <li>
                    <a class="estDynamic" href="../pets/pet-food-dogs.html">Pet food dogs</a>
                </li>
                <li>
                    <a class="estDynamic" href="../pets/pet-food-cats.html">Pet food cats</a>
                </li>
                <li>
                    <a class="estDynamic" href="../pets/hygiene-and-cleaning.html">Hygiene and cleaning</a>
                </li>
            </ul>
        </li>
        <li>
            <a class="estDynamic" href="../technology.html">
                <img src="../../cdn.spesati.com/images/menu/technology.png"/>
                Technology            </a>
            <i class="fa fa-angle-right" aria-hidden="true"></i>
            <ul class="sub-menu">
                <li>
                    <a class="estDynamic" href="../technology/accessories.html">Accessories</a>
                </li>
                <li>
                    <a class="estDynamic" href="../technology/computer.html">Computer</a>
                </li>
                <li>
                    <a class="estDynamic" href="../technology/telephones.html">Telephones</a>
                </li>
                <li>
                    <a class="estDynamic" href="../technology/tv.html">TV</a>
                </li>
            </ul>
        </li>
        <li>
            <a class="estDynamic" href="../gluten-free.html">
                <img src="../../cdn.spesati.com/images/menu/gluten-free.png"/>
                Gluten free            </a>
            <i class="fa fa-angle-right" aria-hidden="true"></i>
            <ul class="sub-menu">
                <li>
                    <a class="estDynamic" href="../gluten-free/frozen-foods.html">Frozen foods</a>
                </li>
                <li>
                    <a class="estDynamic" href="../gluten-free/beer.html">Beer</a>
                </li>
                <li>
                    <a class="estDynamic" href="../gluten-free/sweets.html">Sweets</a>
                </li>
                <li>
                    <a class="estDynamic" href="../gluten-free/bread-and-pasta.html">Bread and pasta</a>
                </li>
                <li>
                    <a class="estDynamic" href="../gluten-free/shelf.html">Cupboard</a>
                </li>
            </ul>
        </li>
        <li>
            <a class="estDynamic" href="../lactose-free.html">
                <img src="../../cdn.spesati.com/images/menu/lactose-free.png"/>
                Lactose free            </a>
            <i class="fa fa-angle-right" aria-hidden="true"></i>
            <ul class="sub-menu">
                <li>
                    <a class="estDynamic" href="../lactose-free/frozen-foods.html">Frozen foods</a>
                </li>
                <li>
                    <a class="estDynamic" href="../lactose-free/sweets.html">Sweets</a>
                </li>
                <li>
                    <a class="estDynamic" href="../lactose-free/dairy-product.html">Dairy product</a>
                </li>
                <li>
                    <a class="estDynamic" href="../lactose-free/shelf.html">Cupboard</a>
                </li>
            </ul>
        </li>
        <li>
            <a class="estDynamic" href="../special.html">
                <img src="../../cdn.spesati.com/images/menu/special.png"/>
                Special            </a>
            <i class="fa fa-angle-right" aria-hidden="true"></i>
            <ul class="sub-menu">
                <li>
                    <a class="estDynamic" href="../special/alpro.html">Alpro</a>
                </li>
                <li>
                    <a class="estDynamic" href="../special/organic.html">Biological</a>
                </li>
                <li>
                    <a class="estDynamic" href="../special/meat.html">Meat</a>
                </li>
                <li>
                    <a class="estDynamic" href="../special/wholegrain.html">Wholegrain</a>
                </li>
                <li>
                    <a class="estDynamic" href="../special/bread-and-pasta.html">Bread and pasta</a>
                </li>
                <li>
                    <a class="estDynamic" href="../special/vegan.html">Vegan</a>
                </li>
            </ul>
        </li>
        <li>
            <a class="estDynamic" href="../sardinian-products.html">
                <img src="../../cdn.spesati.com/images/menu/sardinian-products.png"/>
                Sardinian products            </a>
            <i class="fa fa-angle-right" aria-hidden="true"></i>
            <ul class="sub-menu">
                <li>
                    <a class="estDynamic" href="../sardinian-products/drinks.html">Drinks</a>
                </li>
                <li>
                    <a class="estDynamic" href="../sardinian-products/meat.html">Meat</a>
                </li>
                <li>
                    <a class="estDynamic" href="../sardinian-products/sweets.html">Sweets</a>
                </li>
                <li>
                    <a class="estDynamic" href="../sardinian-products/fruit-and-vegetables.html">Fruit and vegetables</a>
                </li>
                <li>
                    <a class="estDynamic" href="../sardinian-products/ichnusa.html">Ichnusa</a>
                </li>
                <li>
                    <a class="estDynamic" href="../sardinian-products/dairy-product.html">Dairy product</a>
                </li>
                <li>
                    <a class="estDynamic" href="../sardinian-products/bread-and-pasta.html">Bread and pasta</a>
                </li>
                <li>
                    <a class="estDynamic" href="../sardinian-products/fish.html">Fish</a>
                </li>
                <li>
                    <a class="estDynamic" href="../sardinian-products/cured-meat.html">Cured meat</a>
                </li>
                <li>
                    <a class="estDynamic" href="../sardinian-products/shelf.html">Cupboard</a>
                </li>
                <li>
                    <a class="estDynamic" href="../sardinian-products/vermentino-wine.html">Vermentino wine</a>
                </li>
                <li>
                    <a class="estDynamic" href="../sardinian-products/wine-beer-and-spirits.html">Wine beer and spirits</a>
                </li>
            </ul>
        </li>
    </ul>
</div>    <div class="colRight">
        <div class="title mobile">
	<a href="../fruit-and-vegetables.html"><i class="fa red fa-angle-left fa-3x mobile" aria-hidden="true"></i></a>
	<h2>
		<b>
			dried fruit		</b>
	</h2>
</div>

<div class="breadcrumb bgGrey internal">
	<p>
		<b>
			<a href="../index.html">Home</a>
												&gt; <a href="../fruit-and-vegetables.html">Fruit and vegetables</a>
																&gt; Dried fruit									</b>
	</p>
	<div>
		<p>Order by</p>
		<select name="orderProd" id="orderProd">
			<option disabled="disabled" selected="selected">- Choose -</option>
			<option value="nameAsc">Name (A - Z)</option>
			<option value="nameDes">Name (Z - A)</option>
			<option value="priceHigh">Price - High to low</option>
			<option value="priceLow">Price - Low to high</option>
			<option value="soldAsc">Best Selling</option>
			<option value="available">Availability</option>
		</select>
	</div>
</div>
        <div class="containerProduct">
            <div class="left product prod1"
        data-name="Noci Rete Auriemma 700Gr"
        data-price="6.58"
        data-id="7235"
        data-available="yes"
        data-category="433"
        data-bestselling="">
    <a href="../noci-rete-auriemma-700gr.html">
        <div style="background-image: url('../../cdn.spesati.com/images/products/130494/noci-rete-auriemma-01.jpg')">
            <div class="hover"></div>
            
            <div class="stickers"></div>
        </div>
    </a>
    <div>
        <h4><a href="../noci-rete-auriemma-700gr.html"><b>Noci Rete Auriemma 700Gr</b></a></h4>
        <p class="description">0.7 Kg</p>
        <p class="right price"><b>6.58 €</b></p>
        <p class="right unitPrice">9.41 € per kg</p>
    </div>
    <div class="contButton">
    <a class="button bgRed white addToCart" href="#">Add</a>
</div>
</div><div class="left product prod2"
        data-name="Papaya Disidratata Vaschetta 150Gr"
        data-price="2.79"
        data-id="6184"
        data-available="yes"
        data-category="499906"
        data-bestselling="">
    <a href="../papaya-disidratata-vaschetta-150gr.html">
        <div style="background-image: url('../../cdn.spesati.com/images/products/117956/papaya-disidratata-vaschetta-01.jpg')">
            <div class="hover"></div>
            
            <div class="stickers"></div>
        </div>
    </a>
    <div>
        <h4><a href="../papaya-disidratata-vaschetta-150gr.html"><b>Papaya Disidratata Vaschetta 150Gr</b></a></h4>
        <p class="description">0.15 Kg</p>
        <p class="right price"><b>2.79 €</b></p>
        <p class="right unitPrice">18.60 € per kg</p>
    </div>
    <div class="contButton">
    <a class="button bgRed white addToCart" href="#">Add</a>
</div>
</div><div class="left product prod3"
        data-name="Mango Disidratato Vaschetta 125Gr"
        data-price="3.55"
        data-id="6193"
        data-available="yes"
        data-category="499906"
        data-bestselling="">
    <a href="../mango-disidratato-vaschetta-125gr.html">
        <div style="background-image: url('../../cdn.spesati.com/images/products/117955/mango-disidratato-vaschetta-01.jpg')">
            <div class="hover"></div>
            
            <div class="stickers"></div>
        </div>
    </a>
    <div>
        <h4><a href="../mango-disidratato-vaschetta-125gr.html"><b>Mango Disidratato Vaschetta 125Gr</b></a></h4>
        <p class="description">0.13 Kg</p>
        <p class="right price"><b>3.55 €</b></p>
        <p class="right unitPrice">28.40 € per kg</p>
    </div>
    <div class="contButton">
    <a class="button bgRed white addToCart" href="#">Add</a>
</div>
</div><div class="left product prod4"
        data-name="Ananas Disidratata Cubetti Vaschetta 150Gr"
        data-price="2.75"
        data-id="6027"
        data-available="yes"
        data-category="6670"
        data-bestselling="">
    <a href="../ananas-disidratata-cubetti-vaschetta-150gr.html">
        <div style="background-image: url('../../cdn.spesati.com/images/products/117954/ananas-disidratata-cubetti-01.jpg')">
            <div class="hover"></div>
            
            <div class="stickers"></div>
        </div>
    </a>
    <div>
        <h4><a href="../ananas-disidratata-cubetti-vaschetta-150gr.html"><b>Ananas Disidratata Cubetti Vaschetta 150Gr</b></a></h4>
        <p class="description">0.15 Kg</p>
        <p class="right price"><b>2.75 €</b></p>
        <p class="right unitPrice">18.34 € per kg</p>
    </div>
    <div class="contButton">
    <a class="button bgRed white addToCart" href="#">Add</a>
</div>
</div><div class="left product prod5"
        data-name="Mandorle Amare Pelate 250Gr (Uso professionale)"
        data-price="4.14"
        data-id="7232"
        data-available="yes"
        data-category="433"
        data-bestselling="">
    <a href="../mandorle-amare-pelate-250gr-uso-professionale.html">
        <div style="background-image: url('../../cdn.spesati.com/images/products/115201/mandorle-amare-pelate-01.jpg')">
            <div class="hover"></div>
            
            <div class="stickers"></div>
        </div>
    </a>
    <div>
        <h4><a href="../mandorle-amare-pelate-250gr-uso-professionale.html"><b>Mandorle Amare Pelate 250Gr (Uso professionale)</b></a></h4>
        <p class="description">0.25 Kg</p>
        <p class="right price"><b>4.14 €</b></p>
        <p class="right unitPrice">16.56 € per kg</p>
    </div>
    <div class="contButton">
    <a class="button bgRed white addToCart" href="#">Add</a>
</div>
</div><div class="left product prod6"
        data-name="Noci Murano Premium Nat 350gr"
        data-price="3.15"
        data-id="27486"
        data-available="yes"
        data-category="433"
        data-bestselling="1">
    <a href="../noci-murano-premium-nat-350gr.html">
        <div style="background-image: url('../../cdn.spesati.com/images/products/000135203/fatina-noci-premium-naturali-350-g-01.png')">
            <div class="hover"></div>
            <p class="arrow bgRed white">Best Seller</p>
            <div class="stickers"></div>
        </div>
    </a>
    <div>
        <h4><a href="../noci-murano-premium-nat-350gr.html"><b>Noci Murano Premium Nat 350gr</b></a></h4>
        <p class="description">Fatina Noci Premium naturali 350 g</p>
        <p class="right price"><b>3.15 €</b></p>
        <p class="right unitPrice">9.00 € per kg</p>
    </div>
    <div class="contButton">
    <a class="button bgRed white addToCart" href="#">Add</a>
</div>
</div><div class="left product prod7"
        data-name="Misto M Ventura Fr Secca 350gr"
        data-price="2.85"
        data-id="27311"
        data-available="yes"
        data-category="499906"
        data-bestselling="">
    <a href="../misto-m-ventura-fr-secca-350gr.html">
        <div style="background-image: url('../../cdn.spesati.com/images/products/000131434/ventura-misto-in-guscio-350-g-01.png')">
            <div class="hover"></div>
            
            <div class="stickers"></div>
        </div>
    </a>
    <div>
        <h4><a href="../misto-m-ventura-fr-secca-350gr.html"><b>Misto M Ventura Fr Secca 350gr</b></a></h4>
        <p class="description">Ventura Misto in Guscio 350 g</p>
        <p class="right price"><b>2.85 €</b></p>
        <p class="right unitPrice">8.14 € per kg</p>
    </div>
    <div class="contButton">
    <a class="button bgRed white addToCart" href="#">Add</a>
</div>
</div><div class="left product prod8"
        data-name="Uva Sultanina 500Gr"
        data-price="2.09"
        data-id="6706"
        data-available="yes"
        data-category="6626"
        data-bestselling="">
    <a href="../uva-sultanina-500gr.html">
        <div style="background-image: url('../../cdn.spesati.com/images/products/000130667/sungift-uva-sultanina-500-g-01.png')">
            <div class="hover"></div>
            
            <div class="stickers"></div>
        </div>
    </a>
    <div>
        <h4><a href="../uva-sultanina-500gr.html"><b>Uva Sultanina 500Gr</b></a></h4>
        <p class="description">Sungift Uva Sultanina 500 g</p>
        <p class="right price"><b>2.09 €</b></p>
        <p class="right unitPrice">4.18 € per kg</p>
    </div>
    <div class="contButton">
    <a class="button bgRed white addToCart" href="#">Add</a>
</div>
</div><div class="left product prod9"
        data-name="Noci Life Sgusciat Meta' 100gr"
        data-price="1.93"
        data-id="27259"
        data-available="yes"
        data-category="433"
        data-bestselling="">
    <a href="../noci-life-sgusciat-meta-100gr.html">
        <div style="background-image: url('../../cdn.spesati.com/images/products/000130557/life-noci-sgusciate-100-g-01.png')">
            <div class="hover"></div>
            
            <div class="stickers"></div>
        </div>
    </a>
    <div>
        <h4><a href="../noci-life-sgusciat-meta-100gr.html"><b>Noci Life Sgusciat Meta' 100gr</b></a></h4>
        <p class="description">life Noci Sgusciate 100 g</p>
        <p class="right price"><b>1.93 €</b></p>
        <p class="right unitPrice">19.27 € per kg</p>
    </div>
    <div class="contButton">
    <a class="button bgRed white addToCart" href="#">Add</a>
</div>
</div><div class="left product prod10"
        data-name="Noci Life Sgusciate 1kg"
        data-price="20.75"
        data-id="27258"
        data-available="yes"
        data-category="433"
        data-bestselling="">
    <a href="../noci-life-sgusciate-1kg.html">
        <div style="background-image: url('../../cdn.spesati.com/images/products/000130550/life-noci-sgusciate-1000-g-01.png')">
            <div class="hover"></div>
            
            <div class="stickers"></div>
        </div>
    </a>
    <div>
        <h4><a href="../noci-life-sgusciate-1kg.html"><b>Noci Life Sgusciate 1kg</b></a></h4>
        <p class="description">life Noci Sgusciate 1000 g</p>
        <p class="right price"><b>20.75 €</b></p>
        <p class="right unitPrice">20.75 € per kg</p>
    </div>
    <div class="contButton">
    <a class="button bgRed white addToCart" href="#">Add</a>
</div>
</div><div class="left product prod11"
        data-name="Mandorle Sgusc Bio Nober 40 Gr"
        data-price="1.49"
        data-id="27248"
        data-available="yes"
        data-category="433"
        data-bestselling="">
    <a href="../mandorle-sgusc-bio-nober-40-gr.html">
        <div style="background-image: url('../../cdn.spesati.com/images/products/000130486/noberasco-bio-mandorle-sgusciate-40-g-01.png')">
            <div class="hover"></div>
            
            <div class="stickers"></div>
        </div>
    </a>
    <div>
        <h4><a href="../mandorle-sgusc-bio-nober-40-gr.html"><b>Mandorle Sgusc Bio Nober 40 Gr</b></a></h4>
        <p class="description">noberasco Bio Mandorle Sgusciate 40 g</p>
        <p class="right price"><b>1.49 €</b></p>
        <p class="right unitPrice">37.26 € per kg</p>
    </div>
    <div class="contButton">
    <a class="button bgRed white addToCart" href="#">Add</a>
</div>
</div><div class="left product prod12"
        data-name="Noci Sgusciate Bio Nobe 40 Gr"
        data-price="1.49"
        data-id="27245"
        data-available="yes"
        data-category="433"
        data-bestselling="2">
    <a href="../noci-sgusciate-bio-nobe-40-gr.html">
        <div style="background-image: url('../../cdn.spesati.com/images/products/000130469/noberasco-bio-noci-sgusciate-40-g-01.png')">
            <div class="hover"></div>
            <p class="arrow bgRed white">Best Seller</p>
            <div class="stickers"></div>
        </div>
    </a>
    <div>
        <h4><a href="../noci-sgusciate-bio-nobe-40-gr.html"><b>Noci Sgusciate Bio Nobe 40 Gr</b></a></h4>
        <p class="description">noberasco Bio Noci Sgusciate 40 g</p>
        <p class="right price"><b>1.49 €</b></p>
        <p class="right unitPrice">37.26 € per kg</p>
    </div>
    <div class="contButton">
    <a class="button bgRed white addToCart" href="#">Add</a>
</div>
</div><div class="left product prod13"
        data-name="Prugne Life Extra Large 500 Gr"
        data-price="6.11"
        data-id="6015"
        data-available="yes"
        data-category="6674"
        data-bestselling="">
    <a href="../prugne-life-extra-large-500-gr.html">
        <div style="background-image: url('../../cdn.spesati.com/images/products/000130415/life-prugne-con-nocciolo-500-g-01.png')">
            <div class="hover"></div>
            
            <div class="stickers"></div>
        </div>
    </a>
    <div>
        <h4><a href="../prugne-life-extra-large-500-gr.html"><b>Prugne Life Extra Large 500 Gr</b></a></h4>
        <p class="description">life Prugne con Nocciolo 500 g</p>
        <p class="right price"><b>6.11 €</b></p>
        <p class="right unitPrice">12.22 € per kg</p>
    </div>
    <div class="contButton">
    <a class="button bgRed white addToCart" href="#">Add</a>
</div>
</div><div class="left product prod14"
        data-name="Prugne Life 250gr"
        data-price="2.76"
        data-id="27229"
        data-available="yes"
        data-category="6674"
        data-bestselling="">
    <a href="../prugne-life-250gr.html">
        <div style="background-image: url('../../cdn.spesati.com/images/products/000130410/life-prugne-con-nocciolo-250-g-01.png')">
            <div class="hover"></div>
            
            <div class="stickers"></div>
        </div>
    </a>
    <div>
        <h4><a href="../prugne-life-250gr.html"><b>Prugne Life 250gr</b></a></h4>
        <p class="description">life Prugne con Nocciolo 250 g</p>
        <p class="right price"><b>2.76 €</b></p>
        <p class="right unitPrice">11.03 € per kg</p>
    </div>
    <div class="contButton">
    <a class="button bgRed white addToCart" href="#">Add</a>
</div>
</div><div class="left product prod15"
        data-name="Castagne Bio Noberasco 35 Gr"
        data-price="1.45"
        data-id="27223"
        data-available="yes"
        data-category="6701"
        data-bestselling="4">
    <a href="../castagne-bio-noberasco-35-gr.html">
        <div style="background-image: url('../../cdn.spesati.com/images/products/000130364/noberasco-bio-castagne-gia-pelate-35-g-01.png')">
            <div class="hover"></div>
            <p class="arrow bgRed white">Best Seller</p>
            <div class="stickers"></div>
        </div>
    </a>
    <div>
        <h4><a href="../castagne-bio-noberasco-35-gr.html"><b>Castagne Bio Noberasco 35 Gr</b></a></h4>
        <p class="description">noberasco Bio Castagne Già Pelate 35 g</p>
        <p class="right price"><b>1.45 €</b></p>
        <p class="right unitPrice">41.42 € per kg</p>
    </div>
    <div class="contButton">
    <a class="button bgRed white addToCart" href="#">Add</a>
</div>
</div><div class="left product prod16"
        data-name="Wellness Mix Bio Noberas 40 Gr"
        data-price="1.49"
        data-id="27222"
        data-available="yes"
        data-category="499906"
        data-bestselling="">
    <a href="../wellness-mix-bio-noberas-40-gr.html">
        <div style="background-image: url('../../cdn.spesati.com/images/products/000130363/noberasco-che-misto-bio-wellness-40-g-01.png')">
            <div class="hover"></div>
            
            <div class="stickers"></div>
        </div>
    </a>
    <div>
        <h4><a href="../wellness-mix-bio-noberas-40-gr.html"><b>Wellness Mix Bio Noberas 40 Gr</b></a></h4>
        <p class="description">noberasco che Misto! Bio Wellness 40 g</p>
        <p class="right price"><b>1.49 €</b></p>
        <p class="right unitPrice">37.26 € per kg</p>
    </div>
    <div class="contButton">
    <a class="button bgRed white addToCart" href="#">Add</a>
</div>
</div><div class="left product prod17"
        data-name="Misto Ritmo Bio Noberas 40 Gr"
        data-price="1.68"
        data-id="27219"
        data-available="yes"
        data-category="499906"
        data-bestselling="">
    <a href="../misto-ritmo-bio-noberas-40-gr.html">
        <div style="background-image: url('../../cdn.spesati.com/images/products/000130359/noberasco-che-misto-bio-ritmo-40-g-01.png')">
            <div class="hover"></div>
            
            <div class="stickers"></div>
        </div>
    </a>
    <div>
        <h4><a href="../misto-ritmo-bio-noberas-40-gr.html"><b>Misto Ritmo Bio Noberas 40 Gr</b></a></h4>
        <p class="description">noberasco che Misto! Bio Ritmo 40 g</p>
        <p class="right price"><b>1.68 €</b></p>
        <p class="right unitPrice">42.05 € per kg</p>
    </div>
    <div class="contButton">
    <a class="button bgRed white addToCart" href="#">Add</a>
</div>
</div><div class="left product prod18"
        data-name="Misto Power Bio Noberasc 40 Gr"
        data-price="1.58"
        data-id="27218"
        data-available="yes"
        data-category="499906"
        data-bestselling="">
    <a href="../misto-power-bio-noberasc-40-gr.html">
        <div style="background-image: url('../../cdn.spesati.com/images/products/000130358/noberasco-che-misto-bio-power-40-g-01.png')">
            <div class="hover"></div>
            
            <div class="stickers"></div>
        </div>
    </a>
    <div>
        <h4><a href="../misto-power-bio-noberasc-40-gr.html"><b>Misto Power Bio Noberasc 40 Gr</b></a></h4>
        <p class="description">noberasco che Misto! Bio Power 40 g</p>
        <p class="right price"><b>1.58 €</b></p>
        <p class="right unitPrice">39.41 € per kg</p>
    </div>
    <div class="contButton">
    <a class="button bgRed white addToCart" href="#">Add</a>
</div>
</div><div class="left product prod19"
        data-name="Misto Fitness Bio Nobera 40 Gr"
        data-price="1.58"
        data-id="27217"
        data-available="yes"
        data-category="499906"
        data-bestselling="">
    <a href="../misto-fitness-bio-nobera-40-gr.html">
        <div style="background-image: url('../../cdn.spesati.com/images/products/000130357/noberasco-che-misto-bio-fitness-40-g-01.png')">
            <div class="hover"></div>
            
            <div class="stickers"></div>
        </div>
    </a>
    <div>
        <h4><a href="../misto-fitness-bio-nobera-40-gr.html"><b>Misto Fitness Bio Nobera 40 Gr</b></a></h4>
        <p class="description">noberasco che Misto! Bio Fitness 40 g</p>
        <p class="right price"><b>1.58 €</b></p>
        <p class="right unitPrice">39.41 € per kg</p>
    </div>
    <div class="contButton">
    <a class="button bgRed white addToCart" href="#">Add</a>
</div>
</div><div class="left product prod20"
        data-name="Misto Armonia Bio Nobera 40 Gr"
        data-price="1.49"
        data-id="27189"
        data-available="yes"
        data-category="499906"
        data-bestselling="">
    <a href="../misto-armonia-bio-nobera-40-gr.html">
        <div style="background-image: url('../../cdn.spesati.com/images/products/000130099/noberasco-che-misto-bio-armonia-40-g-01.png')">
            <div class="hover"></div>
            
            <div class="stickers"></div>
        </div>
    </a>
    <div>
        <h4><a href="../misto-armonia-bio-nobera-40-gr.html"><b>Misto Armonia Bio Nobera 40 Gr</b></a></h4>
        <p class="description">noberasco che Misto! Bio Armonia 40 g</p>
        <p class="right price"><b>1.49 €</b></p>
        <p class="right unitPrice">37.26 € per kg</p>
    </div>
    <div class="contButton">
    <a class="button bgRed white addToCart" href="#">Add</a>
</div>
</div><div class="left product prod21"
        data-name="Semi Di Zucca Noberasco 50 Gr"
        data-price="0.97"
        data-id="27188"
        data-available="yes"
        data-category="433"
        data-bestselling="">
    <a href="../semi-di-zucca-noberasco-50-gr.html">
        <div style="background-image: url('../../cdn.spesati.com/images/products/000130098/noberasco-eur-099-semi-di-zucca-tostati-50-g-01.png')">
            <div class="hover"></div>
            
            <div class="stickers"></div>
        </div>
    </a>
    <div>
        <h4><a href="../semi-di-zucca-noberasco-50-gr.html"><b>Semi Di Zucca Noberasco 50 Gr</b></a></h4>
        <p class="description">noberasco € 0,99 Semi di Zucca Tostati 50 g</p>
        <p class="right price"><b>0.97 €</b></p>
        <p class="right unitPrice">13.88 € per kg</p>
    </div>
    <div class="contButton">
    <a class="button bgRed white addToCart" href="#">Add</a>
</div>
</div><div class="left product prod22"
        data-name="Mirtilli Rossi Noberasco 50gr"
        data-price="0.97"
        data-id="27184"
        data-available="yes"
        data-category="6582"
        data-bestselling="">
    <a href="../mirtilli-rossi-noberasco-50gr.html">
        <div style="background-image: url('../../cdn.spesati.com/images/products/000130093/noberasco-eur-099-mirtilli-rossi-50-g-01.png')">
            <div class="hover"></div>
            
            <div class="stickers"></div>
        </div>
    </a>
    <div>
        <h4><a href="../mirtilli-rossi-noberasco-50gr.html"><b>Mirtilli Rossi Noberasco 50gr</b></a></h4>
        <p class="description">noberasco € 0,99 Mirtilli Rossi 50 g</p>
        <p class="right price"><b>0.97 €</b></p>
        <p class="right unitPrice">19.44 € per kg</p>
    </div>
    <div class="contButton">
    <a class="button bgRed white addToCart" href="#">Add</a>
</div>
</div><div class="left product prod23"
        data-name="Nocciole Sgusciate Nobera 40gr"
        data-price="1.00"
        data-id="27183"
        data-available="yes"
        data-category="433"
        data-bestselling="">
    <a href="../nocciole-sgusciate-nobera-40gr.html">
        <div style="background-image: url('../../cdn.spesati.com/images/products/000130091/noberasco-eur-099-nocciole-sgusciate-40-g-01.png')">
            <div class="hover"></div>
            
            <div class="stickers"></div>
        </div>
    </a>
    <div>
        <h4><a href="../nocciole-sgusciate-nobera-40gr.html"><b>Nocciole Sgusciate Nobera 40gr</b></a></h4>
        <p class="description">noberasco € 0,99 Nocciole Sgusciate 40 g</p>
        <p class="right price"><b>1.00 €</b></p>
        <p class="right unitPrice">19.97 € per kg</p>
    </div>
    <div class="contButton">
    <a class="button bgRed white addToCart" href="#">Add</a>
</div>
</div><div class="left product prod24"
        data-name="Misto Salato Noberasco 100Gr"
        data-price="1.03"
        data-id="6025"
        data-available="yes"
        data-category="499906"
        data-bestselling="">
    <a href="../misto-salato-noberasco-100gr.html">
        <div style="background-image: url('../../cdn.spesati.com/images/products/000130089/noberasco-eur-099-misto-salato-100-g-01.png')">
            <div class="hover"></div>
            
            <div class="stickers"></div>
        </div>
    </a>
    <div>
        <h4><a href="../misto-salato-noberasco-100gr.html"><b>Misto Salato Noberasco 100Gr</b></a></h4>
        <p class="description">noberasco € 0,99 Misto Salato 100 g</p>
        <p class="right price"><b>1.03 €</b></p>
        <p class="right unitPrice">10.29 € per kg</p>
    </div>
    <div class="contButton">
    <a class="button bgRed white addToCart" href="#">Add</a>
</div>
</div><div class="left product prod25"
        data-name="Misto Piccante Noberasco 100gr"
        data-price="0.97"
        data-id="27182"
        data-available="yes"
        data-category="499906"
        data-bestselling="">
    <a href="../misto-piccante-noberasco-100gr.html">
        <div style="background-image: url('../../cdn.spesati.com/images/products/000130088/noberasco-eur-099-misto-piccante-100-g-01.png')">
            <div class="hover"></div>
            
            <div class="stickers"></div>
        </div>
    </a>
    <div>
        <h4><a href="../misto-piccante-noberasco-100gr.html"><b>Misto Piccante Noberasco 100gr</b></a></h4>
        <p class="description">noberasco € 0,99 Misto Piccante 100 g</p>
        <p class="right price"><b>0.97 €</b></p>
        <p class="right unitPrice">9.72 € per kg</p>
    </div>
    <div class="contButton">
    <a class="button bgRed white addToCart" href="#">Add</a>
</div>
</div><div class="left product prod26"
        data-name="Noci Sgusciate Mezze Nobe 40gr"
        data-price="1.00"
        data-id="27180"
        data-available="yes"
        data-category="433"
        data-bestselling="">
    <a href="../noci-sgusciate-mezze-nobe-40gr.html">
        <div style="background-image: url('../../cdn.spesati.com/images/products/000130085/noberasco-eur-099-noci-sgusciate-40-g-01.png')">
            <div class="hover"></div>
            
            <div class="stickers"></div>
        </div>
    </a>
    <div>
        <h4><a href="../noci-sgusciate-mezze-nobe-40gr.html"><b>Noci Sgusciate Mezze Nobe 40gr</b></a></h4>
        <p class="description">noberasco € 0,99 Noci Sgusciate 40 g</p>
        <p class="right price"><b>1.00 €</b></p>
        <p class="right unitPrice">24.96 € per kg</p>
    </div>
    <div class="contButton">
    <a class="button bgRed white addToCart" href="#">Add</a>
</div>
</div><div class="left product prod27"
        data-name="Noberasco Pinoli Dal Mondo 60Gr"
        data-price="7.69"
        data-id="6026"
        data-available="yes"
        data-category="433"
        data-bestselling="">
    <a href="../noberasco-pinoli-dal-mondo-60gr.html">
        <div style="background-image: url('../../cdn.spesati.com/images/products/000130070/noberasco-pinoli-dal-mondo-60-g-01.png')">
            <div class="hover"></div>
            
            <div class="stickers"></div>
        </div>
    </a>
    <div>
        <h4><a href="../noberasco-pinoli-dal-mondo-60gr.html"><b>Noberasco Pinoli Dal Mondo 60Gr</b></a></h4>
        <p class="description">noberasco Pinoli dal mondo 60 g</p>
        <p class="right price"><b>7.69 €</b></p>
        <p class="right unitPrice">128.16 € per kg</p>
    </div>
    <div class="contButton">
    <a class="button bgRed white addToCart" href="#">Add</a>
</div>
</div><div class="left product prod28"
        data-name="Pistacchio Life Salvafr 250gr"
        data-price="7.68"
        data-id="66315"
        data-available="yes"
        data-category="433"
        data-bestselling="">
    <a href="../pistacchio-life-salvafr-250gr.html">
        <div style="background-image: url('../../cdn.spesati.com/images/products/000119922/life-pistacchi-tostati-e-salati-250-g-01.png')">
            <div class="hover"></div>
            
            <div class="stickers"></div>
        </div>
    </a>
    <div>
        <h4><a href="../pistacchio-life-salvafr-250gr.html"><b>Pistacchio Life Salvafr 250gr</b></a></h4>
        <p class="description">life Pistacchi Tostati e Salati 250 g</p>
        <p class="right price"><b>7.68 €</b></p>
        <p class="right unitPrice">30.71 € per kg</p>
    </div>
    <div class="contButton">
    <a class="button bgRed white addToCart" href="#">Add</a>
</div>
</div><div class="left product prod29"
        data-name="Le Bonta' Semi Sesamo Gr150"
        data-price="3.34"
        data-id="26687"
        data-available="yes"
        data-category="433"
        data-bestselling="">
    <a href="../le-bonta-semi-sesamo-gr150.html">
        <div style="background-image: url('../../cdn.spesati.com/images/products/000117593/nuova-terra-voglio-star-bene-semi-di-sesamo-150-g-01.png')">
            <div class="hover"></div>
            
            <div class="stickers"></div>
        </div>
    </a>
    <div>
        <h4><a href="../le-bonta-semi-sesamo-gr150.html"><b>Le Bonta' Semi Sesamo Gr150</b></a></h4>
        <p class="description">Nuova Terra voglio Star Bene Semi di Sesamo 150 g</p>
        <p class="right price"><b>3.34 €</b></p>
        <p class="right unitPrice">22.25 € per kg</p>
    </div>
    <div class="contButton">
    <a class="button bgRed white addToCart" href="#">Add</a>
</div>
</div><div class="left product prod30"
        data-name="Pinoli Life Bst 35gr"
        data-price="4.49"
        data-id="26327"
        data-available="yes"
        data-category="433"
        data-bestselling="">
    <a href="../pinoli-life-bst-35gr.html">
        <div style="background-image: url('../../cdn.spesati.com/images/products/000115705/life-pinoli-35-g-01.png')">
            <div class="hover"></div>
            
            <div class="stickers"></div>
        </div>
    </a>
    <div>
        <h4><a href="../pinoli-life-bst-35gr.html"><b>Pinoli Life Bst 35gr</b></a></h4>
        <p class="description">life Pinoli 35 g</p>
        <p class="right price"><b>4.49 €</b></p>
        <p class="right unitPrice">128.27 € per kg</p>
    </div>
    <div class="contButton">
    <a class="button bgRed white addToCart" href="#">Add</a>
</div>
</div><div class="left product prod31"
        data-name="Mandorle Pelate 250Gr"
        data-price="4.25"
        data-id="6678"
        data-available="yes"
        data-category="433"
        data-bestselling="">
    <a href="../mandorle-pelate-250gr.html">
        <div style="background-image: url('../../cdn.spesati.com/images/products/000115199/voglia-di-natura-mandorle-250-g-01.png')">
            <div class="hover"></div>
            
            <div class="stickers"></div>
        </div>
    </a>
    <div>
        <h4><a href="../mandorle-pelate-250gr.html"><b>Mandorle Pelate 250Gr</b></a></h4>
        <p class="description">Voglia di Natura Mandorle 250 g</p>
        <p class="right price"><b>4.25 €</b></p>
        <p class="right unitPrice">17.00 € per kg</p>
    </div>
    <div class="contButton">
    <a class="button bgRed white addToCart" href="#">Add</a>
</div>
</div><div class="left product prod32"
        data-name="Mandorle Sgusciate 250Gr"
        data-price="4.89"
        data-id="6685"
        data-available="yes"
        data-category="433"
        data-bestselling="">
    <a href="../mandorle-sgusciate-250gr.html">
        <div style="background-image: url('../../cdn.spesati.com/images/products/000115197/voglia-di-natura-mandorle-250-g-01.png')">
            <div class="hover"></div>
            
            <div class="stickers"></div>
        </div>
    </a>
    <div>
        <h4><a href="../mandorle-sgusciate-250gr.html"><b>Mandorle Sgusciate 250Gr</b></a></h4>
        <p class="description">Voglia di Natura Mandorle 250 g</p>
        <p class="right price"><b>4.89 €</b></p>
        <p class="right unitPrice">19.56 € per kg</p>
    </div>
    <div class="contButton">
    <a class="button bgRed white addToCart" href="#">Add</a>
</div>
</div><div class="left product prod33"
        data-name="Mandorle Macin. Pelate 1 Kg"
        data-price="10.50"
        data-id="26210"
        data-available="yes"
        data-category="433"
        data-bestselling="">
    <a href="../mandorle-macin-pelate-1-kg.html">
        <div style="background-image: url('../../cdn.spesati.com/images/products/000115187/aziende-campobasso-i-doni-del-mandorlo-mandorle-macinate-pelate-1000-g-01.png')">
            <div class="hover"></div>
            
            <div class="stickers"></div>
        </div>
    </a>
    <div>
        <h4><a href="../mandorle-macin-pelate-1-kg.html"><b>Mandorle Macin. Pelate 1 Kg</b></a></h4>
        <p class="description">Aziende Campobasso I doni del Mandorlo Mandorle Macinate Pelate 1000 g</p>
        <p class="right price"><b>10.50 €</b></p>
        <p class="right unitPrice">10.51 € per kg</p>
    </div>
    <div class="contButton">
    <a class="button bgRed white addToCart" href="#">Add</a>
</div>
</div><div class="left product prod34"
        data-name="Mandorle Bastoncini S.v. 1 Kg"
        data-price="12.50"
        data-id="26209"
        data-available="yes"
        data-category="433"
        data-bestselling="">
    <a href="../mandorle-bastoncini-sv-1-kg.html">
        <div style="background-image: url('../../cdn.spesati.com/images/products/000115186/aziende-campobasso-i-doni-del-mandorlo-bastoncini-di-mandorle-1000-g-01.png')">
            <div class="hover"></div>
            
            <div class="stickers"></div>
        </div>
    </a>
    <div>
        <h4><a href="../mandorle-bastoncini-sv-1-kg.html"><b>Mandorle Bastoncini S.v. 1 Kg</b></a></h4>
        <p class="description">Aziende Campobasso I doni del Mandorlo Bastoncini di Mandorle 1000 g</p>
        <p class="right price"><b>12.50 €</b></p>
        <p class="right unitPrice">12.50 € per kg</p>
    </div>
    <div class="contButton">
    <a class="button bgRed white addToCart" href="#">Add</a>
</div>
</div><div class="left product prod35"
        data-name="Mandorle Affettate Pelate 1 Kg"
        data-price="12.49"
        data-id="26207"
        data-available="yes"
        data-category="433"
        data-bestselling="">
    <a href="../mandorle-affettate-pelate-1-kg.html">
        <div style="background-image: url('../../cdn.spesati.com/images/products/000115184/aziende-campobasso-i-doni-del-mandorlo-mandorle-affettate-1000-g-01.png')">
            <div class="hover"></div>
            
            <div class="stickers"></div>
        </div>
    </a>
    <div>
        <h4><a href="../mandorle-affettate-pelate-1-kg.html"><b>Mandorle Affettate Pelate 1 Kg</b></a></h4>
        <p class="description">Aziende Campobasso I doni del Mandorlo Mandorle Affettate 1000 g</p>
        <p class="right price"><b>12.49 €</b></p>
        <p class="right unitPrice">12.49 € per kg</p>
    </div>
    <div class="contButton">
    <a class="button bgRed white addToCart" href="#">Add</a>
</div>
</div><div class="left product prod36"
        data-name="Mandorle Dolci Sgusciate Kg.1"
        data-price="9.39"
        data-id="26202"
        data-available="yes"
        data-category="433"
        data-bestselling="">
    <a href="../mandorle-dolci-sgusciate-kg1.html">
        <div style="background-image: url('../../cdn.spesati.com/images/products/000115175/campobasso-voglia-di-natura-mandorle-sgusciate-1000-g-01.png')">
            <div class="hover"></div>
            
            <div class="stickers"></div>
        </div>
    </a>
    <div>
        <h4><a href="../mandorle-dolci-sgusciate-kg1.html"><b>Mandorle Dolci Sgusciate Kg.1</b></a></h4>
        <p class="description">Campobasso Voglia di Natura Mandorle Sgusciate 1000 g</p>
        <p class="right price"><b>9.39 €</b></p>
        <p class="right unitPrice">9.39 € per kg</p>
    </div>
    <div class="contButton">
    <a class="button bgRed white addToCart" href="#">Add</a>
</div>
</div><div class="left product prod37"
        data-name="Cameo Arachidi Gr40 X 3"
        data-price="1.79"
        data-id="4386"
        data-available="yes"
        data-category="433"
        data-bestselling="">
    <a href="../cameo-arachidi-gr40-x-3.html">
        <div style="background-image: url('../../cdn.spesati.com/images/products/000114187/cameo-snack-friends-arachidi-3-x-40-g-01.png')">
            <div class="hover"></div>
            
            <div class="stickers"></div>
        </div>
    </a>
    <div>
        <h4><a href="../cameo-arachidi-gr40-x-3.html"><b>Cameo Arachidi Gr40 X 3</b></a></h4>
        <p class="description">cameo Snack Friends Arachidi 3 x 40 g</p>
        <p class="right price"><b>1.79 €</b></p>
        <p class="right unitPrice">14.92 € per kg</p>
    </div>
    <div class="contButton">
    <a class="button bgRed white addToCart" href="#">Add</a>
</div>
</div><div class="left product prod38"
        data-name="Cameo Arachidi 300Gr"
        data-price="2.79"
        data-id="5840"
        data-available="yes"
        data-category="433"
        data-bestselling="1">
    <a href="../cameo-arachidi-300gr.html">
        <div style="background-image: url('../../cdn.spesati.com/images/products/000114180/cameo-snack-friends-arachidi-300-g-01.png')">
            <div class="hover"></div>
            <p class="arrow bgRed white">Best Seller</p>
            <div class="stickers"></div>
        </div>
    </a>
    <div>
        <h4><a href="../cameo-arachidi-300gr.html"><b>Cameo Arachidi 300Gr</b></a></h4>
        <p class="description">cameo Snack Friends Arachidi 300 g</p>
        <p class="right price"><b>2.79 €</b></p>
        <p class="right unitPrice">9.30 € per kg</p>
    </div>
    <div class="contButton">
    <a class="button bgRed white addToCart" href="#">Add</a>
</div>
</div><div class="left product prod39"
        data-name="Prugne Sunsweet Den Ones 200Gr"
        data-price="4.99"
        data-id="6791"
        data-available="yes"
        data-category="6674"
        data-bestselling="">
    <a href="../prugne-sunsweet-den-ones-200gr.html">
        <div style="background-image: url('../../cdn.spesati.com/images/products/000114054/sunsweet-ones-una-ad-una-prugne-california-denocciolate-200-g-01.png')">
            <div class="hover"></div>
            
            <div class="stickers"></div>
        </div>
    </a>
    <div>
        <h4><a href="../prugne-sunsweet-den-ones-200gr.html"><b>Prugne Sunsweet Den Ones 200Gr</b></a></h4>
        <p class="description">Sunsweet Ones Una ad Una Prugne California Denocciolate 200 g</p>
        <p class="right price"><b>4.99 €</b></p>
        <p class="right unitPrice">24.95 € per kg</p>
    </div>
    <div class="contButton">
    <a class="button bgRed white addToCart" href="#">Add</a>
</div>
</div><div class="left product prod40"
        data-name="Prugne Sunsweet Denocciolate 250Gr"
        data-price="5.55"
        data-id="7233"
        data-available="yes"
        data-category="6674"
        data-bestselling="">
    <a href="../prugne-sunsweet-denocciolate-250gr.html">
        <div style="background-image: url('../../cdn.spesati.com/images/products/000114052/sunsweet-prugne-california-premium-denocciolate-250-g-01.png')">
            <div class="hover"></div>
            
            <div class="stickers"></div>
        </div>
    </a>
    <div>
        <h4><a href="../prugne-sunsweet-denocciolate-250gr.html"><b>Prugne Sunsweet Denocciolate 250Gr</b></a></h4>
        <p class="description">Sunsweet Prugne California Premium Denocciolate 250 g</p>
        <p class="right price"><b>5.55 €</b></p>
        <p class="right unitPrice">22.20 € per kg</p>
    </div>
    <div class="contButton">
    <a class="button bgRed white addToCart" href="#">Add</a>
</div>
</div><div class="left product prod41"
        data-name="Semi Di Lino D&a Cc750"
        data-price="7.32"
        data-id="25388"
        data-available="yes"
        data-category="433"
        data-bestselling="">
    <a href="../semi-di-lino-da-cc750.html">
        <div style="background-image: url('../../cdn.spesati.com/images/products/000108815/drogheria-alimentari-lino-semi-480-g-01.png')">
            <div class="hover"></div>
            
            <div class="stickers"></div>
        </div>
    </a>
    <div>
        <h4><a href="../semi-di-lino-da-cc750.html"><b>Semi Di Lino D&a Cc750</b></a></h4>
        <p class="description">Drogheria & Alimentari Lino semi 480 g</p>
        <p class="right price"><b>7.32 €</b></p>
        <p class="right unitPrice">15.25 € per kg</p>
    </div>
    <div class="contButton">
    <a class="button bgRed white addToCart" href="#">Add</a>
</div>
</div><div class="left product prod42"
        data-name="Arachidi Salate Cameo Latta"
        data-price="4.09"
        data-id="1897"
        data-available="yes"
        data-category="433"
        data-bestselling="">
    <a href="../arachidi-salate-cameo-latta.html">
        <div style="background-image: url('../../cdn.spesati.com/images/products/000108814/cameo-snack-friends-arachidi-200-g-01.png')">
            <div class="hover"></div>
            
            <div class="stickers"></div>
        </div>
    </a>
    <div>
        <h4><a href="../arachidi-salate-cameo-latta.html"><b>Arachidi Salate Cameo Latta</b></a></h4>
        <p class="description">cameo Snack Friends Arachidi 200 g</p>
        <p class="right price"><b>4.09 €</b></p>
        <p class="right unitPrice">20.45 € per kg</p>
    </div>
    <div class="contButton">
    <a class="button bgRed white addToCart" href="#">Add</a>
</div>
</div><div class="left product prod43"
        data-name="Nocciole Sgusciate 100gr"
        data-price="2.69"
        data-id="27267"
        data-available="yes"
        data-category="433"
        data-bestselling="">
    <a href="../nocciole-sgusciate-100gr.html">
        <div style="background-image: url('../../cdn.spesati.com/images/products/missing-image/missing-image.jpg')">
            <div class="hover"></div>
            
            <div class="stickers"></div>
        </div>
    </a>
    <div>
        <h4><a href="../nocciole-sgusciate-100gr.html"><b>Nocciole Sgusciate 100gr</b></a></h4>
        <p class="description">0.1 Kg</p>
        <p class="right price"><b>2.69 €</b></p>
        <p class="right unitPrice">26.90 € per kg</p>
    </div>
    <div class="contButton">
    <a class="button bgRed white addToCart" href="#">Add</a>
</div>
</div><div class="left product prod44"
        data-name="Nocciole Sgusciate 1kg"
        data-price="24.99"
        data-id="27268"
        data-available="yes"
        data-category="433"
        data-bestselling="">
    <a href="../nocciole-sgusciate-1kg.html">
        <div style="background-image: url('../../cdn.spesati.com/images/products/missing-image/missing-image.jpg')">
            <div class="hover"></div>
            
            <div class="stickers"></div>
        </div>
    </a>
    <div>
        <h4><a href="../nocciole-sgusciate-1kg.html"><b>Nocciole Sgusciate 1kg</b></a></h4>
        <p class="description">1 Kg</p>
        <p class="right price"><b>24.99 €</b></p>
        <p class="right unitPrice">24.99 € per kg</p>
    </div>
    <div class="contButton">
    <a class="button bgRed white addToCart" href="#">Add</a>
</div>
</div><div class="left product prod45"
        data-name="Noci California Sfuse 10kg"
        data-price="49.90"
        data-id="27269"
        data-available="yes"
        data-category="433"
        data-bestselling="">
    <a href="../noci-california-sfuse-10kg.html">
        <div style="background-image: url('../../cdn.spesati.com/images/products/missing-image/missing-image.jpg')">
            <div class="hover"></div>
            
            <div class="stickers"></div>
        </div>
    </a>
    <div>
        <h4><a href="../noci-california-sfuse-10kg.html"><b>Noci California Sfuse 10kg</b></a></h4>
        <p class="description">medium weight 10 Kg</p>
        <p class="right price"><b>49.90 €</b></p>
        <p class="right unitPrice">4.99 € per kg</p>
    </div>
    <div class="contButton">
    <a class="button bgRed white addToCart" href="#">Add</a>
</div>
</div><div class="left product prod46"
        data-name="Pinoli Fresco Secco 1kg"
        data-price="75.58"
        data-id="27270"
        data-available="yes"
        data-category="433"
        data-bestselling="">
    <a href="../pinoli-fresco-secco-1kg.html">
        <div style="background-image: url('../../cdn.spesati.com/images/products/missing-image/missing-image.jpg')">
            <div class="hover"></div>
            
            <div class="stickers"></div>
        </div>
    </a>
    <div>
        <h4><a href="../pinoli-fresco-secco-1kg.html"><b>Pinoli Fresco Secco 1kg</b></a></h4>
        <p class="description">1 Kg</p>
        <p class="right price"><b>75.58 €</b></p>
        <p class="right unitPrice">75.58 € per kg</p>
    </div>
    <div class="contButton">
    <a class="button bgRed white addToCart" href="#">Add</a>
</div>
</div><div class="left product prod47"
        data-name="Pistacchio Tostato 125gr"
        data-price="2.65"
        data-id="27271"
        data-available="yes"
        data-category="433"
        data-bestselling="">
    <a href="../pistacchio-tostato-125gr.html">
        <div style="background-image: url('../../cdn.spesati.com/images/products/missing-image/missing-image.jpg')">
            <div class="hover"></div>
            
            <div class="stickers"></div>
        </div>
    </a>
    <div>
        <h4><a href="../pistacchio-tostato-125gr.html"><b>Pistacchio Tostato 125gr</b></a></h4>
        <p class="description">0.13 Kg</p>
        <p class="right price"><b>2.65 €</b></p>
        <p class="right unitPrice">21.20 € per kg</p>
    </div>
    <div class="contButton">
    <a class="button bgRed white addToCart" href="#">Add</a>
</div>
</div><div class="left product prod48"
        data-name="Semi Di Zucca 250gr"
        data-price="3.13"
        data-id="27273"
        data-available="yes"
        data-category="433"
        data-bestselling="">
    <a href="../semi-di-zucca-250gr.html">
        <div style="background-image: url('../../cdn.spesati.com/images/products/missing-image/missing-image.jpg')">
            <div class="hover"></div>
            
            <div class="stickers"></div>
        </div>
    </a>
    <div>
        <h4><a href="../semi-di-zucca-250gr.html"><b>Semi Di Zucca 250gr</b></a></h4>
        <p class="description">0.25 Kg</p>
        <p class="right price"><b>3.13 €</b></p>
        <p class="right unitPrice">12.53 € per kg</p>
    </div>
    <div class="contButton">
    <a class="button bgRed white addToCart" href="#">Add</a>
</div>
</div><div class="left product prod49"
        data-name="Granella Nocciole 100grx20pz"
        data-price="1.99"
        data-id="27276"
        data-available="yes"
        data-category="433"
        data-bestselling="">
    <a href="../granella-nocciole-100grx20pz.html">
        <div style="background-image: url('../../cdn.spesati.com/images/products/missing-image/missing-image.jpg')">
            <div class="hover"></div>
            
            <div class="stickers"></div>
        </div>
    </a>
    <div>
        <h4><a href="../granella-nocciole-100grx20pz.html"><b>Granella Nocciole 100grx20pz</b></a></h4>
        <p class="description">0.1 Kg</p>
        <p class="right price"><b>1.99 €</b></p>
        <p class="right unitPrice">19.90 € per kg</p>
    </div>
    <div class="contButton">
    <a class="button bgRed white addToCart" href="#">Add</a>
</div>
</div><div class="left product prod50"
        data-name="Noci Con Guscio 500gr"
        data-price="5.13"
        data-id="27295"
        data-available="yes"
        data-category="433"
        data-bestselling="">
    <a href="../noci-con-guscio-500gr.html">
        <div style="background-image: url('../../cdn.spesati.com/images/products/missing-image/missing-image.jpg')">
            <div class="hover"></div>
            
            <div class="stickers"></div>
        </div>
    </a>
    <div>
        <h4><a href="../noci-con-guscio-500gr.html"><b>Noci Con Guscio 500gr</b></a></h4>
        <p class="description">0.5 Kg</p>
        <p class="right price"><b>5.13 €</b></p>
        <p class="right unitPrice">10.26 € per kg</p>
    </div>
    <div class="contButton">
    <a class="button bgRed white addToCart" href="#">Add</a>
</div>
</div><div class="left product prod51"
        data-name="Nocciole Tostate 500 Gr"
        data-price="4.89"
        data-id="23118"
        data-available="yes"
        data-category="433"
        data-bestselling="">
    <a href="../nocciole-tostate-500-gr.html">
        <div style="background-image: url('../../cdn.spesati.com/images/products/missing-image/missing-image.jpg')">
            <div class="hover"></div>
            
            <div class="stickers"></div>
        </div>
    </a>
    <div>
        <h4><a href="../nocciole-tostate-500-gr.html"><b>Nocciole Tostate 500 Gr</b></a></h4>
        <p class="description">0.5 Kg</p>
        <p class="right price"><b>4.89 €</b></p>
        <p class="right unitPrice">9.78 € per kg</p>
    </div>
    <div class="contButton">
    <a class="button bgRed white addToCart" href="#">Add</a>
</div>
</div><div class="left product prod52"
        data-name="Noci Sgusciate 200 Gr"
        data-price="2.69"
        data-id="23121"
        data-available="yes"
        data-category="433"
        data-bestselling="1">
    <a href="../noci-sgusciate-200-gr.html">
        <div style="background-image: url('../../cdn.spesati.com/images/products/missing-image/missing-image.jpg')">
            <div class="hover"></div>
            <p class="arrow bgRed white">Best Seller</p>
            <div class="stickers"></div>
        </div>
    </a>
    <div>
        <h4><a href="../noci-sgusciate-200-gr.html"><b>Noci Sgusciate 200 Gr</b></a></h4>
        <p class="description">0.2 Kg</p>
        <p class="right price"><b>2.69 €</b></p>
        <p class="right unitPrice">13.46 € per kg</p>
    </div>
    <div class="contButton">
    <a class="button bgRed white addToCart" href="#">Add</a>
</div>
</div><div class="left product prod53"
        data-name="Anice Semi Drogheria Alim Kg1"
        data-price="16.56"
        data-id="25415"
        data-available="yes"
        data-category="433"
        data-bestselling="">
    <a href="../anice-semi-drogheria-alim-kg1.html">
        <div style="background-image: url('../../cdn.spesati.com/images/products/missing-image/missing-image.jpg')">
            <div class="hover"></div>
            
            <div class="stickers"></div>
        </div>
    </a>
    <div>
        <h4><a href="../anice-semi-drogheria-alim-kg1.html"><b>Anice Semi Drogheria Alim Kg1</b></a></h4>
        <p class="description">1 Kg</p>
        <p class="right price"><b>16.56 €</b></p>
        <p class="right unitPrice">16.56 € per kg</p>
    </div>
    <div class="contButton">
    <a class="button bgRed white addToCart" href="#">Add</a>
</div>
</div><div class="left product prod54"
        data-name="Noci California 500gr"
        data-price="2.89"
        data-id="27313"
        data-available="yes"
        data-category="433"
        data-bestselling="">
    <a href="../noci-california-500gr.html">
        <div style="background-image: url('../../cdn.spesati.com/images/products/missing-image/missing-image.jpg')">
            <div class="hover"></div>
            
            <div class="stickers"></div>
        </div>
    </a>
    <div>
        <h4><a href="../noci-california-500gr.html"><b>Noci California 500gr</b></a></h4>
        <p class="description">0.5 Kg</p>
        <p class="right price"><b>2.89 €</b></p>
        <p class="right unitPrice">5.78 € per kg</p>
    </div>
    <div class="contButton">
    <a class="button bgRed white addToCart" href="#">Add</a>
</div>
</div><div class="left product prod55"
        data-name="Nocciole Tostate Pelate 750 Gr"
        data-price="22.26"
        data-id="26137"
        data-available="yes"
        data-category="433"
        data-bestselling="">
    <a href="../nocciole-tostate-pelate-750-gr.html">
        <div style="background-image: url('../../cdn.spesati.com/images/products/missing-image/missing-image.jpg')">
            <div class="hover"></div>
            
            <div class="stickers"></div>
        </div>
    </a>
    <div>
        <h4><a href="../nocciole-tostate-pelate-750-gr.html"><b>Nocciole Tostate Pelate 750 Gr</b></a></h4>
        <p class="description">0.75 Kg</p>
        <p class="right price"><b>22.26 €</b></p>
        <p class="right unitPrice">29.68 € per kg</p>
    </div>
    <div class="contButton">
    <a class="button bgRed white addToCart" href="#">Add</a>
</div>
</div><div class="left product prod56"
        data-name="Mezze Noci Sgusciate 500 Gr"
        data-price="13.52"
        data-id="26138"
        data-available="yes"
        data-category="433"
        data-bestselling="">
    <a href="../mezze-noci-sgusciate-500-gr.html">
        <div style="background-image: url('../../cdn.spesati.com/images/products/missing-image/missing-image.jpg')">
            <div class="hover"></div>
            
            <div class="stickers"></div>
        </div>
    </a>
    <div>
        <h4><a href="../mezze-noci-sgusciate-500-gr.html"><b>Mezze Noci Sgusciate 500 Gr</b></a></h4>
        <p class="description">0.5 Kg</p>
        <p class="right price"><b>13.52 €</b></p>
        <p class="right unitPrice">27.04 € per kg</p>
    </div>
    <div class="contButton">
    <a class="button bgRed white addToCart" href="#">Add</a>
</div>
</div><div class="left product prod57"
        data-name="Mandorle Sgusciate Dolci 3kg"
        data-price="41.49"
        data-id="26155"
        data-available="yes"
        data-category="499906"
        data-bestselling="">
    <a href="../mandorle-sgusciate-dolci-3kg.html">
        <div style="background-image: url('../../cdn.spesati.com/images/products/missing-image/missing-image.jpg')">
            <div class="hover"></div>
            
            <div class="stickers"></div>
        </div>
    </a>
    <div>
        <h4><a href="../mandorle-sgusciate-dolci-3kg.html"><b>Mandorle Sgusciate Dolci 3kg</b></a></h4>
        <p class="description">3 Kg</p>
        <p class="right price"><b>41.49 €</b></p>
        <p class="right unitPrice">13.83 € per kg</p>
    </div>
    <div class="contButton">
    <a class="button bgRed white addToCart" href="#">Add</a>
</div>
</div><div class="left product prod58"
        data-name="Mandorle Pelate Dolci 3kg"
        data-price="47.42"
        data-id="26156"
        data-available="yes"
        data-category="499906"
        data-bestselling="">
    <a href="../mandorle-pelate-dolci-3kg.html">
        <div style="background-image: url('../../cdn.spesati.com/images/products/missing-image/missing-image.jpg')">
            <div class="hover"></div>
            
            <div class="stickers"></div>
        </div>
    </a>
    <div>
        <h4><a href="../mandorle-pelate-dolci-3kg.html"><b>Mandorle Pelate Dolci 3kg</b></a></h4>
        <p class="description">3 Kg</p>
        <p class="right price"><b>47.42 €</b></p>
        <p class="right unitPrice">15.81 € per kg</p>
    </div>
    <div class="contButton">
    <a class="button bgRed white addToCart" href="#">Add</a>
</div>
</div><div class="left product prod59"
        data-name="Noci Chandler Sgusc Quarti 1kg"
        data-price="14.99"
        data-id="27490"
        data-available="yes"
        data-category="433"
        data-bestselling="">
    <a href="../noci-chandler-sgusc-quarti-1kg.html">
        <div style="background-image: url('../../cdn.spesati.com/images/products/missing-image/missing-image.jpg')">
            <div class="hover"></div>
            
            <div class="stickers"></div>
        </div>
    </a>
    <div>
        <h4><a href="../noci-chandler-sgusc-quarti-1kg.html"><b>Noci Chandler Sgusc Quarti 1kg</b></a></h4>
        <p class="description">1 Kg</p>
        <p class="right price"><b>14.99 €</b></p>
        <p class="right unitPrice">14.99 € per kg</p>
    </div>
    <div class="contButton">
    <a class="button bgRed white addToCart" href="#">Add</a>
</div>
</div><div class="left product prod60"
        data-name="Anacardi Tost. Secchiello 1,2k"
        data-price="32.92"
        data-id="26175"
        data-available="yes"
        data-category="6626"
        data-bestselling="">
    <a href="../anacardi-tost-secchiello-12k.html">
        <div style="background-image: url('../../cdn.spesati.com/images/products/missing-image/missing-image.jpg')">
            <div class="hover"></div>
            
            <div class="stickers"></div>
        </div>
    </a>
    <div>
        <h4><a href="../anacardi-tost-secchiello-12k.html"><b>Anacardi Tost. Secchiello 1,2k</b></a></h4>
        <p class="description">1.2 Kg</p>
        <p class="right price"><b>32.92 €</b></p>
        <p class="right unitPrice">27.43 € per kg</p>
    </div>
    <div class="contButton">
    <a class="button bgRed white addToCart" href="#">Add</a>
</div>
</div><div class="left product prod61"
        data-name="Mandorle Dolci Sarde Sgus 250g"
        data-price="7.15"
        data-id="27491"
        data-available="yes"
        data-category="433"
        data-bestselling="">
    <a href="../mandorle-dolci-sarde-sgus-250g.html">
        <div style="background-image: url('../../cdn.spesati.com/images/products/missing-image/missing-image.jpg')">
            <div class="hover"></div>
            
            <div class="stickers"></div>
        </div>
    </a>
    <div>
        <h4><a href="../mandorle-dolci-sarde-sgus-250g.html"><b>Mandorle Dolci Sarde Sgus 250g</b></a></h4>
        <p class="description">0.25 Kg</p>
        <p class="right price"><b>7.15 €</b></p>
        <p class="right unitPrice">28.60 € per kg</p>
    </div>
    <div class="contButton">
    <a class="button bgRed white addToCart" href="#">Add</a>
</div>
</div><div class="left product prod62"
        data-name="Pistacchi Salati 800gr Secchie"
        data-price="24.61"
        data-id="26176"
        data-available="yes"
        data-category="6626"
        data-bestselling="">
    <a href="../pistacchi-salati-800gr-secchie.html">
        <div style="background-image: url('../../cdn.spesati.com/images/products/missing-image/missing-image.jpg')">
            <div class="hover"></div>
            
            <div class="stickers"></div>
        </div>
    </a>
    <div>
        <h4><a href="../pistacchi-salati-800gr-secchie.html"><b>Pistacchi Salati 800gr Secchie</b></a></h4>
        <p class="description">0.8 Kg</p>
        <p class="right price"><b>24.61 €</b></p>
        <p class="right unitPrice">30.76 € per kg</p>
    </div>
    <div class="contButton">
    <a class="button bgRed white addToCart" href="#">Add</a>
</div>
</div><div class="left product prod63"
        data-name="Mandorle Dolci Sarde Sgus 500g"
        data-price="11.89"
        data-id="27492"
        data-available="yes"
        data-category="433"
        data-bestselling="">
    <a href="../mandorle-dolci-sarde-sgus-500g.html">
        <div style="background-image: url('../../cdn.spesati.com/images/products/missing-image/missing-image.jpg')">
            <div class="hover"></div>
            
            <div class="stickers"></div>
        </div>
    </a>
    <div>
        <h4><a href="../mandorle-dolci-sarde-sgus-500g.html"><b>Mandorle Dolci Sarde Sgus 500g</b></a></h4>
        <p class="description">0.5 Kg</p>
        <p class="right price"><b>11.89 €</b></p>
        <p class="right unitPrice">23.78 € per kg</p>
    </div>
    <div class="contButton">
    <a class="button bgRed white addToCart" href="#">Add</a>
</div>
</div><div class="left product prod64"
        data-name="Arachidi Salate 3250gr Secchie"
        data-price="26.65"
        data-id="26178"
        data-available="yes"
        data-category="6626"
        data-bestselling="">
    <a href="../arachidi-salate-3250gr-secchie.html">
        <div style="background-image: url('../../cdn.spesati.com/images/products/missing-image/missing-image.jpg')">
            <div class="hover"></div>
            
            <div class="stickers"></div>
        </div>
    </a>
    <div>
        <h4><a href="../arachidi-salate-3250gr-secchie.html"><b>Arachidi Salate 3250gr Secchie</b></a></h4>
        <p class="description">3.25 Kg</p>
        <p class="right price"><b>26.65 €</b></p>
        <p class="right unitPrice">8.20 € per kg</p>
    </div>
    <div class="contButton">
    <a class="button bgRed white addToCart" href="#">Add</a>
</div>
</div><div class="left product prod65"
        data-name="Noci Brasiliane 400gr"
        data-price="6.05"
        data-id="27523"
        data-available="yes"
        data-category="433"
        data-bestselling="">
    <a href="../noci-brasiliane-400gr.html">
        <div style="background-image: url('../../cdn.spesati.com/images/products/missing-image/missing-image.jpg')">
            <div class="hover"></div>
            
            <div class="stickers"></div>
        </div>
    </a>
    <div>
        <h4><a href="../noci-brasiliane-400gr.html"><b>Noci Brasiliane 400gr</b></a></h4>
        <p class="description">0.4 Kg</p>
        <p class="right price"><b>6.05 €</b></p>
        <p class="right unitPrice">15.12 € per kg</p>
    </div>
    <div class="contButton">
    <a class="button bgRed white addToCart" href="#">Add</a>
</div>
</div><div class="left product prod66"
        data-name="Mandorle Amare Sgusciate 1 Kg"
        data-price="12.00"
        data-id="26199"
        data-available="yes"
        data-category="433"
        data-bestselling="">
    <a href="../mandorle-amare-sgusciate-1-kg.html">
        <div style="background-image: url('../../cdn.spesati.com/images/products/missing-image/missing-image.jpg')">
            <div class="hover"></div>
            
            <div class="stickers"></div>
        </div>
    </a>
    <div>
        <h4><a href="../mandorle-amare-sgusciate-1-kg.html"><b>Mandorle Amare Sgusciate 1 Kg</b></a></h4>
        <p class="description">1 Kg</p>
        <p class="right price"><b>12.00 €</b></p>
        <p class="right unitPrice">12.00 € per kg</p>
    </div>
    <div class="contButton">
    <a class="button bgRed white addToCart" href="#">Add</a>
</div>
</div><div class="left product prod67"
        data-name="Pistacchio Tostato 1kg"
        data-price="23.51"
        data-id="27524"
        data-available="yes"
        data-category="433"
        data-bestselling="">
    <a href="../pistacchio-tostato-1kg.html">
        <div style="background-image: url('../../cdn.spesati.com/images/products/missing-image/missing-image.jpg')">
            <div class="hover"></div>
            
            <div class="stickers"></div>
        </div>
    </a>
    <div>
        <h4><a href="../pistacchio-tostato-1kg.html"><b>Pistacchio Tostato 1kg</b></a></h4>
        <p class="description">1 Kg</p>
        <p class="right price"><b>23.51 €</b></p>
        <p class="right unitPrice">23.51 € per kg</p>
    </div>
    <div class="contButton">
    <a class="button bgRed white addToCart" href="#">Add</a>
</div>
</div><div class="left product prod68"
        data-name="Mandorle Amare Pelate 5kg"
        data-price="69.02"
        data-id="26200"
        data-available="yes"
        data-category="433"
        data-bestselling="">
    <a href="../mandorle-amare-pelate-5kg.html">
        <div style="background-image: url('../../cdn.spesati.com/images/products/missing-image/missing-image.jpg')">
            <div class="hover"></div>
            
            <div class="stickers"></div>
        </div>
    </a>
    <div>
        <h4><a href="../mandorle-amare-pelate-5kg.html"><b>Mandorle Amare Pelate 5kg</b></a></h4>
        <p class="description">5 Kg</p>
        <p class="right price"><b>69.02 €</b></p>
        <p class="right unitPrice">13.80 € per kg</p>
    </div>
    <div class="contButton">
    <a class="button bgRed white addToCart" href="#">Add</a>
</div>
</div><div class="left product prod69"
        data-name="Mandorle Amare Pelate Kg.1"
        data-price="14.41"
        data-id="26201"
        data-available="yes"
        data-category="433"
        data-bestselling="">
    <a href="../mandorle-amare-pelate-kg1.html">
        <div style="background-image: url('../../cdn.spesati.com/images/products/missing-image/missing-image.jpg')">
            <div class="hover"></div>
            
            <div class="stickers"></div>
        </div>
    </a>
    <div>
        <h4><a href="../mandorle-amare-pelate-kg1.html"><b>Mandorle Amare Pelate Kg.1</b></a></h4>
        <p class="description">1 Kg</p>
        <p class="right price"><b>14.41 €</b></p>
        <p class="right unitPrice">14.40 € per kg</p>
    </div>
    <div class="contButton">
    <a class="button bgRed white addToCart" href="#">Add</a>
</div>
</div><div class="left product prod70"
        data-name="Mandorle Pelate Dolci Cal 5kg"
        data-price="62.97"
        data-id="26204"
        data-available="yes"
        data-category="433"
        data-bestselling="">
    <a href="../mandorle-pelate-dolci-cal-5kg.html">
        <div style="background-image: url('../../cdn.spesati.com/images/products/missing-image/missing-image.jpg')">
            <div class="hover"></div>
            
            <div class="stickers"></div>
        </div>
    </a>
    <div>
        <h4><a href="../mandorle-pelate-dolci-cal-5kg.html"><b>Mandorle Pelate Dolci Cal 5kg</b></a></h4>
        <p class="description">5 Kg</p>
        <p class="right price"><b>62.97 €</b></p>
        <p class="right unitPrice">12.59 € per kg</p>
    </div>
    <div class="contButton">
    <a class="button bgRed white addToCart" href="#">Add</a>
</div>
</div><div class="left product prod71"
        data-name="Mandorle Pelate Dolci 5kg"
        data-price="61.47"
        data-id="26206"
        data-available="yes"
        data-category="433"
        data-bestselling="">
    <a href="../mandorle-pelate-dolci-5kg.html">
        <div style="background-image: url('../../cdn.spesati.com/images/products/missing-image/missing-image.jpg')">
            <div class="hover"></div>
            
            <div class="stickers"></div>
        </div>
    </a>
    <div>
        <h4><a href="../mandorle-pelate-dolci-5kg.html"><b>Mandorle Pelate Dolci 5kg</b></a></h4>
        <p class="description">5 Kg</p>
        <p class="right price"><b>61.47 €</b></p>
        <p class="right unitPrice">12.29 € per kg</p>
    </div>
    <div class="contButton">
    <a class="button bgRed white addToCart" href="#">Add</a>
</div>
</div><div class="left product prod72"
        data-name="Mandorle Pelate 1 Kg"
        data-price="9.85"
        data-id="26208"
        data-available="yes"
        data-category="433"
        data-bestselling="">
    <a href="../mandorle-pelate-1-kg.html">
        <div style="background-image: url('../../cdn.spesati.com/images/products/missing-image/missing-image.jpg')">
            <div class="hover"></div>
            
            <div class="stickers"></div>
        </div>
    </a>
    <div>
        <h4><a href="../mandorle-pelate-1-kg.html"><b>Mandorle Pelate 1 Kg</b></a></h4>
        <p class="description">1 Kg</p>
        <p class="right price"><b>9.85 €</b></p>
        <p class="right unitPrice">9.85 € per kg</p>
    </div>
    <div class="contButton">
    <a class="button bgRed white addToCart" href="#">Add</a>
</div>
</div><div class="left product prod73"
        data-name="Banana Chips Dattilo 100g"
        data-price="2.52"
        data-id="67410"
        data-available="yes"
        data-category="6574"
        data-bestselling="">
    <a href="../banana-chips-dattilo-100g.html">
        <div style="background-image: url('../../cdn.spesati.com/images/products/missing-image/missing-image.jpg')">
            <div class="hover"></div>
            
            <div class="stickers"></div>
        </div>
    </a>
    <div>
        <h4><a href="../banana-chips-dattilo-100g.html"><b>Banana Chips Dattilo 100g</b></a></h4>
        <p class="description">0.1 Kg</p>
        <p class="right price"><b>2.52 €</b></p>
        <p class="right unitPrice">25.25 € per kg</p>
    </div>
    <div class="contButton">
    <a class="button bgRed white addToCart" href="#">Add</a>
</div>
</div><div class="left product prod74"
        data-name="Cocco Dattilo A Cubetti 150g"
        data-price="3.23"
        data-id="67413"
        data-available="yes"
        data-category="499906"
        data-bestselling="">
    <a href="../cocco-dattilo-a-cubetti-150g.html">
        <div style="background-image: url('../../cdn.spesati.com/images/products/missing-image/missing-image.jpg')">
            <div class="hover"></div>
            
            <div class="stickers"></div>
        </div>
    </a>
    <div>
        <h4><a href="../cocco-dattilo-a-cubetti-150g.html"><b>Cocco Dattilo A Cubetti 150g</b></a></h4>
        <p class="description">0.15 Kg</p>
        <p class="right price"><b>3.23 €</b></p>
        <p class="right unitPrice">21.51 € per kg</p>
    </div>
    <div class="contButton">
    <a class="button bgRed white addToCart" href="#">Add</a>
</div>
</div><div class="left product prod75"
        data-name="Mandorle Sgusciate Dolci 5kg"
        data-price="58.53"
        data-id="26211"
        data-available="yes"
        data-category="433"
        data-bestselling="">
    <a href="../mandorle-sgusciate-dolci-5kg.html">
        <div style="background-image: url('../../cdn.spesati.com/images/products/missing-image/missing-image.jpg')">
            <div class="hover"></div>
            
            <div class="stickers"></div>
        </div>
    </a>
    <div>
        <h4><a href="../mandorle-sgusciate-dolci-5kg.html"><b>Mandorle Sgusciate Dolci 5kg</b></a></h4>
        <p class="description">5 Kg</p>
        <p class="right price"><b>58.53 €</b></p>
        <p class="right unitPrice">11.71 € per kg</p>
    </div>
    <div class="contButton">
    <a class="button bgRed white addToCart" href="#">Add</a>
</div>
</div><div class="left product prod76"
        data-name="Mandorle Amare Sgusciate 250gr"
        data-price="3.60"
        data-id="26212"
        data-available="yes"
        data-category="433"
        data-bestselling="">
    <a href="../mandorle-amare-sgusciate-250gr.html">
        <div style="background-image: url('../../cdn.spesati.com/images/products/missing-image/missing-image.jpg')">
            <div class="hover"></div>
            
            <div class="stickers"></div>
        </div>
    </a>
    <div>
        <h4><a href="../mandorle-amare-sgusciate-250gr.html"><b>Mandorle Amare Sgusciate 250gr</b></a></h4>
        <p class="description">0.25 Kg</p>
        <p class="right price"><b>3.60 €</b></p>
        <p class="right unitPrice">14.40 € per kg</p>
    </div>
    <div class="contButton">
    <a class="button bgRed white addToCart" href="#">Add</a>
</div>
</div><div class="left product prod77"
        data-name="Frutti Di Bosco Greci Kg 1"
        data-price="19.73"
        data-id="26241"
        data-available="yes"
        data-category="6582"
        data-bestselling="">
    <a href="../frutti-di-bosco-greci-kg-1.html">
        <div style="background-image: url('../../cdn.spesati.com/images/products/missing-image/missing-image.jpg')">
            <div class="hover"></div>
            
            <div class="stickers"></div>
        </div>
    </a>
    <div>
        <h4><a href="../frutti-di-bosco-greci-kg-1.html"><b>Frutti Di Bosco Greci Kg 1</b></a></h4>
        <p class="description">0.82 Kg</p>
        <p class="right price"><b>19.73 €</b></p>
        <p class="right unitPrice">19.72 € per kg</p>
    </div>
    <div class="contButton">
    <a class="button bgRed white addToCart" href="#">Add</a>
</div>
</div><div class="left product prod78"
        data-name="Mandorle Sgusc Dolci Calif Kg5"
        data-price="61.57"
        data-id="26288"
        data-available="yes"
        data-category="433"
        data-bestselling="">
    <a href="../mandorle-sgusc-dolci-calif-kg5.html">
        <div style="background-image: url('../../cdn.spesati.com/images/products/missing-image/missing-image.jpg')">
            <div class="hover"></div>
            
            <div class="stickers"></div>
        </div>
    </a>
    <div>
        <h4><a href="../mandorle-sgusc-dolci-calif-kg5.html"><b>Mandorle Sgusc Dolci Calif Kg5</b></a></h4>
        <p class="description">5 Kg</p>
        <p class="right price"><b>61.57 €</b></p>
        <p class="right unitPrice">12.31 € per kg</p>
    </div>
    <div class="contButton">
    <a class="button bgRed white addToCart" href="#">Add</a>
</div>
</div><div class="left product prod79"
        data-name="Albicocca Disidratata Bst 1kg"
        data-price="16.15"
        data-id="26791"
        data-available="yes"
        data-category="6567"
        data-bestselling="">
    <a href="../albicocca-disidratata-bst-1kg.html">
        <div style="background-image: url('../../cdn.spesati.com/images/products/missing-image/missing-image.jpg')">
            <div class="hover"></div>
            
            <div class="stickers"></div>
        </div>
    </a>
    <div>
        <h4><a href="../albicocca-disidratata-bst-1kg.html"><b>Albicocca Disidratata Bst 1kg</b></a></h4>
        <p class="description">1 Kg</p>
        <p class="right price"><b>16.15 €</b></p>
        <p class="right unitPrice">16.15 € per kg</p>
    </div>
    <div class="contButton">
    <a class="button bgRed white addToCart" href="#">Add</a>
</div>
</div><div class="left product prod80"
        data-name="Misto Esotico Disidrato Bs 1kg"
        data-price="11.69"
        data-id="26793"
        data-available="yes"
        data-category="499906"
        data-bestselling="">
    <a href="../misto-esotico-disidrato-bs-1kg.html">
        <div style="background-image: url('../../cdn.spesati.com/images/products/missing-image/missing-image.jpg')">
            <div class="hover"></div>
            
            <div class="stickers"></div>
        </div>
    </a>
    <div>
        <h4><a href="../misto-esotico-disidrato-bs-1kg.html"><b>Misto Esotico Disidrato Bs 1kg</b></a></h4>
        <p class="description">1 Kg</p>
        <p class="right price"><b>11.69 €</b></p>
        <p class="right unitPrice">11.69 € per kg</p>
    </div>
    <div class="contButton">
    <a class="button bgRed white addToCart" href="#">Add</a>
</div>
</div><div class="left product prod81"
        data-name="Misto Vitalita' Bio Nobe 40 Gr"
        data-price="1.49"
        data-id="27220"
        data-available="yes"
        data-category="499906"
        data-bestselling="">
    <a href="../misto-vitalita-bio-nobe-40-gr.html">
        <div style="background-image: url('../../cdn.spesati.com/images/products/missing-image/missing-image.jpg')">
            <div class="hover"></div>
            
            <div class="stickers"></div>
        </div>
    </a>
    <div>
        <h4><a href="../misto-vitalita-bio-nobe-40-gr.html"><b>Misto Vitalita' Bio Nobe 40 Gr</b></a></h4>
        <p class="description">0.04 Kg</p>
        <p class="right price"><b>1.49 €</b></p>
        <p class="right unitPrice">37.27 € per kg</p>
    </div>
    <div class="contButton">
    <a class="button bgRed white addToCart" href="#">Add</a>
</div>
</div><div class="left product prod82"
        data-name="Misto Equilibrio Bio Nob 40 Gr"
        data-price="1.49"
        data-id="27221"
        data-available="yes"
        data-category="499906"
        data-bestselling="">
    <a href="../misto-equilibrio-bio-nob-40-gr.html">
        <div style="background-image: url('../../cdn.spesati.com/images/products/missing-image/missing-image.jpg')">
            <div class="hover"></div>
            
            <div class="stickers"></div>
        </div>
    </a>
    <div>
        <h4><a href="../misto-equilibrio-bio-nob-40-gr.html"><b>Misto Equilibrio Bio Nob 40 Gr</b></a></h4>
        <p class="description">0.04 Kg</p>
        <p class="right price"><b>1.49 €</b></p>
        <p class="right unitPrice">37.26 € per kg</p>
    </div>
    <div class="contButton">
    <a class="button bgRed white addToCart" href="#">Add</a>
</div>
</div><div class="left product prod83"
        data-name="Arachidi Tostate Sacco 5kg"
        data-price="32.92"
        data-id="27236"
        data-available="yes"
        data-category="433"
        data-bestselling="">
    <a href="../arachidi-tostate-sacco-5kg.html">
        <div style="background-image: url('../../cdn.spesati.com/images/products/missing-image/missing-image.jpg')">
            <div class="hover"></div>
            
            <div class="stickers"></div>
        </div>
    </a>
    <div>
        <h4><a href="../arachidi-tostate-sacco-5kg.html"><b>Arachidi Tostate Sacco 5kg</b></a></h4>
        <p class="description">5 Kg</p>
        <p class="right price"><b>32.92 €</b></p>
        <p class="right unitPrice">6.58 € per kg</p>
    </div>
    <div class="contButton">
    <a class="button bgRed white addToCart" href="#">Add</a>
</div>
</div><div class="left product prod84"
        data-name="Datteri Auriemma Deglet 200gr"
        data-price="1.05"
        data-id="27238"
        data-available="yes"
        data-category="6812"
        data-bestselling="">
    <a href="../datteri-auriemma-deglet-200gr.html">
        <div style="background-image: url('../../cdn.spesati.com/images/products/missing-image/missing-image.jpg')">
            <div class="hover"></div>
            
            <div class="stickers"></div>
        </div>
    </a>
    <div>
        <h4><a href="../datteri-auriemma-deglet-200gr.html"><b>Datteri Auriemma Deglet 200gr</b></a></h4>
        <p class="description">0.2 Kg</p>
        <p class="right price"><b>1.05 €</b></p>
        <p class="right unitPrice">5.25 € per kg</p>
    </div>
    <div class="contButton">
    <a class="button bgRed white addToCart" href="#">Add</a>
</div>
</div><div class="left product prod85"
        data-name="Datteri Auriemma Bouquets 500g"
        data-price="3.79"
        data-id="27239"
        data-available="yes"
        data-category="6812"
        data-bestselling="1">
    <a href="../datteri-auriemma-bouquets-500g.html">
        <div style="background-image: url('../../cdn.spesati.com/images/products/missing-image/missing-image.jpg')">
            <div class="hover"></div>
            <p class="arrow bgRed white">Best Seller</p>
            <div class="stickers"></div>
        </div>
    </a>
    <div>
        <h4><a href="../datteri-auriemma-bouquets-500g.html"><b>Datteri Auriemma Bouquets 500g</b></a></h4>
        <p class="description">0.5 Kg</p>
        <p class="right price"><b>3.79 €</b></p>
        <p class="right unitPrice">7.58 € per kg</p>
    </div>
    <div class="contButton">
    <a class="button bgRed white addToCart" href="#">Add</a>
</div>
</div><div class="left product prod86"
        data-name="Nocciole Tostate Sacco 5kg"
        data-price="64.34"
        data-id="27241"
        data-available="yes"
        data-category="433"
        data-bestselling="">
    <a href="../nocciole-tostate-sacco-5kg.html">
        <div style="background-image: url('../../cdn.spesati.com/images/products/missing-image/missing-image.jpg')">
            <div class="hover"></div>
            
            <div class="stickers"></div>
        </div>
    </a>
    <div>
        <h4><a href="../nocciole-tostate-sacco-5kg.html"><b>Nocciole Tostate Sacco 5kg</b></a></h4>
        <p class="description">5 Kg</p>
        <p class="right price"><b>64.34 €</b></p>
        <p class="right unitPrice">12.87 € per kg</p>
    </div>
    <div class="contButton">
    <a class="button bgRed white addToCart" href="#">Add</a>
</div>
</div><div class="left product prod87"
        data-name="Castagne Secche 3 Kg"
        data-price="53.04"
        data-id="27246"
        data-available="yes"
        data-category="433"
        data-bestselling="">
    <a href="../castagne-secche-3-kg.html">
        <div style="background-image: url('../../cdn.spesati.com/images/products/missing-image/missing-image.jpg')">
            <div class="hover"></div>
            
            <div class="stickers"></div>
        </div>
    </a>
    <div>
        <h4><a href="../castagne-secche-3-kg.html"><b>Castagne Secche 3 Kg</b></a></h4>
        <p class="description">1 Kg</p>
        <p class="right price"><b>53.04 €</b></p>
        <p class="right unitPrice">53.04 € per kg</p>
    </div>
    <div class="contButton">
    <a class="button bgRed white addToCart" href="#">Add</a>
</div>
</div><div class="left product prod88"
        data-name="Ananas Disidratato Fette 1kg"
        data-price="13.07"
        data-id="27260"
        data-available="yes"
        data-category="6670"
        data-bestselling="">
    <a href="../ananas-disidratato-fette-1kg.html">
        <div style="background-image: url('../../cdn.spesati.com/images/products/missing-image/missing-image.jpg')">
            <div class="hover"></div>
            
            <div class="stickers"></div>
        </div>
    </a>
    <div>
        <h4><a href="../ananas-disidratato-fette-1kg.html"><b>Ananas Disidratato Fette 1kg</b></a></h4>
        <p class="description">1 Kg</p>
        <p class="right price"><b>13.07 €</b></p>
        <p class="right unitPrice">13.07 € per kg</p>
    </div>
    <div class="contButton">
    <a class="button bgRed white addToCart" href="#">Add</a>
</div>
</div><div class="left product prod89"
        data-name="Arachidi Tostate 500gr"
        data-price="4.25"
        data-id="27263"
        data-available="yes"
        data-category="433"
        data-bestselling="">
    <a href="../arachidi-tostate-500gr.html">
        <div style="background-image: url('../../cdn.spesati.com/images/products/missing-image/missing-image.jpg')">
            <div class="hover"></div>
            
            <div class="stickers"></div>
        </div>
    </a>
    <div>
        <h4><a href="../arachidi-tostate-500gr.html"><b>Arachidi Tostate 500gr</b></a></h4>
        <p class="description">0.5 Kg</p>
        <p class="right price"><b>4.25 €</b></p>
        <p class="right unitPrice">8.50 € per kg</p>
    </div>
    <div class="contButton">
    <a class="button bgRed white addToCart" href="#">Add</a>
</div>
</div><div class="left product prod90"
        data-name="Castagne Secche 200gr"
        data-price="4.05"
        data-id="27265"
        data-available="yes"
        data-category="6701"
        data-bestselling="">
    <a href="../castagne-secche-200gr.html">
        <div style="background-image: url('../../cdn.spesati.com/images/products/missing-image/missing-image.jpg')">
            <div class="hover"></div>
            
            <div class="stickers"></div>
        </div>
    </a>
    <div>
        <h4><a href="../castagne-secche-200gr.html"><b>Castagne Secche 200gr</b></a></h4>
        <p class="description">0.2 Kg</p>
        <p class="right price"><b>4.05 €</b></p>
        <p class="right unitPrice">20.27 € per kg</p>
    </div>
    <div class="contButton">
    <a class="button bgRed white addToCart" href="#">Add</a>
</div>
</div><div class="left product prod91"
        data-name="Mitake Semi Sesamo Tostati 1Kg"
        data-price="14.30"
        data-id="6037"
        data-available="no"
        data-category="433"
        data-bestselling="">
    <a href="../mitake-semi-sesamo-tostati-1kg.html">
        <div style="background-image: url('../../cdn.spesati.com/images/products/117740/mitake-semi-sesamo-01.jpg')">
            <div class="hover"></div>
            
            <div class="stickers"></div>
        </div>
    </a>
    <div>
        <h4><a href="../mitake-semi-sesamo-tostati-1kg.html"><b>Mitake Semi Sesamo Tostati 1Kg</b></a></h4>
        <p class="description">1 Kg</p>
        <p class="right price"><b>14.30 €</b></p>
        <p class="right unitPrice">14.30 € per kg</p>
    </div>
    <div class="notAvailable">
    <a class="button bgDarkGrey white" href="../mitake-semi-sesamo-tostati-1kg.html">Not available</a>
</div>
</div><div class="left product prod92"
        data-name="Fatina Datteri Kenta 200Gr"
        data-price="0.74"
        data-id="6041"
        data-available="no"
        data-category="6812"
        data-bestselling="">
    <a href="../fatina-datteri-kenta-200gr.html">
        <div style="background-image: url('../../cdn.spesati.com/images/products/11721501/fatina-datteri-kenta-01.jpg')">
            <div class="hover"></div>
            
            <div class="stickers"></div>
        </div>
    </a>
    <div>
        <h4><a href="../fatina-datteri-kenta-200gr.html"><b>Fatina Datteri Kenta 200Gr</b></a></h4>
        <p class="description">0.2 Kg</p>
        <p class="right price"><b>0.74 €</b></p>
        <p class="right unitPrice">3.69 € per kg</p>
    </div>
    <div class="notAvailable">
    <a class="button bgDarkGrey white" href="../fatina-datteri-kenta-200gr.html">Not available</a>
</div>
</div><div class="left product prod93"
        data-name="Datteri Naturali"
        data-price="2.79"
        data-id="1904"
        data-available="no"
        data-category="6812"
        data-bestselling="">
    <a href="../datteri-naturali.html">
        <div style="background-image: url('../../cdn.spesati.com/images/products/000135210/fatina-datteri-naturali-250-g-01.png')">
            <div class="hover"></div>
            
            <div class="stickers"></div>
        </div>
    </a>
    <div>
        <h4><a href="../datteri-naturali.html"><b>Datteri Naturali</b></a></h4>
        <p class="description">Fatina Datteri Naturali 250 g</p>
        <p class="right price"><b>2.79 €</b></p>
        <p class="right unitPrice">6.98 € per kg</p>
    </div>
    <div class="notAvailable">
    <a class="button bgDarkGrey white" href="../datteri-naturali.html">Not available</a>
</div>
</div><div class="left product prod94"
        data-name="Fichi Murano Corone 250gr"
        data-price="2.57"
        data-id="27487"
        data-available="no"
        data-category="6810"
        data-bestselling="">
    <a href="../fichi-murano-corone-250gr.html">
        <div style="background-image: url('../../cdn.spesati.com/images/products/000135206/fatina-fichi-250-g-01.png')">
            <div class="hover"></div>
            
            <div class="stickers"></div>
        </div>
    </a>
    <div>
        <h4><a href="../fichi-murano-corone-250gr.html"><b>Fichi Murano Corone 250gr</b></a></h4>
        <p class="description">Fatina Fichi 250 g</p>
        <p class="right price"><b>2.57 €</b></p>
        <p class="right unitPrice">10.28 € per kg</p>
    </div>
    <div class="notAvailable">
    <a class="button bgDarkGrey white" href="../fichi-murano-corone-250gr.html">Not available</a>
</div>
</div><div class="left product prod95"
        data-name="Fatina Fichi Jumbo Vassoio 250 Gr"
        data-price="3.50"
        data-id="6014"
        data-available="no"
        data-category="6810"
        data-bestselling="">
    <a href="../fatina-fichi-jumbo-vassoio-250-gr.html">
        <div style="background-image: url('../../cdn.spesati.com/images/products/000135204/fatina-fichi-250-g-01.png')">
            <div class="hover"></div>
            
            <div class="stickers"></div>
        </div>
    </a>
    <div>
        <h4><a href="../fatina-fichi-jumbo-vassoio-250-gr.html"><b>Fatina Fichi Jumbo Vassoio 250 Gr</b></a></h4>
        <p class="description">Fatina Fichi 250 g</p>
        <p class="right price"><b>3.50 €</b></p>
        <p class="right unitPrice">14.00 € per kg</p>
    </div>
    <div class="notAvailable">
    <a class="button bgDarkGrey white" href="../fatina-fichi-jumbo-vassoio-250-gr.html">Not available</a>
</div>
</div><div class="left product prod96"
        data-name="Arachidi M Ventura C 9-11 250g"
        data-price="1.99"
        data-id="27312"
        data-available="no"
        data-category="433"
        data-bestselling="">
    <a href="../arachidi-m-ventura-c-9-11-250g.html">
        <div style="background-image: url('../../cdn.spesati.com/images/products/000131435/noccioltost-arachidi-in-guscio-tostate-250-g-01.png')">
            <div class="hover"></div>
            
            <div class="stickers"></div>
        </div>
    </a>
    <div>
        <h4><a href="../arachidi-m-ventura-c-9-11-250g.html"><b>Arachidi M Ventura C 9-11 250g</b></a></h4>
        <p class="description">noccioltost arachidi in guscio tostate 250 g</p>
        <p class="right price"><b>1.99 €</b></p>
        <p class="right unitPrice">7.96 € per kg</p>
    </div>
    <div class="notAvailable">
    <a class="button bgDarkGrey white" href="../arachidi-m-ventura-c-9-11-250g.html">Not available</a>
</div>
</div><div class="left product prod97"
        data-name="Mandorle Pelate Bio Nobe 40 Gr"
        data-price="1.49"
        data-id="27244"
        data-available="no"
        data-category="433"
        data-bestselling="">
    <a href="../mandorle-pelate-bio-nobe-40-gr.html">
        <div style="background-image: url('../../cdn.spesati.com/images/products/000130468/noberasco-bio-mandorle-pelate-40-g-01.png')">
            <div class="hover"></div>
            
            <div class="stickers"></div>
        </div>
    </a>
    <div>
        <h4><a href="../mandorle-pelate-bio-nobe-40-gr.html"><b>Mandorle Pelate Bio Nobe 40 Gr</b></a></h4>
        <p class="description">noberasco Bio Mandorle Pelate 40 g</p>
        <p class="right price"><b>1.49 €</b></p>
        <p class="right unitPrice">37.26 € per kg</p>
    </div>
    <div class="notAvailable">
    <a class="button bgDarkGrey white" href="../mandorle-pelate-bio-nobe-40-gr.html">Not available</a>
</div>
</div><div class="left product prod98"
        data-name="Uva Sultanina Noberasco 150 Gr"
        data-price="1.00"
        data-id="27185"
        data-available="no"
        data-category="6626"
        data-bestselling="">
    <a href="../uva-sultanina-noberasco-150-gr.html">
        <div style="background-image: url('../../cdn.spesati.com/images/products/000130094/noberasco-eur-099-uva-sultanina-150-g-01.png')">
            <div class="hover"></div>
            
            <div class="stickers"></div>
        </div>
    </a>
    <div>
        <h4><a href="../uva-sultanina-noberasco-150-gr.html"><b>Uva Sultanina Noberasco 150 Gr</b></a></h4>
        <p class="description">noberasco € 0,99 Uva Sultanina 150 g</p>
        <p class="right price"><b>1.00 €</b></p>
        <p class="right unitPrice">6.66 € per kg</p>
    </div>
    <div class="notAvailable">
    <a class="button bgDarkGrey white" href="../uva-sultanina-noberasco-150-gr.html">Not available</a>
</div>
</div><div class="left product prod99"
        data-name="Pistachio Tst Salato Nobe 40gr"
        data-price="0.97"
        data-id="27181"
        data-available="no"
        data-category="433"
        data-bestselling="">
    <a href="../pistachio-tst-salato-nobe-40gr.html">
        <div style="background-image: url('../../cdn.spesati.com/images/products/000130087/noberasco-eur-099-pistacchio-tostato-salato-40-g-01.png')">
            <div class="hover"></div>
            
            <div class="stickers"></div>
        </div>
    </a>
    <div>
        <h4><a href="../pistachio-tst-salato-nobe-40gr.html"><b>Pistachio Tst Salato Nobe 40gr</b></a></h4>
        <p class="description">noberasco € 0,99 Pistacchio Tostato Salato 40 g</p>
        <p class="right price"><b>0.97 €</b></p>
        <p class="right unitPrice">24.29 € per kg</p>
    </div>
    <div class="notAvailable">
    <a class="button bgDarkGrey white" href="../pistachio-tst-salato-nobe-40gr.html">Not available</a>
</div>
</div><div class="left product prod100"
        data-name="Nocciole Pelate Noberasco 40gr"
        data-price="1.03"
        data-id="27179"
        data-available="no"
        data-category="433"
        data-bestselling="">
    <a href="../nocciole-pelate-noberasco-40gr.html">
        <div style="background-image: url('../../cdn.spesati.com/images/products/000130083/noberasco-eur-099-nocciole-pelate-tostate-40-g-01.png')">
            <div class="hover"></div>
            
            <div class="stickers"></div>
        </div>
    </a>
    <div>
        <h4><a href="../nocciole-pelate-noberasco-40gr.html"><b>Nocciole Pelate Noberasco 40gr</b></a></h4>
        <p class="description">noberasco € 0,99 Nocciole Pelate Tostate 40 g</p>
        <p class="right price"><b>1.03 €</b></p>
        <p class="right unitPrice">25.70 € per kg</p>
    </div>
    <div class="notAvailable">
    <a class="button bgDarkGrey white" href="../nocciole-pelate-noberasco-40gr.html">Not available</a>
</div>
</div><div class="left product prod101"
        data-name="Castagne Morbide Noberasco 100 Gr"
        data-price="4.15"
        data-id="5637"
        data-available="no"
        data-category="6701"
        data-bestselling="">
    <a href="../castagne-morbide-noberasco-100-gr.html">
        <div style="background-image: url('../../cdn.spesati.com/images/products/000130078/noberasco-viva-la-castagna-100-g-01.png')">
            <div class="hover"></div>
            
            <div class="stickers"></div>
        </div>
    </a>
    <div>
        <h4><a href="../castagne-morbide-noberasco-100-gr.html"><b>Castagne Morbide Noberasco 100 Gr</b></a></h4>
        <p class="description">noberasco Viva la Castagna 100 g</p>
        <p class="right price"><b>4.15 €</b></p>
        <p class="right unitPrice">41.50 € per kg</p>
    </div>
    <div class="notAvailable">
    <a class="button bgDarkGrey white" href="../castagne-morbide-noberasco-100-gr.html">Not available</a>
</div>
</div><div class="left product prod102"
        data-name="Le Bonta' Mix Semi Omega Gr150"
        data-price="3.34"
        data-id="26690"
        data-available="no"
        data-category="433"
        data-bestselling="">
    <a href="../le-bonta-mix-semi-omega-gr150.html">
        <div style="background-image: url('../../cdn.spesati.com/images/products/000117596/nuova-terra-voglio-star-bene-mix-di-semi-per-la-tua-colazione-150-g-01.png')">
            <div class="hover"></div>
            
            <div class="stickers"></div>
        </div>
    </a>
    <div>
        <h4><a href="../le-bonta-mix-semi-omega-gr150.html"><b>Le Bonta' Mix Semi Omega Gr150</b></a></h4>
        <p class="description">Nuova Terra voglio Star Bene Mix di Semi per la Tua Colazione 150 g</p>
        <p class="right price"><b>3.34 €</b></p>
        <p class="right unitPrice">22.25 € per kg</p>
    </div>
    <div class="notAvailable">
    <a class="button bgDarkGrey white" href="../le-bonta-mix-semi-omega-gr150.html">Not available</a>
</div>
</div><div class="left product prod103"
        data-name="Le Bonta' Semi Di Chia Gr150"
        data-price="3.34"
        data-id="26688"
        data-available="no"
        data-category="433"
        data-bestselling="">
    <a href="../le-bonta-semi-di-chia-gr150.html">
        <div style="background-image: url('../../cdn.spesati.com/images/products/000117594/nuova-terra-voglio-star-bene-semi-di-chia-150-g-01.png')">
            <div class="hover"></div>
            
            <div class="stickers"></div>
        </div>
    </a>
    <div>
        <h4><a href="../le-bonta-semi-di-chia-gr150.html"><b>Le Bonta' Semi Di Chia Gr150</b></a></h4>
        <p class="description">Nuova Terra voglio Star Bene Semi di Chia 150 g</p>
        <p class="right price"><b>3.34 €</b></p>
        <p class="right unitPrice">22.25 € per kg</p>
    </div>
    <div class="notAvailable">
    <a class="button bgDarkGrey white" href="../le-bonta-semi-di-chia-gr150.html">Not available</a>
</div>
</div><div class="left product prod104"
        data-name="Le Bonta' Semi Di Lino Gr150"
        data-price="2.23"
        data-id="26686"
        data-available="no"
        data-category="433"
        data-bestselling="">
    <a href="../le-bonta-semi-di-lino-gr150.html">
        <div style="background-image: url('../../cdn.spesati.com/images/products/000117592/nuova-terra-voglio-star-bene-semi-di-lino-150-g-01.png')">
            <div class="hover"></div>
            
            <div class="stickers"></div>
        </div>
    </a>
    <div>
        <h4><a href="../le-bonta-semi-di-lino-gr150.html"><b>Le Bonta' Semi Di Lino Gr150</b></a></h4>
        <p class="description">Nuova Terra voglio Star Bene Semi di Lino 150 g</p>
        <p class="right price"><b>2.23 €</b></p>
        <p class="right unitPrice">14.84 € per kg</p>
    </div>
    <div class="notAvailable">
    <a class="button bgDarkGrey white" href="../le-bonta-semi-di-lino-gr150.html">Not available</a>
</div>
</div><div class="left product prod105"
        data-name="Le Bonta' Semi Girasole Gr150"
        data-price="2.23"
        data-id="26685"
        data-available="no"
        data-category="433"
        data-bestselling="">
    <a href="../le-bonta-semi-girasole-gr150.html">
        <div style="background-image: url('../../cdn.spesati.com/images/products/000117591/nuova-terra-voglio-star-bene-semi-di-girasole-150-g-01.png')">
            <div class="hover"></div>
            
            <div class="stickers"></div>
        </div>
    </a>
    <div>
        <h4><a href="../le-bonta-semi-girasole-gr150.html"><b>Le Bonta' Semi Girasole Gr150</b></a></h4>
        <p class="description">Nuova Terra voglio Star Bene Semi di Girasole 150 g</p>
        <p class="right price"><b>2.23 €</b></p>
        <p class="right unitPrice">14.84 € per kg</p>
    </div>
    <div class="notAvailable">
    <a class="button bgDarkGrey white" href="../le-bonta-semi-girasole-gr150.html">Not available</a>
</div>
</div><div class="left product prod106"
        data-name="Le Bonta'semi Zucca Deco Gr120"
        data-price="3.34"
        data-id="26683"
        data-available="no"
        data-category="433"
        data-bestselling="">
    <a href="../le-bontasemi-zucca-deco-gr120.html">
        <div style="background-image: url('../../cdn.spesati.com/images/products/000117589/nuova-terra-voglio-star-bene-semi-di-zucca-120-g-01.png')">
            <div class="hover"></div>
            
            <div class="stickers"></div>
        </div>
    </a>
    <div>
        <h4><a href="../le-bontasemi-zucca-deco-gr120.html"><b>Le Bonta'semi Zucca Deco Gr120</b></a></h4>
        <p class="description">Nuova Terra voglio Star Bene Semi di Zucca 120 g</p>
        <p class="right price"><b>3.34 €</b></p>
        <p class="right unitPrice">27.82 € per kg</p>
    </div>
    <div class="notAvailable">
    <a class="button bgDarkGrey white" href="../le-bontasemi-zucca-deco-gr120.html">Not available</a>
</div>
</div><div class="left product prod107"
        data-name="Fichi Secchi Murano 400 Gr"
        data-price="5.39"
        data-id="6228"
        data-available="no"
        data-category="6810"
        data-bestselling="">
    <a href="../fichi-secchi-murano-400-gr.html">
        <div style="background-image: url('../../cdn.spesati.com/images/products/missing-image/missing-image.jpg')">
            <div class="hover"></div>
            
            <div class="stickers"></div>
        </div>
    </a>
    <div>
        <h4><a href="../fichi-secchi-murano-400-gr.html"><b>Fichi Secchi Murano 400 Gr</b></a></h4>
        <p class="description">0.4 Kg</p>
        <p class="right price"><b>5.39 €</b></p>
        <p class="right unitPrice">13.48 € per kg</p>
    </div>
    <div class="notAvailable">
    <a class="button bgDarkGrey white" href="../fichi-secchi-murano-400-gr.html">Not available</a>
</div>
</div><div class="left product prod108"
        data-name="Pistacchio Tostato Sfuso 5kg"
        data-price="110.62"
        data-id="27272"
        data-available="no"
        data-category="433"
        data-bestselling="">
    <a href="../pistacchio-tostato-sfuso-5kg.html">
        <div style="background-image: url('../../cdn.spesati.com/images/products/missing-image/missing-image.jpg')">
            <div class="hover"></div>
            
            <div class="stickers"></div>
        </div>
    </a>
    <div>
        <h4><a href="../pistacchio-tostato-sfuso-5kg.html"><b>Pistacchio Tostato Sfuso 5kg</b></a></h4>
        <p class="description">medium weight 5 Kg</p>
        <p class="right price"><b>110.62 €</b></p>
        <p class="right unitPrice">22.12 € per kg</p>
    </div>
    <div class="notAvailable">
    <a class="button bgDarkGrey white" href="../pistacchio-tostato-sfuso-5kg.html">Not available</a>
</div>
</div><div class="left product prod109"
        data-name="Nocciole Tostate 5kg"
        data-price="63.34"
        data-id="27282"
        data-available="no"
        data-category="433"
        data-bestselling="">
    <a href="../nocciole-tostate-5kg.html">
        <div style="background-image: url('../../cdn.spesati.com/images/products/missing-image/missing-image.jpg')">
            <div class="hover"></div>
            
            <div class="stickers"></div>
        </div>
    </a>
    <div>
        <h4><a href="../nocciole-tostate-5kg.html"><b>Nocciole Tostate 5kg</b></a></h4>
        <p class="description">medium weight 5 Kg</p>
        <p class="right price"><b>63.34 €</b></p>
        <p class="right unitPrice">12.67 € per kg</p>
    </div>
    <div class="notAvailable">
    <a class="button bgDarkGrey white" href="../nocciole-tostate-5kg.html">Not available</a>
</div>
</div><div class="left product prod110"
        data-name="Noci Cile Sfuse 10 Kg"
        data-price="49.90"
        data-id="27307"
        data-available="no"
        data-category="433"
        data-bestselling="">
    <a href="../noci-cile-sfuse-10-kg.html">
        <div style="background-image: url('../../cdn.spesati.com/images/products/missing-image/missing-image.jpg')">
            <div class="hover"></div>
            
            <div class="stickers"></div>
        </div>
    </a>
    <div>
        <h4><a href="../noci-cile-sfuse-10-kg.html"><b>Noci Cile Sfuse 10 Kg</b></a></h4>
        <p class="description">medium weight 10 Kg</p>
        <p class="right price"><b>49.90 €</b></p>
        <p class="right unitPrice">4.99 € per kg</p>
    </div>
    <div class="notAvailable">
    <a class="button bgDarkGrey white" href="../noci-cile-sfuse-10-kg.html">Not available</a>
</div>
</div><div class="left product prod111"
        data-name="Noci Australia Sfuse 10kg"
        data-price="49.90"
        data-id="27308"
        data-available="no"
        data-category="433"
        data-bestselling="">
    <a href="../noci-australia-sfuse-10kg.html">
        <div style="background-image: url('../../cdn.spesati.com/images/products/missing-image/missing-image.jpg')">
            <div class="hover"></div>
            
            <div class="stickers"></div>
        </div>
    </a>
    <div>
        <h4><a href="../noci-australia-sfuse-10kg.html"><b>Noci Australia Sfuse 10kg</b></a></h4>
        <p class="description">medium weight 10 Kg</p>
        <p class="right price"><b>49.90 €</b></p>
        <p class="right unitPrice">4.99 € per kg</p>
    </div>
    <div class="notAvailable">
    <a class="button bgDarkGrey white" href="../noci-australia-sfuse-10kg.html">Not available</a>
</div>
</div><div class="left product prod112"
        data-name="Castagne Morbidelle Sfuse"
        data-price="22.31"
        data-id="24602"
        data-available="no"
        data-category="433"
        data-bestselling="">
    <a href="../castagne-morbidelle-sfuse.html">
        <div style="background-image: url('../../cdn.spesati.com/images/products/missing-image/missing-image.jpg')">
            <div class="hover"></div>
            
            <div class="stickers"></div>
        </div>
    </a>
    <div>
        <h4><a href="../castagne-morbidelle-sfuse.html"><b>Castagne Morbidelle Sfuse</b></a></h4>
        <p class="description">medium weight 1 Kg</p>
        <p class="right price"><b>22.31 €</b></p>
        <p class="right unitPrice">22.31 € per kg</p>
    </div>
    <div class="notAvailable">
    <a class="button bgDarkGrey white" href="../castagne-morbidelle-sfuse.html">Not available</a>
</div>
</div><div class="left product prod113"
        data-name="Fichi Murano Nucati Oro 200gr"
        data-price="5.01"
        data-id="27488"
        data-available="no"
        data-category="6810"
        data-bestselling="">
    <a href="../fichi-murano-nucati-oro-200gr.html">
        <div style="background-image: url('../../cdn.spesati.com/images/products/missing-image/missing-image.jpg')">
            <div class="hover"></div>
            
            <div class="stickers"></div>
        </div>
    </a>
    <div>
        <h4><a href="../fichi-murano-nucati-oro-200gr.html"><b>Fichi Murano Nucati Oro 200gr</b></a></h4>
        <p class="description">0.2 Kg</p>
        <p class="right price"><b>5.01 €</b></p>
        <p class="right unitPrice">25.03 € per kg</p>
    </div>
    <div class="notAvailable">
    <a class="button bgDarkGrey white" href="../fichi-murano-nucati-oro-200gr.html">Not available</a>
</div>
</div><div class="left product prod114"
        data-name="Mirtilli Disidratato 2 Kg"
        data-price="2.10"
        data-id="33478"
        data-available="no"
        data-category="6582"
        data-bestselling="">
    <a href="../mirtilli-disidratato-2-kg.html">
        <div style="background-image: url('../../cdn.spesati.com/images/products/missing-image/missing-image.jpg')">
            <div class="hover"></div>
            
            <div class="stickers"></div>
        </div>
    </a>
    <div>
        <h4><a href="../mirtilli-disidratato-2-kg.html"><b>Mirtilli Disidratato 2 Kg</b></a></h4>
        <p class="description">2 Kg</p>
        <p class="right price"><b>2.10 €</b></p>
        <p class="right unitPrice">1.06 € per kg</p>
    </div>
    <div class="notAvailable">
    <a class="button bgDarkGrey white" href="../mirtilli-disidratato-2-kg.html">Not available</a>
</div>
</div><div class="left product prod115"
        data-name="Frutta Cup Dole Ananas 200gr"
        data-price="2.55"
        data-id="33482"
        data-available="no"
        data-category="6670"
        data-bestselling="">
    <a href="../frutta-cup-dole-ananas-200gr.html">
        <div style="background-image: url('../../cdn.spesati.com/images/products/missing-image/missing-image.jpg')">
            <div class="hover"></div>
            
            <div class="stickers"></div>
        </div>
    </a>
    <div>
        <h4><a href="../frutta-cup-dole-ananas-200gr.html"><b>Frutta Cup Dole Ananas 200gr</b></a></h4>
        <p class="description">0.2 Kg</p>
        <p class="right price"><b>2.55 €</b></p>
        <p class="right unitPrice">12.75 € per kg</p>
    </div>
    <div class="notAvailable">
    <a class="button bgDarkGrey white" href="../frutta-cup-dole-ananas-200gr.html">Not available</a>
</div>
</div><div class="left product prod116"
        data-name="Frutta Cup Dole Tropical 200gr"
        data-price="2.55"
        data-id="33483"
        data-available="no"
        data-category="499906"
        data-bestselling="">
    <a href="../frutta-cup-dole-tropical-200gr.html">
        <div style="background-image: url('../../cdn.spesati.com/images/products/missing-image/missing-image.jpg')">
            <div class="hover"></div>
            
            <div class="stickers"></div>
        </div>
    </a>
    <div>
        <h4><a href="../frutta-cup-dole-tropical-200gr.html"><b>Frutta Cup Dole Tropical 200gr</b></a></h4>
        <p class="description">1 Kg</p>
        <p class="right price"><b>2.55 €</b></p>
        <p class="right unitPrice">2.55 € per kg</p>
    </div>
    <div class="notAvailable">
    <a class="button bgDarkGrey white" href="../frutta-cup-dole-tropical-200gr.html">Not available</a>
</div>
</div><div class="left product prod117"
        data-name="Frutta Cup Dole Pesca 200gr"
        data-price="2.55"
        data-id="33484"
        data-available="no"
        data-category="505301"
        data-bestselling="">
    <a href="../frutta-cup-dole-pesca-200gr.html">
        <div style="background-image: url('../../cdn.spesati.com/images/products/missing-image/missing-image.jpg')">
            <div class="hover"></div>
            
            <div class="stickers"></div>
        </div>
    </a>
    <div>
        <h4><a href="../frutta-cup-dole-pesca-200gr.html"><b>Frutta Cup Dole Pesca 200gr</b></a></h4>
        <p class="description">1 Kg</p>
        <p class="right price"><b>2.55 €</b></p>
        <p class="right unitPrice">2.55 € per kg</p>
    </div>
    <div class="notAvailable">
    <a class="button bgDarkGrey white" href="../frutta-cup-dole-pesca-200gr.html">Not available</a>
</div>
</div><div class="left product prod118"
        data-name="Fruit Jolly Conf. 200gr"
        data-price="2.69"
        data-id="33962"
        data-available="no"
        data-category="499906"
        data-bestselling="">
    <a href="../fruit-jolly-conf-200gr.html">
        <div style="background-image: url('../../cdn.spesati.com/images/products/missing-image/missing-image.jpg')">
            <div class="hover"></div>
            
            <div class="stickers"></div>
        </div>
    </a>
    <div>
        <h4><a href="../fruit-jolly-conf-200gr.html"><b>Fruit Jolly Conf. 200gr</b></a></h4>
        <p class="description">0.2 Kg</p>
        <p class="right price"><b>2.69 €</b></p>
        <p class="right unitPrice">13.46 € per kg</p>
    </div>
    <div class="notAvailable">
    <a class="button bgDarkGrey white" href="../fruit-jolly-conf-200gr.html">Not available</a>
</div>
</div><div class="left product prod119"
        data-name="Castagne Prec 500 Gr"
        data-price="7.99"
        data-id="34390"
        data-available="no"
        data-category="6701"
        data-bestselling="">
    <a href="../castagne-prec-500-gr.html">
        <div style="background-image: url('../../cdn.spesati.com/images/products/missing-image/missing-image.jpg')">
            <div class="hover"></div>
            
            <div class="stickers"></div>
        </div>
    </a>
    <div>
        <h4><a href="../castagne-prec-500-gr.html"><b>Castagne Prec 500 Gr</b></a></h4>
        <p class="description">0.5 Kg</p>
        <p class="right price"><b>7.99 €</b></p>
        <p class="right unitPrice">15.98 € per kg</p>
    </div>
    <div class="notAvailable">
    <a class="button bgDarkGrey white" href="../castagne-prec-500-gr.html">Not available</a>
</div>
</div><div class="left product prod120"
        data-name="Datteri Giganti Medjoul 200gr"
        data-price="6.69"
        data-id="81668"
        data-available="no"
        data-category="6812"
        data-bestselling="">
    <a href="../datteri-giganti-medjoul-200gr.html">
        <div style="background-image: url('../../cdn.spesati.com/images/products/missing-image/missing-image.jpg')">
            <div class="hover"></div>
            
            <div class="stickers"></div>
        </div>
    </a>
    <div>
        <h4><a href="../datteri-giganti-medjoul-200gr.html"><b>Datteri Giganti Medjoul 200gr</b></a></h4>
        <p class="description">0.2 Kg</p>
        <p class="right price"><b>6.69 €</b></p>
        <p class="right unitPrice">33.46 € per kg</p>
    </div>
    <div class="notAvailable">
    <a class="button bgDarkGrey white" href="../datteri-giganti-medjoul-200gr.html">Not available</a>
</div>
</div><div class="left product prod121"
        data-name="Ananas A Fette Conf. 200gr"
        data-price="2.59"
        data-id="27096"
        data-available="no"
        data-category="6670"
        data-bestselling="">
    <a href="../ananas-a-fette-conf-200gr.html">
        <div style="background-image: url('../../cdn.spesati.com/images/products/missing-image/missing-image.jpg')">
            <div class="hover"></div>
            
            <div class="stickers"></div>
        </div>
    </a>
    <div>
        <h4><a href="../ananas-a-fette-conf-200gr.html"><b>Ananas A Fette Conf. 200gr</b></a></h4>
        <p class="description">0.2 Kg</p>
        <p class="right price"><b>2.59 €</b></p>
        <p class="right unitPrice">12.95 € per kg</p>
    </div>
    <div class="notAvailable">
    <a class="button bgDarkGrey white" href="../ananas-a-fette-conf-200gr.html">Not available</a>
</div>
</div><div class="left product prod122"
        data-name="Melone A Fette Conf. 200gr"
        data-price="2.59"
        data-id="27097"
        data-available="no"
        data-category="6649"
        data-bestselling="">
    <a href="../melone-a-fette-conf-200gr.html">
        <div style="background-image: url('../../cdn.spesati.com/images/products/missing-image/missing-image.jpg')">
            <div class="hover"></div>
            
            <div class="stickers"></div>
        </div>
    </a>
    <div>
        <h4><a href="../melone-a-fette-conf-200gr.html"><b>Melone A Fette Conf. 200gr</b></a></h4>
        <p class="description">0.2 Kg</p>
        <p class="right price"><b>2.59 €</b></p>
        <p class="right unitPrice">12.95 € per kg</p>
    </div>
    <div class="notAvailable">
    <a class="button bgDarkGrey white" href="../melone-a-fette-conf-200gr.html">Not available</a>
</div>
</div><div class="left product prod123"
        data-name="Fruit Salad Conf. 200gr"
        data-price="2.79"
        data-id="27098"
        data-available="no"
        data-category="499906"
        data-bestselling="">
    <a href="../fruit-salad-conf-200gr.html">
        <div style="background-image: url('../../cdn.spesati.com/images/products/missing-image/missing-image.jpg')">
            <div class="hover"></div>
            
            <div class="stickers"></div>
        </div>
    </a>
    <div>
        <h4><a href="../fruit-salad-conf-200gr.html"><b>Fruit Salad Conf. 200gr</b></a></h4>
        <p class="description">0.2 Kg</p>
        <p class="right price"><b>2.79 €</b></p>
        <p class="right unitPrice">13.96 € per kg</p>
    </div>
    <div class="notAvailable">
    <a class="button bgDarkGrey white" href="../fruit-salad-conf-200gr.html">Not available</a>
</div>
</div><div class="left product prod124"
        data-name="Fruit Fantasy Conf. 200gr"
        data-price="2.79"
        data-id="27099"
        data-available="no"
        data-category="499906"
        data-bestselling="">
    <a href="../fruit-fantasy-conf-200gr.html">
        <div style="background-image: url('../../cdn.spesati.com/images/products/missing-image/missing-image.jpg')">
            <div class="hover"></div>
            
            <div class="stickers"></div>
        </div>
    </a>
    <div>
        <h4><a href="../fruit-fantasy-conf-200gr.html"><b>Fruit Fantasy Conf. 200gr</b></a></h4>
        <p class="description">0.2 Kg</p>
        <p class="right price"><b>2.79 €</b></p>
        <p class="right unitPrice">13.96 € per kg</p>
    </div>
    <div class="notAvailable">
    <a class="button bgDarkGrey white" href="../fruit-fantasy-conf-200gr.html">Not available</a>
</div>
</div><div class="left product prod125"
        data-name="Fruit Salad Conf. 400gr"
        data-price="4.79"
        data-id="27100"
        data-available="no"
        data-category="499906"
        data-bestselling="">
    <a href="../fruit-salad-conf-400gr.html">
        <div style="background-image: url('../../cdn.spesati.com/images/products/missing-image/missing-image.jpg')">
            <div class="hover"></div>
            
            <div class="stickers"></div>
        </div>
    </a>
    <div>
        <h4><a href="../fruit-salad-conf-400gr.html"><b>Fruit Salad Conf. 400gr</b></a></h4>
        <p class="description">0.2 Kg</p>
        <p class="right price"><b>4.79 €</b></p>
        <p class="right unitPrice">23.95 € per kg</p>
    </div>
    <div class="notAvailable">
    <a class="button bgDarkGrey white" href="../fruit-salad-conf-400gr.html">Not available</a>
</div>
</div><div class="left product prod126"
        data-name="Castagne Secche Sfuse Kg"
        data-price="20.28"
        data-id="27232"
        data-available="no"
        data-category="6701"
        data-bestselling="">
    <a href="../castagne-secche-sfuse-kg.html">
        <div style="background-image: url('../../cdn.spesati.com/images/products/missing-image/missing-image.jpg')">
            <div class="hover"></div>
            
            <div class="stickers"></div>
        </div>
    </a>
    <div>
        <h4><a href="../castagne-secche-sfuse-kg.html"><b>Castagne Secche Sfuse Kg</b></a></h4>
        <p class="description">medium weight 1 Kg</p>
        <p class="right price"><b>20.28 €</b></p>
        <p class="right unitPrice">20.28 € per kg</p>
    </div>
    <div class="notAvailable">
    <a class="button bgDarkGrey white" href="../castagne-secche-sfuse-kg.html">Not available</a>
</div>
</div><div class="left product prod127"
        data-name="Noci Brasiliane Sfuse 5 Kg"
        data-price="54.95"
        data-id="27233"
        data-available="no"
        data-category="433"
        data-bestselling="">
    <a href="../noci-brasiliane-sfuse-5-kg.html">
        <div style="background-image: url('../../cdn.spesati.com/images/products/missing-image/missing-image.jpg')">
            <div class="hover"></div>
            
            <div class="stickers"></div>
        </div>
    </a>
    <div>
        <h4><a href="../noci-brasiliane-sfuse-5-kg.html"><b>Noci Brasiliane Sfuse 5 Kg</b></a></h4>
        <p class="description">medium weight 5 Kg</p>
        <p class="right price"><b>54.95 €</b></p>
        <p class="right unitPrice">10.99 € per kg</p>
    </div>
    <div class="notAvailable">
    <a class="button bgDarkGrey white" href="../noci-brasiliane-sfuse-5-kg.html">Not available</a>
</div>
</div><div class="left product prod128"
        data-name="Fichi Secchi Pulled 250 Gr"
        data-price="3.81"
        data-id="27234"
        data-available="no"
        data-category="6810"
        data-bestselling="">
    <a href="../fichi-secchi-pulled-250-gr.html">
        <div style="background-image: url('../../cdn.spesati.com/images/products/missing-image/missing-image.jpg')">
            <div class="hover"></div>
            
            <div class="stickers"></div>
        </div>
    </a>
    <div>
        <h4><a href="../fichi-secchi-pulled-250-gr.html"><b>Fichi Secchi Pulled 250 Gr</b></a></h4>
        <p class="description">0.25 Kg</p>
        <p class="right price"><b>3.81 €</b></p>
        <p class="right unitPrice">15.26 € per kg</p>
    </div>
    <div class="notAvailable">
    <a class="button bgDarkGrey white" href="../fichi-secchi-pulled-250-gr.html">Not available</a>
</div>
</div><div class="left product prod129"
        data-name="Pistacchio Tostato Sacco 5kg"
        data-price="107.25"
        data-id="27240"
        data-available="no"
        data-category="433"
        data-bestselling="">
    <a href="../pistacchio-tostato-sacco-5kg.html">
        <div style="background-image: url('../../cdn.spesati.com/images/products/missing-image/missing-image.jpg')">
            <div class="hover"></div>
            
            <div class="stickers"></div>
        </div>
    </a>
    <div>
        <h4><a href="../pistacchio-tostato-sacco-5kg.html"><b>Pistacchio Tostato Sacco 5kg</b></a></h4>
        <p class="description">5 Kg</p>
        <p class="right price"><b>107.25 €</b></p>
        <p class="right unitPrice">21.45 € per kg</p>
    </div>
    <div class="notAvailable">
    <a class="button bgDarkGrey white" href="../pistacchio-tostato-sacco-5kg.html">Not available</a>
</div>
</div><div class="left product prod130"
        data-name="Mandorle Con Gusc. Tostate 5kg"
        data-price="43.25"
        data-id="27249"
        data-available="no"
        data-category="433"
        data-bestselling="">
    <a href="../mandorle-con-gusc-tostate-5kg.html">
        <div style="background-image: url('../../cdn.spesati.com/images/products/missing-image/missing-image.jpg')">
            <div class="hover"></div>
            
            <div class="stickers"></div>
        </div>
    </a>
    <div>
        <h4><a href="../mandorle-con-gusc-tostate-5kg.html"><b>Mandorle Con Gusc. Tostate 5kg</b></a></h4>
        <p class="description">medium weight 5 Kg</p>
        <p class="right price"><b>43.25 €</b></p>
        <p class="right unitPrice">8.65 € per kg</p>
    </div>
    <div class="notAvailable">
    <a class="button bgDarkGrey white" href="../mandorle-con-gusc-tostate-5kg.html">Not available</a>
</div>
</div><div class="left product prod131"
        data-name="Papaya Disidratata Fette 4kg"
        data-price="52.04"
        data-id="27261"
        data-available="no"
        data-category="499906"
        data-bestselling="">
    <a href="../papaya-disidratata-fette-4kg.html">
        <div style="background-image: url('../../cdn.spesati.com/images/products/missing-image/missing-image.jpg')">
            <div class="hover"></div>
            
            <div class="stickers"></div>
        </div>
    </a>
    <div>
        <h4><a href="../papaya-disidratata-fette-4kg.html"><b>Papaya Disidratata Fette 4kg</b></a></h4>
        <p class="description">5 Kg</p>
        <p class="right price"><b>52.04 €</b></p>
        <p class="right unitPrice">10.41 € per kg</p>
    </div>
    <div class="notAvailable">
    <a class="button bgDarkGrey white" href="../papaya-disidratata-fette-4kg.html">Not available</a>
</div>
</div><div class="left product prod132"
        data-name="Noci Francia (No Cagliari)"
        data-price="3.00"
        data-id="6166"
        data-available="no"
        data-category="433"
        data-bestselling="">
    <a href="../noci-francia-no-cagliari.html">
        <div style="background-image: url('../../cdn.spesati.com/images/products/missing-image/missing-image.jpg')">
            <div class="hover"></div>
            
            <div class="stickers"></div>
        </div>
    </a>
    <div>
        <h4><a href="../noci-francia-no-cagliari.html"><b>Noci Francia (No Cagliari)</b></a></h4>
        <p class="description">medium weight 0.5 Kg</p>
        <p class="right price"><b>3.00 €</b></p>
        <p class="right unitPrice">5.99 € per kg</p>
    </div>
    <div class="notAvailable">
    <a class="button bgDarkGrey white" href="../noci-francia-no-cagliari.html">Not available</a>
</div>
</div>        </div>
    </div>
</section>
<div class="footer">
    <div class="bgDarkGrey"></div>
    <footer>
        <div class="left bgDarkGrey">
            <a id="logoFooter" href="../index.html" class="estDynamic">
                <img src="../../cdn.spesati.com/images/layout/logo-eng.png" alt="Spesati.com" />
                <h2 class="red">Grocery Delivery</h2>
            </a>
            <a class="button bgRed white mobile" href="tel:390707968318">Phone order</a>
            <a class="button bgRed white desktop" href="../news/2020-04-07/news-on-spesati-the-telephone-order-service-is-active.html">Phone order</a>
            <a class="button bgRed white" href="../cdn-cgi/l/email-protection.html#83eaede5ecc3f0f3e6f0e2f7eaade0ecee">Send mail</a>
            <div id="social">
                <a class="left" href="https://www.facebook.com/spesati/" rel="external" target="_blank">
                    <span class="facebook bgRed fa-stack fa-lg">
                        <i class="fa fa-facebook fa-stack-1x "></i>
                    </span>
                </a>
                <a class="right" href="https://twitter.com/spesati" rel="external" target="_blank">
                    <span class="twitter bgRed fa-stack fa-lg">
                        <i class="fa fa-twitter fa-stack-1x "></i>
                    </span>
                </a>
            </div>
            <p>Copyright 2024 Spesati.com </p>
            
                    <p>All rights reserved</p>
                    <p>SPESATI SRL</p>
                    <p>Corso Vittorio Veneto 15/I, 07026, Olbia</p>
                    <p>CF e P.Iva: 02772380909</p>
                        </div>
        <div class="center bgRed">
            <div class="top">
                <h3>Categories</h3>
                <div class="col">
                    <ul>
                        <li>
                            <a href="#" class="estDynamic">On sale</a>
                        </li>
                        <li>
                            <a href="../fruit-and-vegetables.html" class="estDynamic">Fruit and vegetables</a>
                        </li>
                        <li>
                            <a href="../fresh-products.html" class="estDynamic">Fresh products</a>
                        </li>
                        <li>
                            <a href="../frozen-foods.html" class="estDynamic">Frozen foods</a>
                        </li>
                        <li>
                            <a href="../bread-and-pasta.html" class="estDynamic">Bread and pasta</a>
                        </li>
                        <li>
                            <a href="../meat.html" class="estDynamic">Meat</a>
                        </li>
                        <li>
                            <a href="../fish.html" class="estDynamic">Fish</a>
                        </li>
                    </ul>
                </div>
                <div class="col">
                    <ul>
                        <li>
                            <a href="../wine-beer-and-spirits.html" class="estDynamic">Wine beer and spirits</a>
                        </li>
                        <li>
                            <a href="../water-and-drinks.html" class="estDynamic">Water and drinks</a>
                        </li>
                        <li>
                            <a href="../sweets.html" class="estDynamic">Sweets</a>
                        </li>
                        <li>
                            <a href="../shelf.html" class="estDynamic">Cupboard</a>
                        </li>
                        <li>
                            <a href="../personal-care.html" class="estDynamic">Personal care</a>
                        </li>
                        <li>
                            <a href="../household-and-outdoors.html" class="estDynamic">Home and outdoors</a>
                        </li>
                        <li>
                            <a href="../pet.html" class="estDynamic">Pets</a>
                        </li>
                    </ul>
                </div>
                <div class="col">
                    <ul>
                        <li>
                            <a href="../technology.html" class="estDynamic">Technology</a>
                        </li>
                        <li>
                            <a href="../gluten-free.html" class="estDynamic">Gluten free</a>
                        </li>
                        <li>
                            <a href="../lactose-free.html" class="estDynamic">Lactose free</a>
                        </li>
                        <li>
                            <a href="../special.html" class="estDynamic">Special</a>
                        </li>
                        <li>
                            <a href="../sardinian-products.html" class="estDynamic">Sardinian products</a>
                        </li>
                    </ul>
                </div>
            </div>
            <div class="bottom bgRed">
                <div class="left">
                    <h3>Delivery payment</h3>
                    <div>
                        <i class="fa fa-money fa-3x" aria-hidden="true"></i>
                        <p>Cash</p>
                    </div>
                    <div>
                        <i class="fa fa-credit-card fa-3x" aria-hidden="true"></i>
                        <p>Bancomat or card</p>
                    </div>
                </div>
                <div class="right">
                    <h3>Online payment</h3>
                    <div>
                        <i class="fa fa-credit-card fa-3x" aria-hidden="true"></i>
                        <p>Credit or debit card <span class="red">online</span></p>
                    </div>
                    <div>
                        <i class="fa fa-paypal fa-3x" aria-hidden="true"></i>
                        <p>PayPal</p>
                    </div>
                    <div>
                        <i class="fa fa-university fa-3x" aria-hidden="true"></i>
                        <p>Bank transfer</p>
                    </div>
                </div>
            </div>
        </div>
        <div class="right bgRed">
            <div>
                <i class="fa fa-truck fa-flip-horizontal"></i>
                <a class="button bgYellow white" href="../delivery-prices.html">Delivery prices</a>
                
                    <h3>Home delivery:</h3>
                    <p><b>Monday to Saturday</b></p>
                    <p><b>9:00 to 20:00</b></p>
                    <p><b>Minimum order:</b> 29€</p>
                    <p><b>Delivery starting from:</b> 3,50€</p>
                            </div>
            <ul>
                <li>
                    <a href="../delivery-prices.html">Delivery prices</a>
                </li>
                <li>
                    <a href="../about.html">About</a>
                </li>
                <li>
                    <a href="../faq.html">Faq</a>
                </li>
                <li>
                    <a href="../customer-care.html">Support</a>
                </li>
                <li>
                    <a href="../news.html">Blog</a>
                </li>
                <li>
                    <a href="../terms-and-conditions.html">Conditions</a>
                </li>
                <li>
                    <a href="../privacy-policy.html">Privacy policy</a>
                </li>
                <li>
                    <a href="../legal-warranty.html">Legal guarantee</a>
                </li>
            </ul>
        </div>
    </footer>
    <div class="bgRed"></div>
</div>
<!--Start of Tawk.to Script-->
<script data-cfasync="false" src="../cdn-cgi/scripts/5c5dd728/cloudflare-static/email-decode.min.js"></script><script type="text/javascript">
var Tawk_API=Tawk_API||{}, Tawk_LoadStart=new Date();
(function(){
var s1=document.createElement("script"),s0=document.getElementsByTagName("script")[0];
s1.async=true;
s1.src='https://embed.tawk.to/59e86945c28eca75e4626ed9/default';
s1.charset='UTF-8';
s1.setAttribute('crossorigin','*');
s0.parentNode.insertBefore(s1,s0);
})();
</script>
<!--End of Tawk.to Script-->

<!-- Here are parked a few translatable strings, useful for Javascript rendering -->
<div id="js-texts" hidden>
    <input type="hidden" name="save_cart_notice" value="Saving your cart it will be possible to reload it next time you come for shopping">
    <input type="hidden" name="save_cart_notice_title" value="Want to save your cart?">
    <input type="hidden" name="save_cart_ok" value="Save">
    <input type="hidden" name="save_cart_ko" value="Don't Save">
    <input type="hidden" name="reload_cart" value="The Reload Order function allows you to top up your last cart to make a New Order. Warning: do not use this function to add products to the last order. At this time it is not possible to modify an order placed previously.">
</div>

<!-- new site and login popup -->
</body>
<!-- Mirrored from www.spesati.com/fruit-and-vegetables/dried-fruit by HTTrack Website Copier/3.x [XR&CO'2014], Fri, 23 Feb 2024 17:24:40 GMT -->
</html>