<!DOCTYPE html><html lang="en">
<!-- Mirrored from www.spesati.com/fruit-and-vegetables/fruit by HTTrack Website Copier/3.x [XR&CO'2014], Fri, 23 Feb 2024 17:21:08 GMT -->
<!-- Added by HTTrack --><meta http-equiv="content-type" content="text/html;charset=utf-8" /><!-- /Added by HTTrack -->
<head>
    <title>Fruit - Fruit and vegetables - Spesati.com</title>
    <meta http-equiv="Content-Type" content="text/html; charset=UTF-8" />
    <meta name="description" content="" />
    <meta name="keywords" content="" />
    <link href="../images/favicon.ico" rel="shortcut icon" type="image/x-icon" />
    <meta name="author" content="www.dodify.com" /><link rel="canonical" href="fruit.html" /><link rel="alternate" hreflang="en" href="fruit.html" /><link rel="alternate" hreflang="it" href="https://www.spesati.it/frutta-e-verdura/frutta" /><link href="../../cdnjs.cloudflare.com/ajax/libs/meyer-reset/2.0/reset.min.css" rel="stylesheet" type="text/css" /><link href="../../cdnjs.cloudflare.com/ajax/libs/font-awesome/6.5.1/css/all.min.css" rel="stylesheet" type="text/css" /><link href="https://fonts.googleapis.com/css?family=Montserrat:400,700" rel="stylesheet" type="text/css" /><link href="../../cdnjs.cloudflare.com/ajax/libs/fancybox/2.1.5/jquery.fancybox.min.css" rel="stylesheet" type="text/css" /><link href="../style/mainbea6.css?v=7" rel="stylesheet" type="text/css" /><link href="../style/lightslider.css" rel="stylesheet" type="text/css" /><link href="../style/categories.css" rel="stylesheet" type="text/css" /><script src="../../cdnjs.cloudflare.com/ajax/libs/jquery/3.6.1/jquery.min.js" type="text/javascript"></script><script src="../../ajax.googleapis.com/ajax/libs/jquery/1.11.0/jquery.min.js" type="text/javascript"></script><script src="http://unpkg.com/@floating-ui/core@0.4.0" type="text/javascript"></script><script src="http://unpkg.com/@floating-ui/dom@0.2.0" type="text/javascript"></script><script src="../../cdnjs.cloudflare.com/ajax/libs/fancybox/2.1.5/jquery.fancybox.min.js" type="text/javascript"></script><script src="../js/menu.js" type="text/javascript"></script><script src="../js/interfaceb6f5.js?v=10" type="text/javascript"></script><script src="../js/spesati.lightslider.min.js" type="text/javascript"></script><meta name="viewport" content="width=device-width, initial-scale=1, maximum-scale=1" /><meta name = "format-detection" content = "telephone=no">
<!-- Facebook Pixel Code -->
<script>
  !function(f,b,e,v,n,t,s)
  {if(f.fbq)return;n=f.fbq=function(){n.callMethod?
  n.callMethod.apply(n,arguments):n.queue.push(arguments)};
  if(!f._fbq)f._fbq=n;n.push=n;n.loaded=!0;n.version='2.0';
  n.queue=[];t=b.createElement(e);t.async=!0;
  t.src=v;s=b.getElementsByTagName(e)[0];
  s.parentNode.insertBefore(t,s)}(window, document,'script',
  '../../connect.facebook.net/en_US/fbevents.js');
  fbq('init', '792335014180667');
  fbq('track', 'PageView');
</script>
<noscript>
    <img height="1" width="1" style="display:none" src="https://www.facebook.com/tr?id=792335014180667&amp;ev=PageView&amp;noscript=1" />
</noscript>
<!-- End Facebook Pixel Code -->

<!-- GA4 -->
<script async src="https://www.googletagmanager.com/gtag/js?id=G-SSS6NRNXL0"></script>
<script>
  window.dataLayer = window.dataLayer || [];
  function gtag(){dataLayer.push(arguments);}
  gtag('js', new Date());
  gtag('config', 'AW-976671669');
  gtag('config', 'G-SSS6NRNXL0');
</script>
<!-- Elements for PWA deploy -->
<link rel="manifest" href="../manifest.json">
<meta name="theme-color" media="(prefers-color-scheme: light)" content="white">
<meta name="theme-color" media="(prefers-color-scheme: dark)"  content="black">
<link href=../images/icon-192.png rel=apple-touch-icon sizes="192x192">
<!-- Establishment logic -->
<script>var pageEstablishment = "Olbia"; var estDefaultPages = true</script>
    <!--[if lt IE 9]>
        <script src="https://cdnjs.cloudflare.com/ajax/libs/html5shiv/3.7.3/html5shiv.min.js" type="text/javascript"></script>
    <![endif]--><script type="text/javascript">
$(document).ready(function() {
    // Check if exists cookie
    if(document.cookie.indexOf("cookieAccepted") < 0) {
        var cookieText = '<div id=\"cookie\"><p>This site uses cookies. Cookies are used for ads personalisation. <a href=\"/privacy-policy\">More info</a></p><button id=\"cookieConsent\" type=\"button\">Accept</button></div>';
        $("body").append($(
            cookieText
        ));
        $('#cookie').css({
            'width'           : '100%',
            'text-align'      : 'center',
            'color'           : '#FFFFFF',
            'background-color': '#000000', 
            'opacity'         : '.8', 
            'position'        : 'fixed', 
            'bottom'          : '0',
            'padding'         : '.5em 0',
            'z-index'         : '999'
        });
        $('#cookie > *').css({
            'display': 'inline'
        });
        $('#cookie a').css({
            'color'          : '#FFFFFF',
            'text-decoration': 'underline',
            'margin-right'   : '2%'
        });
        $('#cookieConsent').click(function() {
            // Set cookie
            var expiry = new Date();
            expiry.setTime(expiry.getTime() + (365 * 24 * 60 * 60 * 1000));
            document.cookie = "cookieAccepted=yes; expires=" + expiry.toGMTString() + "; path=/; domain=.spesati.com";
            $('#cookie').css({'display': 'none'});
        });
    }
});
</script></head><body><script type="text/javascript">
    var addText = "Add";
    var slider  = null;
    $(document).ready(function() {
        slider = $('#cartSlider').lightSlider({
            controls: false,
            item:13,
            loop:false,
            slideMove:1,
            easing: 'cubic-bezier(0.25, 0, 0.25, 1)',
            speed:600,
            responsive : [
                {
                    breakpoint:1400,
                    settings: {
                        item:12,
                        slideMove:1,
                    }
                },
                {
                    breakpoint:1200,
                    settings: {
                        item:11,
                        slideMove:1,
                    }
                },
                {
                    breakpoint:1080,
                    settings: {
                        item:14,
                        slideMove:1,
                    }
                },
                {
                    breakpoint:800,
                    settings: {
                        item:12,
                        slideMove:1,
                    }
                }
            ]
        });
        $('.lSPager').css("display","none");
        $('.lSAction').css("display","block");
        $('#goToPrevSlide').on('click', function () {
            slider.goToPrevSlide();
        });
        $('#goToNextSlide').on('click', function () {
            slider.goToNextSlide();
        });
    });

</script>
<div id="header" class="bgYellow">
    <header>
        <a class="menu" href="#"><i class="fa red fa-bars fa-2x"></i></a>
        <a id="logo" class="colLeft estDynamic" href="../index.html">
            <img src="../../cdn.spesati.com/images/layout/logo-eng.png" alt="Spesati.com" />
            <h2 class="red">Grocery Delivery</h2>
        </a>
        <div class="colRight">
            <div id="controls" class="right">
                <p id="establishmentControls">
                    <span class="establishmentWarning"><i class="fa-solid fa-triangle-exclamation red" title="Stai visualizzando i prodotti disponibili in una zona diversa. Se vuoi cambiare zona, cliccan qui"></i>&nbsp;&nbsp;</span>
                    Shopping from <b><a id="establishment" href="#"></a></b> <span id="estAddress">for </span> <a href="../change-establishment.html">(<i class="fa-solid fa-pencil"></i> Change)</a> <span class="establishmentWarning">but viewing <b>Olbia</b></span>
                </p>
                <p><a href="https://www.spesati.it/frutta-e-verdura/frutta" class="black switch-site">Versione italiana</a></p>                
            </div>
            <div>
                <form id="search" action="https://www.spesati.com/search" method="post" class="left">
                    <fieldset>
                        <div>
                            <input type="text" name="searchBox" id="searchBox" placeholder="Search for a product"></input>
                            <input id="searchButton" type="submit" name="searchButton" class="button bgRed white left" value="Find" />
                        </div>
                    </fieldset>
                </form>
                <div class="center left">
                    <a class="button bgRed white log-in" href="../login.html">Login</a>
                    <a class="button bgRed white sign-up" href="../sign-up.html">Sign up</a>
                    <a class="button bgRed white profile" href="../profile.html">Profile</a>
                    <a class="button bgRed white log-out" href="../index.html" data-endpoint-check-cart="https://api.spesati.com/cart/check">Logout</a>
                </div>
                <div class="right user-function-icons">
                    <a class="red left account"><i class="fa fa-user fa-3x"></i></a>
                    <div id="dropdown">
                        <a class="log-in button bgRed white" href="../login.html">Login</a>
                        <a class="sign-up button bgRed white" href="../sign-up.html">Sign up</a>
                        <a class="profile button bgRed white" href="../profile.html">Profile</a>
                        <a class="log-out button bgRed white" href="../index.html">Logout</a>
                    </div>

                    <div class="cart left">
                        <i class="fa fa-sm fa-shopping-cart red" aria-hidden="true" id="shipping-cart-button"></i>
                        <p id="cartQuantity"></p>
                    </div>

                    <a class="right" href="../cart.html"><p class="black" id="cartTotal"></p></a>
                </div>
            </div>
                            <div id="previewCart">
                    <i id="goToPrevSlide" class="yellow fa fa-angle-left fa-2x" aria-hidden="true"></i>
                    <div><ul id="cartSlider"></ul></div>
                    <i id="goToNextSlide" class="yellow fa fa-angle-right fa-2x" aria-hidden="true"></i>
                </div>
                    </div>
    </header>

    <div id="shipping-cart-options" data-inited="false">
        <a href="../cart.html" class="goto-cart">checkout</a>
        <a href="#" data-endpoint-auth="https://api.spesati.com/cart/save" data-endpoint-noauth="/login" class="save-cart">save</a>
        <a href="#" data-endpoint-auth="https://api.spesati.com/cart/load" class="load-cart">load</a>
    </div>
</div>
<div id="menuCategoriesMobile" class="mobile bgRed">
    <div class="closeMenu">
        <i class="fa fa-times fa-2x white"></i>
        Close
    </div>
    <ul class="bgRed white">
        <div id="langMobile" class="right">
        <a href="https://www.spesati.it/frutta-e-verdura/frutta" class="white switch-site"><p>Versione italiana</p></a>    </div>
        <li><a>Categories</a>
            <ul class="bgWhite">
                <li>
                    <img src="../../cdn.spesati.com/images/menu/on-sale.png"/>
                    On sale                    <i class="fa fa-angle-down" aria-hidden="true"></i>
                    <ul class="sub-menu">
                    <li>
    <a href="../tacchino-fesa-a-fette.html">Tacchino Fesa A Fette</a>
</li><li>
    <a href="../amaro-montenegro-15lt.html">Amaro Montenegro 1,5lt</a>
</li><li>
    <a href="../carbone-di-legna-sacco-10kg.html">Carbone Di Legna Sacco 10Kg</a>
</li><li>
    <a href="../filu-e-ferru-silvio-carta-70cl.html">Filu E Ferru Silvio Carta 70Cl</a>
</li><li>
    <a href="../braciole-suino-con-cotenna.html">Braciole Suino Con Cotenna</a>
</li><li>
    <a href="../bovino-adulto-polpa.html">Bovino Adulto Polpa</a>
</li><li>
    <a href="../vino-la-palma-cannonau-le-bombarde.html">Vino La Palma Cannonau Le Bombarde</a>
</li><li>
    <a href="../fettine-sceltissime-bovino-adulto.html">Fettine Sceltissime Bovino Adulto</a>
</li><li>
    <a href="../suino-fettine-scelte.html">Suino Fettine Scelte</a>
</li><li>
    <a href="../lavazza-caffe-qualita-rossa-2x250gr.html">Lavazza Caffé Qualità Rossa 2x250gr</a>
</li>                        <li>
                            <a class="estDynamic" href="../on-offer.html">All products on sale</a>
                        </li>
                    </ul>
                </li>
                <li>
                    <img src="../../cdn.spesati.com/images/menu/gift.png"/>
                    Gifts                    <i class="fa fa-angle-down" aria-hidden="true"></i>
                    <ul class="sub-menu">
                        <li>
    <a href="../gift-card-da-150.html">Gift Card Da 150</a>
</li><li>
    <a href="../gift-card-da-100.html">Gift Card Da 100</a>
</li><li>
    <a href="../gift-card-da-50.html">Gift Card Da 50</a>
</li><li>
    <a href="../gift-card-da-25.html">Gift Card Da 25</a>
</li>                        <li>
                            <a class="estDynamic" href="../gift.html">All products in the gifts category</a>
                        </li>
                    </ul>
                </li>
                <li>
                    <img src="../../cdn.spesati.com/images/menu/gift-card.png"/>
                    Gift card and discounts                    <i class="fa fa-angle-down" aria-hidden="true"></i>
                    <ul class="sub-menu">
                        <li>
    <a href="../gift-card-da-150.html">Gift Card Da 150</a>
</li><li>
    <a href="../gift-card-da-100.html">Gift Card Da 100</a>
</li><li>
    <a href="../gift-card-da-50.html">Gift Card Da 50</a>
</li><li>
    <a href="../gift-card-da-25.html">Gift Card Da 25</a>
</li>                    </ul>
                </li>
                <li>
                    <img src="../../cdn.spesati.com/images/menu/fuit-and-vegetables.png"/>
                    Fruit and vegetables                    <i class="fa fa-angle-down" aria-hidden="true"></i>
                    <ul class="sub-menu">
                        <li>
                            <a class="estDynamic" href="pulses-and-beans.html">Cereals and pulses and beans</a>
                        </li>
                        <li>
                            <a class="estDynamic" href="fruit.html">Fruit</a>
                        </li>
                        <li>
                            <a class="estDynamic" href="canned-fruit.html">Canned fruit</a>
                        </li>
                        <li>
                            <a class="estDynamic" href="dried-fruit.html">Dried fruit</a>
                        </li>
                        <li>
                            <a class="estDynamic" href="ready-salads.html">Ready salads</a>
                        </li>
                        <li>
                            <a class="estDynamic" href="fresh-spices.html">Fresh spices</a>
                        </li>
                        <li>
                            <a class="estDynamic" href="vegetables.html">Vegetables and soy</a>
                        </li>
                    </ul>
                </li>
                <li>
                    <img src="../../cdn.spesati.com/images/menu/fresh-products.png"/>
                    Fresh products                    <i class="fa fa-angle-down" aria-hidden="true"></i>
                    <ul class="sub-menu">
                        <li>
                            <a class="estDynamic" href="../fresh-products/margarine-and-butter.html">Butter and margarine</a>
                        </li>
                        <li>
                            <a class="estDynamic" href="../fresh-products/danone.html">Danone</a>
                        </li>
                        <li>
                            <a class="estDynamic" href="../fresh-products/dessert.html">Dessert</a>
                        </li>
                        <li>
                            <a class="estDynamic" href="../fresh-products/sweets.html">Sweets</a>
                        </li>
                        <li>
                            <a class="estDynamic" href="../fresh-products/dairy-products.html">Dairy product</a>
                        </li>
                        <li>
                            <a class="estDynamic" href="../fresh-products/bakery.html">Yeast</a>
                        </li>
                        <li>
                            <a class="estDynamic" href="../fresh-products/mascarpone.html">Mascarpone</a>
                        </li>
                        <li>
                            <a class="estDynamic" href="../fresh-products/snacks.html">Snacks</a>
                        </li>
                        <li>
                            <a class="estDynamic" href="../fresh-products/mozzarella.html">Mozzarella</a>
                        </li>
                        <li>
                            <a class="estDynamic" href="../fresh-products/pasta.html">Pasta</a>
                        </li>
                        <li>
                            <a class="estDynamic" href="../fresh-products/pesto-and-sauces.html">Pesto and sauces</a>
                        </li>
                        <li>
                            <a class="estDynamic" href="../fresh-products/ricotta-and-cheese.html">Ricotta and cheese</a>
                        </li>
                        <li>
                            <a class="estDynamic" href="../fresh-products/cured-meat.html">Cured meat</a>
                        </li>
                        <li>
                            <a class="estDynamic" href="../fresh-products/wurstel.html">Würstel</a>
                        </li>
                        <li>
                            <a class="estDynamic" href="../fresh-products/yogurt.html">Yogurt</a>
                        </li>
                    </ul>
                </li>
                <li>
                    <img src="../../cdn.spesati.com/images/menu/frozen-foods.png"/>
                    Frozen foods                    <i class="fa fa-angle-down" aria-hidden="true"></i>
                    <ul class="sub-menu">
                        <li>
                            <a class="estDynamic" href="../frozen-foods/meat.html">Meat</a>
                        </li>
                        <li>
                            <a class="estDynamic" href="../frozen-foods/ice-creams.html">Ice cream and sweet</a>
                        </li>
                        <li>
                            <a class="estDynamic" href="../frozen-foods/pasta.html">Pasta</a>
                        </li>
                        <li>
                            <a class="estDynamic" href="../frozen-foods/fish.html">Fish</a>
                        </li>
                        <li>
                            <a class="estDynamic" href="../frozen-foods/ready-meals.html">Ready meals</a>
                        </li>
                        <li>
                            <a class="estDynamic" href="../frozen-foods/pizzas.html">Pizzas</a>
                        </li>
                        <li>
                            <a class="estDynamic" href="../frozen-foods/vegetables.html">Vegetables and soy</a>
                        </li>
                    </ul>
                </li>
                <li>
                    <img src="../../cdn.spesati.com/images/menu/bread-and-pasta.png"/>
                    Bread and pasta                    <i class="fa fa-angle-down" aria-hidden="true"></i>
                    <ul class="sub-menu">
                        <li>
                            <a class="estDynamic" href="../bread-and-pasta/crackers.html">Crackers</a>
                        </li>
                        <li>
                            <a class="estDynamic" href="../bread-and-pasta/rusks.html">Rusks</a>
                        </li>
                        <li>
                            <a class="estDynamic" href="../bread-and-pasta/white-bread.html">White bread</a>
                        </li>
                        <li>
                            <a class="estDynamic" href="../bread-and-pasta/local-bread.html">Local bread</a>
                        </li>
                        <li>
                            <a class="estDynamic" href="../bread-and-pasta/soft-bread.html">Soft bread</a>
                        </li>
                        <li>
                            <a class="estDynamic" href="../bread-and-pasta/sardinian-bread.html">Sardinian bread</a>
                        </li>
                        <li>
                            <a class="estDynamic" href="../bread-and-pasta/bakery.html">Bakery</a>
                        </li>
                        <li>
                            <a class="estDynamic" href="../bread-and-pasta/pasta.html">Pasta</a>
                        </li>
                        <li>
                            <a class="estDynamic" href="../bread-and-pasta/fresh-pasta.html">Fresh pasta</a>
                        </li>
                    </ul>
                </li>
                <li>
                    <img src="../../cdn.spesati.com/images/menu/meat.png"/>
                    Meat                    <i class="fa fa-angle-down" aria-hidden="true"></i>
                    <ul class="sub-menu">
                        <li>
                            <a class="estDynamic" href="../meat/beef.html">Beef</a>
                        </li>
                        <li>
                            <a class="estDynamic" href="../meat/goat.html">Goat</a>
                        </li>
                        <li>
                            <a class="estDynamic" href="../meat/packaged-meat.html">Packaged meat</a>
                        </li>
                        <li>
                            <a class="estDynamic" href="../meat/rabbit.html">Rabbit</a>
                        </li>
                        <li>
                            <a class="estDynamic" href="../meat/horse.html">Horse</a>
                        </li>
                        <li>
                            <a class="estDynamic" href="../meat/pork.html">Pork</a>
                        </li>
                        <li>
                            <a class="estDynamic" href="../meat/lamb.html">Lamb</a>
                        </li>
                        <li>
                            <a class="estDynamic" href="../meat/poultry.html">Poultry</a>
                        </li>
                    </ul>
                </li>
                <li>
                    <img src="../../cdn.spesati.com/images/menu/fish.png"/>
                    Fish                    <i class="fa fa-angle-down" aria-hidden="true"></i>
                    <ul class="sub-menu">
                        <li>
                            <a class="estDynamic" href="../fish/fresh-water.html">Fresh water</a>
                        </li>
                        <li>
                            <a class="estDynamic" href="../fish/salt-water.html">Salt water</a>
                        </li>
                        <li>
                            <a class="estDynamic" href="../fish/mussels.html">Mussels</a>
                        </li>
                        <li>
                            <a class="estDynamic" href="../fish/dried-and-salted.html">Dried and salted</a>
                        </li>
                        <li>
                            <a class="estDynamic" href="../fish/seafood-salad.html">Seafood salad</a>
                        </li>
                        <li>
                            <a class="estDynamic" href="../fish/prepared.html">Prepared</a>
                        </li>
                        <li>
                            <a class="estDynamic" href="../fish/specialty.html">Specialty</a>
                        </li>   
                        <li>
                            <a class="estDynamic" href="../fish/tuna-and-salmon.html">Tuna and salmon</a>
                        </li>
                    </ul>
                </li>
                <li>
                    <img src="../../cdn.spesati.com/images/menu/alcohol.png"/>
                    Wine beer and spirits                    <i class="fa fa-angle-down" aria-hidden="true"></i>
                    <ul class="sub-menu">
                        <li>
                            <a class="estDynamic" href="../wine-beer-and-spirits/spirits-and-liquors.html">Alcohol</a>
                        </li>
                        <li>
                            <a class="estDynamic" href="../wine-beer-and-spirits/bitters.html">Bitters</a>
                        </li>
                        <li>
                            <a class="estDynamic" href="../wine-beer-and-spirits/aperatif.html">Aperatifs</a>
                        </li>
                        <li>
                            <a class="estDynamic" href="../wine-beer-and-spirits/beer.html">Beer</a>
                        </li>
                        <li>
                            <a class="estDynamic" href="../wine-beer-and-spirits/creams.html">Creams</a>
                        </li>
                        <li>
                            <a class="estDynamic" href="../wine-beer-and-spirits/spirits.html">Spirits</a>
                        </li>
                        <li>
                            <a class="estDynamic" href="../wine-beer-and-spirits/liquors.html">Liquors</a>
                        </li>
                        <li>
                            <a class="estDynamic" href="../wine-beer-and-spirits/white-wine.html">White wine</a>
                        </li>
                        <li>
                            <a class="estDynamic" href="../wine-beer-and-spirits/prosecco-wine.html">Prosecco wine</a>
                        </li>
                        <li>
                            <a class="estDynamic" href="../wine-beer-and-spirits/rose-wine.html">Rose wine</a>
                        </li>
                        <li>
                            <a class="estDynamic" href="../wine-beer-and-spirits/red-wine.html">Red wine</a>
                        </li>
                        <li>
                            <a class="estDynamic" href="../wine-beer-and-spirits/specialty-wine.html">Special wine</a>
                        </li>
                        <li>
                            <a class="estDynamic" href="../wine-beer-and-spirits/sparkling-wine.html">Sparkling wine</a>
                        </li>
                        <li>
                            <a class="estDynamic" href="../wine-beer-and-spirits/vermentino-wine.html">Vermentino wine</a>
                        </li>
                    </ul>
                </li>
                <li>
                    <img src="../../cdn.spesati.com/images/menu/water-and-drinks.png"/>
                    Water and drinks                    <i class="fa fa-angle-down" aria-hidden="true"></i>
                    <ul class="sub-menu">
                        <li>
                            <a class="estDynamic" href="../water-and-drinks/san-martino.html">San Martino</a>
                        </li>
                        <li>
                            <a class="estDynamic" href="../water-and-drinks/water.html">Water</a>
                        </li>
                        <li>
                            <a class="estDynamic" href="../water-and-drinks/alpro.html">Alpro</a>
                        </li>
                        <li>
                            <a class="estDynamic" href="../water-and-drinks/fizzy-drinks.html">Fizzy drinks</a>
                        </li>
                        <li>
                            <a class="estDynamic" href="../water-and-drinks/coca-cola.html">Coca-Cola</a>
                        </li>
                        <li>
                            <a class="estDynamic" href="../water-and-drinks/energy-drink.html">Energy drink</a>
                        </li>
                        <li>
                            <a class="estDynamic" href="../water-and-drinks/syrups.html">Syrups</a>
                        </li>
                        <li>
                            <a class="estDynamic" href="../water-and-drinks/supplements.html">Supplements</a>
                        </li>
                        <li>
                            <a class="estDynamic" href="../water-and-drinks/instant-drinks.html">Instant drinks</a>
                        </li>
                        <li>
                            <a class="estDynamic" href="../water-and-drinks/juice.html">Juice</a>
                        </li>
                        <li>
                            <a class="estDynamic" href="../water-and-drinks/tea.html">Tea</a>
                        </li>
                    </ul>
                </li>
                <li>
                    <img src="../../cdn.spesati.com/images/menu/sweets.png"/>
                    Sweets                    <i class="fa fa-angle-down" aria-hidden="true"></i>
                    <ul class="sub-menu">
                        <li>
                            <a class="estDynamic" href="../sweets/bars-and-snacks.html">Bars and snacks</a>
                        </li>
                        <li>
                            <a class="estDynamic" href="../sweets/biscuits.html">Biscuits</a>
                        </li>
                        <li>
                            <a class="estDynamic" href="../sweets/brioches.html">Brioches</a>
                        </li>
                        <li>
                            <a class="estDynamic" href="../sweets/candy-and-chewing-gum.html">Candy and chewing gum</a>
                        </li>
                        <li>
                            <a class="estDynamic" href="../sweets/cereals.html">Cereals</a>
                        </li>
                        <li>
                            <a class="estDynamic" href="../sweets/chocolate.html">Chocolate</a>
                        </li>
                        <li>
                            <a class="estDynamic" href="../sweets/spreadable-creams.html">Spreads</a>
                        </li>
                        <li>
                            <a class="estDynamic" href="../sweets/dessert-toppings.html">Dessert toppings</a>
                        </li>
                        <li>
                            <a class="estDynamic" href="../sweets/jam.html">Jam</a>
                        </li>
                        <li>
                            <a class="estDynamic" href="../sweets/honey.html">Honey</a>
                        </li>
                        <li>
                            <a class="estDynamic" href="../sweets/panettoni-and-pandoro.html">Panettone and pandoro</a>
                        </li>
                        <li>
                            <a class="estDynamic" href="../sweets/pastry.html">Pastry</a>
                        </li>
                        <li>
                            <a class="estDynamic" href="../sweets/instant-dessert.html">Prepared</a>
                        </li>
                        <li>
                            <a class="estDynamic" href="../sweets/cakes-and-pies.html">Cakes and pies</a>
                        </li>
                        <li>
                            <a class="estDynamic" href="../sweets/easter-eggs-and-doves.html">Easter eggs and doves</a>
                        </li>
                    </ul>
                </li>
                <li>
                    <img src="../../cdn.spesati.com/images/menu/shelf.png"/>
                    Cupboard                    <i class="fa fa-angle-down" aria-hidden="true"></i>
                    <ul class="sub-menu">
                        <li>
                            <a class="estDynamic" href="../shelf/coffee.html">Coffee</a>
                        </li>
                        <li>
                            <a class="estDynamic" href="../shelf/gift-baskets.html">Gift baskets</a>
                        </li>
                        <li>
                            <a class="estDynamic" href="../shelf/stock-cubes.html">Nuts and preparations</a>
                        </li>
                        <li>
                            <a class="estDynamic" href="../shelf/flour-and-baking.html">Flour and baking</a>
                        </li>
                        <li>
                            <a class="estDynamic" href="../shelf/milk.html">Milk</a>
                        </li>
                        <li>
                            <a class="estDynamic" href="../shelf/oil-salt-vinegar.html">Oil, vinegar and salt</a>
                        </li>
                        <li>
                            <a class="estDynamic" href="../shelf/cream-and-bechamel.html">Cream and bechamel</a>
                        </li>
                        <li>
                            <a class="estDynamic" href="../shelf/crisps-and-pretzels.html">Crisps and pretzels</a>
                        </li>
                        <li>
                            <a class="estDynamic" href="../shelf/baby-and-infants-products.html">Early childhood products</a>
                        </li>
                        <li>
                            <a class="estDynamic" href="../shelf/rice.html">Rice</a>
                        </li>
                        <li>
                            <a class="estDynamic" href="../shelf/tins-and-preserves.html">Tins and Preserves</a>
                        </li>
                        <li>
                            <a class="estDynamic" href="../shelf/spices.html">Spices</a>
                        </li>
                        <li>
                            <a class="estDynamic" href="../shelf/sauces.html">Sauces</a>
                        </li>
                        <li>
                            <a class="estDynamic" href="../shelf/tea-and-infusions.html">Tea and infusions</a>
                        </li>
                        <li>
                            <a class="estDynamic" href="../shelf/eggs.html">Eggs</a>
                        </li>
                        <li>
                            <a class="estDynamic" href="../shelf/sugar-and-sweeteners.html">Sugar and sweeteners</a>
                        </li>
                    </ul>
                </li>
                <li>
                    <img src="../../cdn.spesati.com/images/menu/personal-care.png"/>
                    Personal care                    <i class="fa fa-angle-down" aria-hidden="true"></i>
                    <ul class="sub-menu">
                        <li>
                            <a class="estDynamic" href="../personal-care/accessories-and-cotton.html">Accessories and cotton</a>
                        </li>
                        <li>
                            <a class="estDynamic" href="../personal-care/feminine-care-incontinence-and-baby-diapers.html">Feminine incontinence and diapers</a>
                        </li>
                        <li>
                            <a class="estDynamic" href="../personal-care/shower-gel.html">Shower gel</a>
                        </li>
                        <li>
                            <a class="estDynamic" href="../personal-care/creams.html">Creams</a>
                        </li>
                        <li>
                            <a class="estDynamic" href="../personal-care/deodorant.html">Deodorant</a>
                        </li>
                        <li>
                            <a class="estDynamic" href="../personal-care/hair-removal.html">Hair removal</a>
                        </li>
                        <li>
                            <a class="estDynamic" href="../personal-care/disinfectants.html">Disinfectants</a>
                        </li>
                        <li>
                            <a class="estDynamic" href="../personal-care/oral-hygiene.html">Oral hygiene</a>
                        </li>
                        <li>
                            <a class="estDynamic" href="../personal-care/supplements-and-multivitamins.html">Supplements and multivitamins</a>
                        </li>
                        <li>
                            <a class="estDynamic" href="../personal-care/first-aid.html">First aid label</a>
                        </li>
                        <li>
                            <a class="estDynamic" href="../personal-care/beard-products.html">Beard products</a>
                        </li>
                        <li>
                            <a class="estDynamic" href="../personal-care/hairs-products.html">Hair products</a>
                        </li>
                        <li>
                            <a class="estDynamic" href="../personal-care/perfume.html">Perfumes</a>
                        </li>
                        <li>
                            <a class="estDynamic" href="../personal-care/wipes.html">Wipes</a>
                        </li>
                        <li>
                            <a class="estDynamic" href="../personal-care/soaps-and-body-wash.html">Soaps and body wash</a>
                        </li>
                        <li>
                            <a class="estDynamic" href="../personal-care/shampoo-and-conditioner.html">Shampoo and conditioner</a>
                        </li>
                    </ul>
                </li>
                <li>
                    <img src="../../cdn.spesati.com/images/menu/pellet-and-home.png"/>
                    Home and outdoors                    <i class="fa fa-angle-down" aria-hidden="true"></i>
                    <ul class="sub-menu">
                        <li>
                            <a class="estDynamic" href="../household-and-outdoors/distilled-water.html">Distilled water</a>
                        </li>
                        <li>
                            <a class="estDynamic" href="../household-and-outdoors/car-products.html">Cars</a>
                        </li>
                        <li>
                            <a class="estDynamic" href="../household-and-outdoors/bin-bags-and-buckets.html">Bin bags and buckets</a>
                        </li>
                        <li>
                            <a class="estDynamic" href="../household-and-outdoors/bleach-and-stain-removers.html">Bleach and stain removers</a>
                        </li>
                        <li>
                            <a class="estDynamic" href="../household-and-outdoors/candles.html">Candles</a>
                        </li>
                        <li>
                            <a class="estDynamic" href="../household-and-outdoors/kitchen-roll.html">Kitchen roll</a>
                        </li>
                        <li>
                            <a class="estDynamic" href="../household-and-outdoors/air-fresheners.html">Air fresheners</a>
                        </li>
                        <li>
                            <a class="estDynamic" href="../household-and-outdoors/laundry-accessories-and-detergent.html">Laundry detergent</a>
                        </li>
                        <li>
                            <a class="estDynamic" href="../household-and-outdoors/dishwasher-and-washing-up.html">Dishwasher and washing up</a>
                        </li>
                        <li>
                            <a class="estDynamic" href="../household-and-outdoors/gardening.html">Gardening</a>
                        </li>
                        <li>
                            <a class="estDynamic" href="../household-and-outdoors/light-bulbs-and-batteries.html">Lightbulbs and batteries</a>
                        </li>
                        <li>
                            <a class="estDynamic" href="../household-and-outdoors/pellet-and-bbq.html">Pellet and BBQ</a>
                        </li>
                        <li>
                            <a class="estDynamic" href="../household-and-outdoors/bathroom-products.html">Bathroom products</a>
                        </li>
                        <li>
                            <a class="estDynamic" href="../household-and-outdoors/home-and-furniture-products.html">Home and furniture products</a>
                        </li>
                        <li>
                            <a class="estDynamic" href="../household-and-outdoors/kitchen-products.html">Kitchen products</a>
                        </li>
                        <li>
                            <a class="estDynamic" href="../household-and-outdoors/window-and-floor-cleaners.html">Window and floor cleaner</a>
                        </li>
                        <li>
                            <a class="estDynamic" href="../household-and-outdoors/repellents.html">Repellents</a>
                        </li>
                        <li>
                            <a class="estDynamic" href="../household-and-outdoors/disposable-tableware.html">Disposable tableware</a>
                        </li>
                    </ul>
                </li>
                <li>
                    <img src="../../cdn.spesati.com/images/menu/animals.png"/>
                    Pets                    <i class="fa fa-angle-down" aria-hidden="true"></i>
                    <ul class="sub-menu">
                        <li>
                            <a class="estDynamic" href="../pets/pet-food-other-animals.html">Other animals pet food</a>
                        </li>
                        <li>
                            <a class="estDynamic" href="../pets/pet-food-dogs.html">Pet food dogs</a>
                        </li>
                        <li>
                            <a class="estDynamic" href="../pets/pet-food-cats.html">Pet food cats</a>
                        </li>
                        <li>
                            <a class="estDynamic" href="../pets/hygiene-and-cleaning.html">Hygiene and cleaning</a>
                        </li>
                    </ul>
                </li>
                <li>
                    <img src="../../cdn.spesati.com/images/menu/technology.png"/>
                    Technology                    <i class="fa fa-angle-down" aria-hidden="true"></i>
                    <ul class="sub-menu">
                        <li>
                            <a class="estDynamic" href="../technology/accessories.html">Accessories</a>
                        </li>
                        <li>
                            <a class="estDynamic" href="../technology/computer.html">Computer</a>
                        </li>
                        <li>
                            <a class="estDynamic" href="../technology/telephones.html">Telephones</a>
                        </li>
                        <li>
                            <a class="estDynamic" href="../technology/tv.html">TV</a>
                        </li>
                    </ul>
                </li>
                <li>
                    <img src="../../cdn.spesati.com/images/menu/gluten-free.png"/>
                    Gluten free                    <i class="fa fa-angle-down" aria-hidden="true"></i>
                    <ul class="sub-menu">
                        <li>
                            <a class="estDynamic" href="../gluten-free/frozen-foods.html">Frozen foods</a>
                        </li>
                        <li>
                            <a class="estDynamic" href="../gluten-free/beer.html">Beer</a>
                        </li>
                        <li>
                            <a class="estDynamic" href="../gluten-free/sweets.html">Sweets</a>
                        </li>
                        <li>
                            <a class="estDynamic" href="../gluten-free/bread-and-pasta.html">Bread and pasta</a>
                        </li>
                        <li>
                            <a class="estDynamic" href="../gluten-free/shelf.html">Cupboard</a>
                        </li>
                    </ul>
                </li>
                <li>
                    <img src="../../cdn.spesati.com/images/menu/lactose-free.png"/>
                    Lactose free                    <i class="fa fa-angle-down" aria-hidden="true"></i>
                    <ul class="sub-menu">
                        <li>
                            <a class="estDynamic" href="../lactose-free/frozen-foods.html">Frozen foods</a>
                        </li>
                        <li>
                            <a class="estDynamic" href="../lactose-free/sweets.html">Sweets</a>
                        </li>
                        <li>
                            <a class="estDynamic" href="../lactose-free/dairy-product.html">Dairy product</a>
                        </li>
                        <li>
                            <a class="estDynamic" href="../lactose-free/shelf.html">Cupboard</a>
                        </li>
                    </ul>
                </li>
                <li>
                    <img src="../../cdn.spesati.com/images/menu/special.png"/>
                    Special                    <i class="fa fa-angle-down" aria-hidden="true"></i>
                    <ul class="sub-menu">
                        <li>
                            <a class="estDynamic" href="../special/alpro.html">Alpro</a>
                        </li>
                        <li>
                            <a class="estDynamic" href="../special/organic.html">Biological</a>
                        </li>
                        <li>
                            <a class="estDynamic" href="../special/meat.html">Meat</a>
                        </li>
                        <li>
                            <a class="estDynamic" href="../special/wholegrain.html">Wholegrain</a>
                        </li>
                        <li>
                            <a class="estDynamic" href="../special/bread-and-pasta.html">Bread and pasta</a>
                        </li>
                        <li>
                            <a class="estDynamic" href="../special/vegan.html">Vegan</a>
                        </li>
                    </ul>
                </li>
                <li>
                    <img src="../../cdn.spesati.com/images/menu/sardinian-products.png"/>
                    Sardinian products                    <i class="fa fa-angle-down" aria-hidden="true"></i>
                    <ul class="sub-menu">
                        <li>
                            <a class="estDynamic" href="../sardinian-products/drinks.html">Drinks</a>
                        </li>
                        <li>
                            <a class="estDynamic" href="../sardinian-products/meat.html">Meat</a>
                        </li>
                        <li>
                            <a class="estDynamic" href="../sardinian-products/sweets.html">Sweets</a>
                        </li>
                        <li>
                            <a class="estDynamic" href="../sardinian-products/fruit-and-vegetables.html">Fruit and vegetables</a>
                        </li>
                        <li>
                            <a class="estDynamic" href="../sardinian-products/ichnusa.html">Ichnusa</a>
                        </li>
                        <li>
                            <a class="estDynamic" href="../sardinian-products/dairy-product.html">Dairy product</a>
                        </li>
                        <li>
                            <a class="estDynamic" href="../sardinian-products/bread-and-pasta.html">Bread and pasta</a>
                        </li>
                        <li>
                            <a class="estDynamic" href="../sardinian-products/fish.html">Fish</a>
                        </li>
                        <li>
                            <a class="estDynamic" href="../sardinian-products/cured-meat.html">Cured meat</a>
                        </li>
                        <li>
                            <a class="estDynamic" href="../sardinian-products/shelf.html">Cupboard</a>
                        </li>
                        <li>
                            <a class="estDynamic" href="../sardinian-products/vermentino-wine.html">Vermentino wine</a>
                        </li>
                        <li>
                            <a class="estDynamic" href="../sardinian-products/wine-beer-and-spirits.html">Wine beer and spirits</a>
                        </li>
                    </ul>
                </li>
            </ul>
        </li>
        <li>
            <a href="../about.html">About</a>
        </li>
        <li>
            <a href="../faq.html">Faq</a>
        </li>
        <li>
            <a href="../customer-care.html">Support</a>
        </li>
        <li>
            <a href="../news.html">Blog</a>
        </li>
        <li>
            <a href="../terms-and-conditions.html">Conditions</a>
        </li>
        <li>
            <a href="../privacy-policy.html">Privacy policy</a>
        </li>
        <li>
            <a href="../login.html">Login</a>
        </li>
        <li>
             <a href="../sign-up.html">Sign up</a>
        </li>
    </ul>
</div><section class="first">
    <div id="menuCategories" class="colLeft">
    <ul id="main_nav" >
        <li>
            <a class="estDynamic" href="../on-offer.html">
               <img src="../../cdn.spesati.com/images/menu/on-sale.png"/>
               On sale            </a>
            <i class="fa fa-angle-right" aria-hidden="true"></i>
            <ul class="sub-menu">
                <li>
    <a href="../tacchino-fesa-a-fette.html" class="estDynamic">Tacchino Fesa A Fette</a>
</li><li>
    <a href="../amaro-montenegro-15lt.html" class="estDynamic">Amaro Montenegro 1,5lt</a>
</li><li>
    <a href="../carbone-di-legna-sacco-10kg.html" class="estDynamic">Carbone Di Legna Sacco 10Kg</a>
</li><li>
    <a href="../filu-e-ferru-silvio-carta-70cl.html" class="estDynamic">Filu E Ferru Silvio Carta 70Cl</a>
</li><li>
    <a href="../braciole-suino-con-cotenna.html" class="estDynamic">Braciole Suino Con Cotenna</a>
</li><li>
    <a href="../bovino-adulto-polpa.html" class="estDynamic">Bovino Adulto Polpa</a>
</li><li>
    <a href="../vino-la-palma-cannonau-le-bombarde.html" class="estDynamic">Vino La Palma Cannonau Le Bombarde</a>
</li><li>
    <a href="../fettine-sceltissime-bovino-adulto.html" class="estDynamic">Fettine Sceltissime Bovino Adulto</a>
</li><li>
    <a href="../suino-fettine-scelte.html" class="estDynamic">Suino Fettine Scelte</a>
</li><li>
    <a href="../lavazza-caffe-qualita-rossa-2x250gr.html" class="estDynamic">Lavazza Caffé Qualità Rossa 2x250gr</a>
</li>                <li>
                    <a class="estDynamic" href="../on-offer.html">All products on sale</a>
                </li>
            </ul>
        </li>
        <li>
            <a class="estDynamic" href="../gift.html">
               <img src="../../cdn.spesati.com/images/menu/gift.png"/>
               Gifts            </a>
            <i class="fa fa-angle-right" aria-hidden="true"></i>
            <ul class="sub-menu">
                <li>
    <a href="../gift-card-da-150.html" class="estDynamic">Gift Card Da 150</a>
</li><li>
    <a href="../gift-card-da-100.html" class="estDynamic">Gift Card Da 100</a>
</li><li>
    <a href="../gift-card-da-50.html" class="estDynamic">Gift Card Da 50</a>
</li><li>
    <a href="../gift-card-da-25.html" class="estDynamic">Gift Card Da 25</a>
</li>                <li>
                    <a class="estDynamic" href="../gift.html">All products in the gifts category</a>
                </li>
            </ul>
        </li>
        <li>
            <a class="estDynamic" href="../gift-card.html">
               <img src="../../cdn.spesati.com/images/menu/gift-card.png"/>
               Gift card and discounts            </a>
            <i class="fa fa-angle-right" aria-hidden="true"></i>
            <ul class="sub-menu">
                <li>
    <a href="../gift-card-da-150.html">Gift Card Da 150</a>
</li><li>
    <a href="../gift-card-da-100.html">Gift Card Da 100</a>
</li><li>
    <a href="../gift-card-da-50.html">Gift Card Da 50</a>
</li><li>
    <a href="../gift-card-da-25.html">Gift Card Da 25</a>
</li>            </ul>
        </li>
        <li>
            <a class="estDynamic" href="../fruit-and-vegetables.html">
               <img src="../../cdn.spesati.com/images/menu/fuit-and-vegetables.png"/>
               Fruit and vegetables           </a>
            <i class="fa fa-angle-right" aria-hidden="true"></i>
            <ul class="sub-menu">
                <li>
                    <a class="estDynamic" href="pulses-and-beans.html">Cereals and pulses and beans</a>
                </li>
                <li>
                    <a class="estDynamic" href="fruit.html">Fruit</a>
                </li>
                <li>
                    <a class="estDynamic" href="canned-fruit.html">Canned fruit</a>
                </li>
                <li>
                    <a class="estDynamic" href="dried-fruit.html">Dried fruit</a>
                </li>
                <li>
                    <a class="estDynamic" href="ready-salads.html">Ready salads</a>
                </li>
                <li>
                    <a class="estDynamic" href="fresh-spices.html">Fresh spices</a>
                </li>
                <li>
                    <a class="estDynamic" href="vegetables.html">Vegetables and soy</a>
                </li>
            </ul>
        </li>
        <li>
            <a class="estDynamic" href="../fresh-products.html">
                <img src="../../cdn.spesati.com/images/menu/fresh-products.png"/>
                Fresh products            </a>
            <i class="fa fa-angle-right" aria-hidden="true"></i>
            <ul class="sub-menu">
                <li>
                    <a class="estDynamic" href="../fresh-products/margarine-and-butter.html">Butter and margarine</a>
                </li>
                <li>
                    <a class="estDynamic" href="../fresh-products/danone.html">Danone</a>
                </li>
                <li>
                    <a class="estDynamic" href="../fresh-products/dessert.html">Dessert</a>
                </li>
                <li>
                    <a class="estDynamic" href="../fresh-products/sweets.html">Sweets</a>
                </li>
                <li>
                    <a class="estDynamic" href="../fresh-products/dairy-products.html">Dairy product</a>
                </li>
                <li>
                    <a class="estDynamic" href="../fresh-products/bakery.html">Yeast</a>
                </li>
                <li>
                    <a class="estDynamic" href="../fresh-products/mascarpone.html">Mascarpone</a>
                </li>
                <li>
                    <a class="estDynamic" href="../fresh-products/snacks.html">Snacks</a>
                </li>
                <li>
                    <a class="estDynamic" href="../fresh-products/mozzarella.html">Mozzarella</a>
                </li>
                <li>
                    <a class="estDynamic" href="../fresh-products/pasta.html">Pasta</a>
                </li>
                <li>
                    <a class="estDynamic" href="../fresh-products/pesto-and-sauces.html">Pesto and sauces</a>
                </li>
                <li>
                    <a class="estDynamic" href="../fresh-products/ricotta-and-cheese.html">Ricotta and cheese</a>
                </li>
                <li>
                    <a class="estDynamic" href="../fresh-products/cured-meat.html">Cured meat</a>
                </li>
                <li>
                    <a class="estDynamic" href="../fresh-products/wurstel.html">Würstel</a>
                </li>
                <li>
                    <a class="estDynamic" href="../fresh-products/yogurt.html">Yogurt</a>
                </li>
            </ul>
        </li>
        <li>
            <a class="estDynamic" href="../frozen-foods.html">
                <img src="../../cdn.spesati.com/images/menu/frozen-foods.png"/>
                Frozen foods            </a>
            <i class="fa fa-angle-right" aria-hidden="true"></i>
            <ul class="sub-menu">
                <li>
                    <a class="estDynamic" href="../frozen-foods/meat.html">Meat</a>
                </li>
                <li>
                    <a class="estDynamic" href="../frozen-foods/ice-creams.html">Ice cream and sweet</a>
                </li>
                <li>
                    <a class="estDynamic" href="../frozen-foods/pasta.html">Pasta</a>
                </li>
                <li>
                    <a class="estDynamic" href="../frozen-foods/fish.html">Fish</a>
                </li>
                <li>
                    <a class="estDynamic" href="../frozen-foods/ready-meals.html">Ready meals</a>
                </li>
                <li>
                    <a class="estDynamic" href="../frozen-foods/pizzas.html">Pizzas</a>
                </li>
                <li>
                    <a class="estDynamic" href="../frozen-foods/vegetables.html">Vegetables and soy</a>
                </li>
            </ul>
        </li>
        <li>
            <a class="estDynamic" href="../bread-and-pasta.html">
                <img src="../../cdn.spesati.com/images/menu/bread-and-pasta.png"/>
                Bread and pasta            </a>
            <i class="fa fa-angle-right" aria-hidden="true"></i>
            <ul class="sub-menu">
                <li>
                    <a class="estDynamic" href="../bread-and-pasta/crackers.html">Crackers</a>
                </li>
                <li>
                    <a class="estDynamic" href="../bread-and-pasta/rusks.html">Rusks</a>
                </li>
                <li>
                    <a class="estDynamic" href="../bread-and-pasta/white-bread.html">White bread</a>
                </li>
                <li>
                    <a class="estDynamic" href="../bread-and-pasta/local-bread.html">Local bread</a>
                </li>
                <li>
                    <a class="estDynamic" href="../bread-and-pasta/soft-bread.html">Soft bread</a>
                </li>
                <li>
                    <a class="estDynamic" href="../bread-and-pasta/sardinian-bread.html">Sardinian bread</a>
                </li>
                <li>
                    <a class="estDynamic" href="../bread-and-pasta/bakery.html">Bakery</a>
                </li>
                <li>
                    <a class="estDynamic" href="../bread-and-pasta/pasta.html">Pasta</a>
                </li>
                <li>
                    <a class="estDynamic" href="../bread-and-pasta/fresh-pasta.html">Fresh pasta</a>
                </li>
            </ul>
        </li>
        <li>
            <a class="estDynamic" href="../meat.html">
                <img src="../../cdn.spesati.com/images/menu/meat.png"/>
                Meat            </a>
            <i class="fa fa-angle-right" aria-hidden="true"></i>
            <ul class="sub-menu">
                <li>
                    <a class="estDynamic" href="../meat/beef.html">Beef</a>
                </li>
                <li>
                    <a class="estDynamic" href="../meat/goat.html">Goat</a>
                </li>
                <li>
                    <a class="estDynamic" href="../meat/packaged-meat.html">Packaged meat</a>
                </li>
                <li>
                    <a class="estDynamic" href="../meat/rabbit.html">Rabbit</a>
                </li>
                <li>
                    <a class="estDynamic" href="../meat/horse.html">Horse</a>
                </li>
                <li>
                    <a class="estDynamic" href="../meat/pork.html">Pork</a>
                </li>
                <li>
                    <a class="estDynamic" href="../meat/lamb.html">Lamb</a>
                </li>
                <li>
                    <a class="estDynamic" href="../meat/poultry.html">Poultry</a>
                </li>
            </ul>
        </li>
        <li>
            <a class="estDynamic" href="../fish.html">
                <img src="../../cdn.spesati.com/images/menu/fish.png"/>
                Fish            </a>
            <i class="fa fa-angle-right" aria-hidden="true"></i>
            <ul class="sub-menu">
                <li>
                    <a class="estDynamic" href="../fish/fresh-water.html">Fresh water</a>
                </li>
                <li>
                    <a class="estDynamic" href="../fish/salt-water.html">Salt water</a>
                </li>
                <li>
                    <a class="estDynamic" href="../fish/mussels.html">Mussels</a>
                </li>
                <li>
                    <a class="estDynamic" href="../fish/dried-and-salted.html">Dried and salted</a>
                </li>
                <li>
                    <a class="estDynamic" href="../fish/seafood-salad.html">Seafood salad</a>
                </li>
                <li>
                    <a class="estDynamic" href="../fish/prepared.html">Prepared</a>
                </li>
                <li>
                    <a class="estDynamic" href="../fish/specialty.html">Specialty</a>
                </li>   
                <li>
                    <a class="estDynamic" href="../fish/tuna-and-salmon.html">Tuna and salmon</a>
                </li>
            </ul>
        </li>
        <li>
            <a class="estDynamic" href="../wine-beer-and-spirits.html">
                <img src="../../cdn.spesati.com/images/menu/alcohol.png"/>
                Wine beer and spirits            </a>
            <i class="fa fa-angle-right" aria-hidden="true"></i>
            <ul class="sub-menu">
                <li>
                    <a class="estDynamic" href="../wine-beer-and-spirits/spirits-and-liquors.html">Alcohol</a>
                </li>
                <li>
                    <a class="estDynamic" href="../wine-beer-and-spirits/bitters.html">Bitters</a>
                </li>
                <li>
                    <a class="estDynamic" href="../wine-beer-and-spirits/aperatif.html">Aperatifs</a>
                </li>
                <li>
                    <a class="estDynamic" href="../wine-beer-and-spirits/beer.html">Beer</a>
                </li>
                <li>
                    <a class="estDynamic" href="../wine-beer-and-spirits/creams.html">Creams</a>
                </li>
                <li>
                    <a class="estDynamic" href="../wine-beer-and-spirits/spirits.html">Spirits</a>
                </li>
                <li>
                    <a class="estDynamic" href="../wine-beer-and-spirits/liquors.html">Liquors</a>
                </li>
                <li>
                    <a class="estDynamic" href="../wine-beer-and-spirits/white-wine.html">White wine</a>
                </li>
                <li>
                    <a class="estDynamic" href="../wine-beer-and-spirits/prosecco-wine.html">Prosecco wine</a>
                </li>
                <li>
                    <a class="estDynamic" href="../wine-beer-and-spirits/rose-wine.html">Rose wine</a>
                </li>
                <li>
                    <a class="estDynamic" href="../wine-beer-and-spirits/red-wine.html">Red wine</a>
                </li>
                <li>
                    <a class="estDynamic" href="../wine-beer-and-spirits/specialty-wine.html">Special wine</a>
                </li>
                <li>
                    <a class="estDynamic" href="../wine-beer-and-spirits/sparkling-wine.html">Sparkling wine</a>
                </li>
                <li>
                    <a class="estDynamic" href="../wine-beer-and-spirits/vermentino-wine.html">Vermentino wine</a>
                </li>
            </ul>
        </li>
        <li>
            <a class="estDynamic" href="../water-and-drinks.html">
                <img src="../../cdn.spesati.com/images/menu/water-and-drinks.png"/>
                Water and drinks            </a>
            <i class="fa fa-angle-right" aria-hidden="true"></i>
            <ul class="sub-menu">
                <li>
                    <a class="estDynamic" href="../water-and-drinks/san-martino.html">San Martino</a>
                </li>
                <li>
                    <a class="estDynamic" href="../water-and-drinks/water.html">Water</a>
                </li>
                <li>
                    <a class="estDynamic" href="../water-and-drinks/alpro.html">Alpro</a>
                </li>
                <li>
                    <a class="estDynamic" href="../water-and-drinks/fizzy-drinks.html">Fizzy drinks</a>
                </li>
                <li>
                    <a class="estDynamic" href="../water-and-drinks/coca-cola.html">Coca-Cola</a>
                </li>
                <li>
                    <a class="estDynamic" href="../water-and-drinks/energy-drink.html">Energy drink</a>
                </li>
                <li>
                    <a class="estDynamic" href="../water-and-drinks/syrups.html">Syrups</a>
                </li>
                <li>
                    <a class="estDynamic" href="../water-and-drinks/supplements.html">Supplements</a>
                </li>
                <li>
                    <a class="estDynamic" href="../water-and-drinks/instant-drinks.html">Instant drinks</a>
                </li>
                <li>
                    <a class="estDynamic" href="../water-and-drinks/juice.html">Juice</a>
                </li>
                <li>
                    <a class="estDynamic" href="../water-and-drinks/tea.html">Tea</a>
                </li>
            </ul>
        </li>
        <li>
            <a class="estDynamic" href="../sweets.html">
                <img src="../../cdn.spesati.com/images/menu/sweets.png"/>
                Sweets            </a>
            <i class="fa fa-angle-right" aria-hidden="true"></i>
            <ul class="sub-menu">
                <li>
                    <a class="estDynamic" href="../sweets/bars-and-snacks.html">Bars and snacks</a>
                </li>
                <li>
                    <a class="estDynamic" href="../sweets/biscuits.html">Biscuits</a>
                </li>
                <li>
                    <a class="estDynamic" href="../sweets/brioches.html">Brioches</a>
                </li>
                <li>
                    <a class="estDynamic" href="../sweets/candy-and-chewing-gum.html">Candy and chewing gum</a>
                </li>
                <li>
                    <a class="estDynamic" href="../sweets/cereals.html">Cereals</a>
                </li>
                <li>
                    <a class="estDynamic" href="../sweets/chocolate.html">Chocolate</a>
                </li>
                <li>
                    <a class="estDynamic" href="../sweets/spreadable-creams.html">Spreads</a>
                </li>
                <li>
                    <a class="estDynamic" href="../sweets/dessert-toppings.html">Dessert toppings</a>
                </li>
                <li>
                    <a class="estDynamic" href="../sweets/jam.html">Jam</a>
                </li>
                <li>
                    <a class="estDynamic" href="../sweets/honey.html">Honey</a>
                </li>
                <li>
                    <a class="estDynamic" href="../sweets/panettoni-and-pandoro.html">Panettone and pandoro</a>
                </li>
                <li>
                    <a class="estDynamic" href="../sweets/pastry.html">Pastry</a>
                </li>
                <li>
                    <a class="estDynamic" href="../sweets/instant-dessert.html">Prepared</a>
                </li>
                <li>
                    <a class="estDynamic" href="../sweets/cakes-and-pies.html">Cakes and pies</a>
                </li>
                <li>
                    <a class="estDynamic" href="../sweets/easter-eggs-and-doves.html">Easter eggs and doves</a>
                </li>
            </ul>
        </li>
        <li>
            <a class="estDynamic" href="../shelf.html">
                <img src="../../cdn.spesati.com/images/menu/shelf.png"/>
                Cupboard            </a>
            <i class="fa fa-angle-right" aria-hidden="true"></i>
            <ul class="sub-menu">
                <li>
                    <a class="estDynamic" href="../shelf/coffee.html">Coffee</a>
                </li>
                <li>
                    <a class="estDynamic" href="../shelf/gift-baskets.html">Gift baskets</a>
                </li>
                <li>
                    <a class="estDynamic" href="../shelf/stock-cubes.html">Nuts and preparations</a>
                </li>
                <li>
                    <a class="estDynamic" href="../shelf/flour-and-baking.html">Flour and baking</a>
                </li>
                <li>
                    <a class="estDynamic" href="../shelf/milk.html">Milk</a>
                </li>
                <li>
                    <a class="estDynamic" href="../shelf/oil-salt-vinegar.html">Oil, vinegar and salt</a>
                </li>
                <li>
                    <a class="estDynamic" href="../shelf/cream-and-bechamel.html">Cream and bechamel</a>
                </li>
                <li>
                    <a class="estDynamic" href="../shelf/crisps-and-pretzels.html">Crisps and pretzels</a>
                </li>
                <li>
                    <a class="estDynamic" href="../shelf/baby-and-infants-products.html">Early childhood products</a>
                </li>
                <li>
                    <a class="estDynamic" href="../shelf/rice.html">Rice</a>
                </li>
                <li>
                    <a class="estDynamic" href="../shelf/tins-and-preserves.html">Tins and Preserves</a>
                </li>
                <li>
                    <a class="estDynamic" href="../shelf/spices.html">Spices</a>
                </li>
                <li>
                    <a class="estDynamic" href="../shelf/sauces.html">Sauces</a>
                </li>
                <li>
                    <a class="estDynamic" href="../shelf/tea-and-infusions.html">Tea and infusions</a>
                </li>
                <li>
                    <a class="estDynamic" href="../shelf/eggs.html">Eggs</a>
                </li>
                <li>
                    <a class="estDynamic" href="../shelf/sugar-and-sweeteners.html">Sugar and sweeteners</a>
                </li>
            </ul>
        </li>
        <li>
            <a class="estDynamic" href="../personal-care.html">
                <img src="../../cdn.spesati.com/images/menu/personal-care.png"/>
                Personal care            </a>
            <i class="fa fa-angle-right" aria-hidden="true"></i>
            <ul class="sub-menu">
                <li>
                    <a class="estDynamic" href="../personal-care/accessories-and-cotton.html">Accessories and cotton</a>
                </li>
                <li>
                    <a class="estDynamic" href="../personal-care/feminine-care-incontinence-and-baby-diapers.html">Feminine incontinence and diapers</a>
                </li>
                <li>
                    <a class="estDynamic" href="../personal-care/shower-gel.html">Shower gel</a>
                </li>
                <li>
                    <a class="estDynamic" href="../personal-care/creams.html">Creams</a>
                </li>
                <li>
                    <a class="estDynamic" href="../personal-care/deodorant.html">Deodorant</a>
                </li>
                <li>
                    <a class="estDynamic" href="../personal-care/hair-removal.html">Hair removal</a>
                </li>
                <li>
                    <a class="estDynamic" href="../personal-care/disinfectants.html">Disinfectants</a>
                </li>
                <li>
                    <a class="estDynamic" href="../personal-care/oral-hygiene.html">Oral hygiene</a>
                </li>
                <li>
                    <a class="estDynamic" href="../personal-care/supplements-and-multivitamins.html">Supplements and multivitamins</a>
                </li>
                <li>
                    <a class="estDynamic" href="../personal-care/first-aid.html">First aid label</a>
                </li>
                <li>
                    <a class="estDynamic" href="../personal-care/beard-products.html">Beard products</a>
                </li>
                <li>
                    <a class="estDynamic" href="../personal-care/hairs-products.html">Hair products</a>
                </li>
                <li>
                    <a class="estDynamic" href="../personal-care/perfume.html">Perfumes</a>
                </li>
                <li>
                    <a class="estDynamic" href="../personal-care/wipes.html">Wipes</a>
                </li>
                <li>
                    <a class="estDynamic" href="../personal-care/soaps-and-body-wash.html">Soaps and body wash</a>
                </li>
                <li>
                    <a class="estDynamic" href="../personal-care/shampoo-and-conditioner.html">Shampoo and conditioner</a>
                </li>
            </ul>
        </li>
        <li>
            <a class="estDynamic" href="../household-and-outdoors.html">
                <img src="../../cdn.spesati.com/images/menu/pellet-and-home.png"/>
                Home and outdoors 
            </a>
            <i class="fa fa-angle-right" aria-hidden="true"></i>
            <ul class="sub-menu">
                <li>
                    <a class="estDynamic" href="../household-and-outdoors/distilled-water.html">Distilled water</a>
                </li>
                <li>
                    <a class="estDynamic" href="../household-and-outdoors/car-products.html">Cars</a>
                </li>
                <li>
                    <a class="estDynamic" href="../household-and-outdoors/bin-bags-and-buckets.html">Bin bags and buckets</a>
                </li>
                <li>
                    <a class="estDynamic" href="../household-and-outdoors/bleach-and-stain-removers.html">Bleach and stain removers</a>
                </li>
                <li>
                    <a class="estDynamic" href="../household-and-outdoors/candles.html">Candles</a>
                </li>
                <li>
                    <a class="estDynamic" href="../household-and-outdoors/kitchen-roll.html">Kitchen roll</a>
                </li>
                <li>
                    <a class="estDynamic" href="../household-and-outdoors/air-fresheners.html">Air fresheners</a>
                </li>
                <li>
                    <a class="estDynamic" href="../household-and-outdoors/laundry-accessories-and-detergent.html">Laundry detergent</a>
                </li>
                <li>
                    <a class="estDynamic" href="../household-and-outdoors/dishwasher-and-washing-up.html">Dishwasher and washing up</a>
                </li>
                <li>
                    <a class="estDynamic" href="../household-and-outdoors/gardening.html">Gardening</a>
                </li>
                <li>
                    <a class="estDynamic" href="../household-and-outdoors/light-bulbs-and-batteries.html">Lightbulbs and batteries</a>
                </li>
                <li>
                    <a class="estDynamic" href="../household-and-outdoors/pellet-and-bbq.html">Pellet and BBQ</a>
                </li>
                <li>
                    <a class="estDynamic" href="../household-and-outdoors/bathroom-products.html">Bathroom products</a>
                </li>
                <li>
                    <a class="estDynamic" href="../household-and-outdoors/home-and-furniture-products.html">Home and furniture products</a>
                </li>
                <li>
                    <a class="estDynamic" href="../household-and-outdoors/kitchen-products.html">Kitchen products</a>
                </li>
                <li>
                    <a class="estDynamic" href="../household-and-outdoors/window-and-floor-cleaners.html">Window and floor cleaner</a>
                </li>
                <li>
                    <a class="estDynamic" href="../household-and-outdoors/repellents.html">Repellents</a>
                </li>
                <li>
                    <a class="estDynamic" href="../household-and-outdoors/disposable-tableware.html">Disposable tableware</a>
                </li>
            </ul>
        </li>
        <li>
            <a class="estDynamic" href="../pet.html">
                <img src="../../cdn.spesati.com/images/menu/animals.png"/>
                Pets            </a>
            <i class="fa fa-angle-right" aria-hidden="true"></i>
            <ul class="sub-menu">
                <li>
                    <a class="estDynamic" href="../pets/pet-food-other-animals.html">Other animals pet food</a>
                </li>
                <li>
                    <a class="estDynamic" href="../pets/pet-food-dogs.html">Pet food dogs</a>
                </li>
                <li>
                    <a class="estDynamic" href="../pets/pet-food-cats.html">Pet food cats</a>
                </li>
                <li>
                    <a class="estDynamic" href="../pets/hygiene-and-cleaning.html">Hygiene and cleaning</a>
                </li>
            </ul>
        </li>
        <li>
            <a class="estDynamic" href="../technology.html">
                <img src="../../cdn.spesati.com/images/menu/technology.png"/>
                Technology            </a>
            <i class="fa fa-angle-right" aria-hidden="true"></i>
            <ul class="sub-menu">
                <li>
                    <a class="estDynamic" href="../technology/accessories.html">Accessories</a>
                </li>
                <li>
                    <a class="estDynamic" href="../technology/computer.html">Computer</a>
                </li>
                <li>
                    <a class="estDynamic" href="../technology/telephones.html">Telephones</a>
                </li>
                <li>
                    <a class="estDynamic" href="../technology/tv.html">TV</a>
                </li>
            </ul>
        </li>
        <li>
            <a class="estDynamic" href="../gluten-free.html">
                <img src="../../cdn.spesati.com/images/menu/gluten-free.png"/>
                Gluten free            </a>
            <i class="fa fa-angle-right" aria-hidden="true"></i>
            <ul class="sub-menu">
                <li>
                    <a class="estDynamic" href="../gluten-free/frozen-foods.html">Frozen foods</a>
                </li>
                <li>
                    <a class="estDynamic" href="../gluten-free/beer.html">Beer</a>
                </li>
                <li>
                    <a class="estDynamic" href="../gluten-free/sweets.html">Sweets</a>
                </li>
                <li>
                    <a class="estDynamic" href="../gluten-free/bread-and-pasta.html">Bread and pasta</a>
                </li>
                <li>
                    <a class="estDynamic" href="../gluten-free/shelf.html">Cupboard</a>
                </li>
            </ul>
        </li>
        <li>
            <a class="estDynamic" href="../lactose-free.html">
                <img src="../../cdn.spesati.com/images/menu/lactose-free.png"/>
                Lactose free            </a>
            <i class="fa fa-angle-right" aria-hidden="true"></i>
            <ul class="sub-menu">
                <li>
                    <a class="estDynamic" href="../lactose-free/frozen-foods.html">Frozen foods</a>
                </li>
                <li>
                    <a class="estDynamic" href="../lactose-free/sweets.html">Sweets</a>
                </li>
                <li>
                    <a class="estDynamic" href="../lactose-free/dairy-product.html">Dairy product</a>
                </li>
                <li>
                    <a class="estDynamic" href="../lactose-free/shelf.html">Cupboard</a>
                </li>
            </ul>
        </li>
        <li>
            <a class="estDynamic" href="../special.html">
                <img src="../../cdn.spesati.com/images/menu/special.png"/>
                Special            </a>
            <i class="fa fa-angle-right" aria-hidden="true"></i>
            <ul class="sub-menu">
                <li>
                    <a class="estDynamic" href="../special/alpro.html">Alpro</a>
                </li>
                <li>
                    <a class="estDynamic" href="../special/organic.html">Biological</a>
                </li>
                <li>
                    <a class="estDynamic" href="../special/meat.html">Meat</a>
                </li>
                <li>
                    <a class="estDynamic" href="../special/wholegrain.html">Wholegrain</a>
                </li>
                <li>
                    <a class="estDynamic" href="../special/bread-and-pasta.html">Bread and pasta</a>
                </li>
                <li>
                    <a class="estDynamic" href="../special/vegan.html">Vegan</a>
                </li>
            </ul>
        </li>
        <li>
            <a class="estDynamic" href="../sardinian-products.html">
                <img src="../../cdn.spesati.com/images/menu/sardinian-products.png"/>
                Sardinian products            </a>
            <i class="fa fa-angle-right" aria-hidden="true"></i>
            <ul class="sub-menu">
                <li>
                    <a class="estDynamic" href="../sardinian-products/drinks.html">Drinks</a>
                </li>
                <li>
                    <a class="estDynamic" href="../sardinian-products/meat.html">Meat</a>
                </li>
                <li>
                    <a class="estDynamic" href="../sardinian-products/sweets.html">Sweets</a>
                </li>
                <li>
                    <a class="estDynamic" href="../sardinian-products/fruit-and-vegetables.html">Fruit and vegetables</a>
                </li>
                <li>
                    <a class="estDynamic" href="../sardinian-products/ichnusa.html">Ichnusa</a>
                </li>
                <li>
                    <a class="estDynamic" href="../sardinian-products/dairy-product.html">Dairy product</a>
                </li>
                <li>
                    <a class="estDynamic" href="../sardinian-products/bread-and-pasta.html">Bread and pasta</a>
                </li>
                <li>
                    <a class="estDynamic" href="../sardinian-products/fish.html">Fish</a>
                </li>
                <li>
                    <a class="estDynamic" href="../sardinian-products/cured-meat.html">Cured meat</a>
                </li>
                <li>
                    <a class="estDynamic" href="../sardinian-products/shelf.html">Cupboard</a>
                </li>
                <li>
                    <a class="estDynamic" href="../sardinian-products/vermentino-wine.html">Vermentino wine</a>
                </li>
                <li>
                    <a class="estDynamic" href="../sardinian-products/wine-beer-and-spirits.html">Wine beer and spirits</a>
                </li>
            </ul>
        </li>
    </ul>
</div>    <div class="colRight">
        <div class="title mobile">
	<a href="../fruit-and-vegetables.html"><i class="fa red fa-angle-left fa-3x mobile" aria-hidden="true"></i></a>
	<h2>
		<b>
			fruit		</b>
	</h2>
</div>

<div class="breadcrumb bgGrey internal">
	<p>
		<b>
			<a href="../index.html">Home</a>
												&gt; <a href="../fruit-and-vegetables.html">Fruit and vegetables</a>
																&gt; Fruit									</b>
	</p>
	<div>
		<p>Order by</p>
		<select name="orderProd" id="orderProd">
			<option disabled="disabled" selected="selected">- Choose -</option>
			<option value="nameAsc">Name (A - Z)</option>
			<option value="nameDes">Name (Z - A)</option>
			<option value="priceHigh">Price - High to low</option>
			<option value="priceLow">Price - Low to high</option>
			<option value="soldAsc">Best Selling</option>
			<option value="available">Availability</option>
		</select>
	</div>
</div>
        <div class="containerProduct">
            <div class="left product prod1"
        data-name="Pere Abate"
        data-price="2.59"
        data-id="1951"
        data-available="yes"
        data-category="6665"
        data-bestselling="7">
    <a href="../pere-abate.html">
        <div style="background-image: url('../../cdn.spesati.com/images/products/98052901/pere-abate-cat.jpg')">
            <div class="hover"></div>
            <p class="arrow bgRed white">Best Seller</p>
            <div class="stickers"></div>
        </div>
    </a>
    <div>
        <h4><a href="../pere-abate.html"><b>Pere Abate</b></a></h4>
        <p class="description">medium weight 1 Kg</p>
        <p class="right price"><b>2.59 €</b></p>
        <p class="right unitPrice">2.59 € per kg</p>
    </div>
    <div class="contButton">
    <a class="button bgRed white addToCart" href="#">Add</a>
</div>
</div><div class="left product prod2"
        data-name="Mele Golden Melinda 90/95"
        data-price="2.59"
        data-id="1914"
        data-available="yes"
        data-category="6566"
        data-bestselling="7">
    <a href="../mele-golden-melinda-9095.html">
        <div style="background-image: url('../../cdn.spesati.com/images/products/98043001/mele-golden-cat.jpg')">
            <div class="hover"></div>
            <p class="arrow bgRed white">Best Seller</p>
            <div class="stickers"></div>
        </div>
    </a>
    <div>
        <h4><a href="../mele-golden-melinda-9095.html"><b>Mele Golden Melinda 90/95</b></a></h4>
        <p class="description">medium weight 1 Kg</p>
        <p class="right price"><b>2.59 €</b></p>
        <p class="right unitPrice">2.59 € per kg</p>
    </div>
    <div class="contButton">
    <a class="button bgRed white addToCart" href="#">Add</a>
</div>
</div><div class="left product prod3"
        data-name="Mela Golden Melinda"
        data-price="2.49"
        data-id="1911"
        data-available="yes"
        data-category="6566"
        data-bestselling="10">
    <a href="../mela-golden-melinda.html">
        <div style="background-image: url('../../cdn.spesati.com/images/products/98042801/mela-golden-melinda.jpg')">
            <div class="hover"></div>
            <p class="arrow bgRed white">Best Seller</p>
            <div class="stickers"></div>
        </div>
    </a>
    <div>
        <h4><a href="../mela-golden-melinda.html"><b>Mela Golden Melinda</b></a></h4>
        <p class="description">medium weight 1 Kg</p>
        <p class="right price"><b>2.49 €</b></p>
        <p class="right unitPrice">2.50 € per kg</p>
    </div>
    <div class="contButton">
    <a class="button bgRed white addToCart" href="#">Add</a>
</div>
</div><div class="left product prod4"
        data-name="Ananas"
        data-price="1.91"
        data-id="1893"
        data-available="yes"
        data-category="6670"
        data-bestselling="3">
    <a href="../ananas.html">
        <div style="background-image: url('../../cdn.spesati.com/images/products/73634/ananas-cat-ii.jpg')">
            <div class="hover"></div>
            <p class="arrow bgRed white">Best Seller</p>
            <div class="stickers"></div>
        </div>
    </a>
    <div>
        <h4><a href="../ananas.html"><b>Ananas</b></a></h4>
        <p class="description">medium weight 1.2 Kg</p>
        <p class="right price"><b>1.91 €</b></p>
        <p class="right unitPrice">1.59 € per kg</p>
    </div>
    <div class="contButton">
    <a class="button bgRed white addToCart" href="#">Add</a>
</div>
</div><div class="left product prod5"
        data-name="Mandarini"
        data-price="2.19"
        data-id="1890"
        data-available="yes"
        data-category="503759"
        data-bestselling="5">
    <a href="../mandarini.html">
        <div style="background-image: url('../../cdn.spesati.com/images/products/683801/mandarini-catii-provit.jpg')">
            <div class="hover"></div>
            <p class="arrow bgRed white">Best Seller</p>
            <div class="stickers"></div>
        </div>
    </a>
    <div>
        <h4><a href="../mandarini.html"><b>Mandarini</b></a></h4>
        <p class="description">medium weight 1 Kg</p>
        <p class="right price"><b>2.19 €</b></p>
        <p class="right unitPrice">2.19 € per kg</p>
    </div>
    <div class="contButton">
    <a class="button bgRed white addToCart" href="#">Add</a>
</div>
</div><div class="left product prod6"
        data-name="Pompelmo Rosa Cat.Ii Prov.It"
        data-price="2.69"
        data-id="1891"
        data-available="yes"
        data-category="503759"
        data-bestselling="">
    <a href="../pompelmo-rosa-catii-provit.html">
        <div style="background-image: url('../../cdn.spesati.com/images/products/583651/pompelmo-rosa-catii.jpg')">
            <div class="hover"></div>
            
            <div class="stickers"></div>
        </div>
    </a>
    <div>
        <h4><a href="../pompelmo-rosa-catii-provit.html"><b>Pompelmo Rosa Cat.Ii Prov.It</b></a></h4>
        <p class="description">medium weight 1 Kg</p>
        <p class="right price"><b>2.69 €</b></p>
        <p class="right unitPrice">2.69 € per kg</p>
    </div>
    <div class="contButton">
    <a class="button bgRed white addToCart" href="#">Add</a>
</div>
</div><div class="left product prod7"
        data-name="Clementine"
        data-price="2.19"
        data-id="1887"
        data-available="yes"
        data-category="503759"
        data-bestselling="14">
    <a href="../clementine.html">
        <div style="background-image: url('../../cdn.spesati.com/images/products/58361401/clementine-cat-ii.jpg')">
            <div class="hover"></div>
            <p class="arrow bgRed white">Best Seller</p>
            <div class="stickers"></div>
        </div>
    </a>
    <div>
        <h4><a href="../clementine.html"><b>Clementine</b></a></h4>
        <p class="description">medium weight 1 Kg</p>
        <p class="right price"><b>2.19 €</b></p>
        <p class="right unitPrice">2.19 € per kg</p>
    </div>
    <div class="contButton">
    <a class="button bgRed white addToCart" href="#">Add</a>
</div>
</div><div class="left product prod8"
        data-name="Pere Kaiser"
        data-price="4.79"
        data-id="6127"
        data-available="yes"
        data-category="6665"
        data-bestselling="">
    <a href="../pere-kaiser.html">
        <div style="background-image: url('../../cdn.spesati.com/images/products/57533801/pere-kaiser-01.jpg')">
            <div class="hover"></div>
            
            <div class="stickers"></div>
        </div>
    </a>
    <div>
        <h4><a href="../pere-kaiser.html"><b>Pere Kaiser</b></a></h4>
        <p class="description">medium weight 1 Kg</p>
        <p class="right price"><b>4.79 €</b></p>
        <p class="right unitPrice">4.79 € per kg</p>
    </div>
    <div class="contButton">
    <a class="button bgRed white addToCart" href="#">Add</a>
</div>
</div><div class="left product prod9"
        data-name="Cachi Cat II Prov It"
        data-price="3.59"
        data-id="1901"
        data-available="yes"
        data-category="499906"
        data-bestselling="2">
    <a href="../cachi-cat-ii-prov-it.html">
        <div style="background-image: url('../../cdn.spesati.com/images/products/57261810/caki-parsimon-cat.jpg')">
            <div class="hover"></div>
            <p class="arrow bgRed white">Best Seller</p>
            <div class="stickers"></div>
        </div>
    </a>
    <div>
        <h4><a href="../cachi-cat-ii-prov-it.html"><b>Cachi Cat II Prov It</b></a></h4>
        <p class="description">medium weight 1 Kg</p>
        <p class="right price"><b>3.59 €</b></p>
        <p class="right unitPrice">3.59 € per kg</p>
    </div>
    <div class="contButton">
    <a class="button bgRed white addToCart" href="#">Add</a>
</div>
</div><div class="left product prod10"
        data-name="Banane"
        data-price="1.95"
        data-id="1900"
        data-available="yes"
        data-category="6574"
        data-bestselling="30">
    <a href="../banane.html">
        <div style="background-image: url('../../cdn.spesati.com/images/products/5715401/banane-cat-ii.jpg')">
            <div class="hover"></div>
            <p class="arrow bgRed white">Best Seller</p>
            <div class="stickers"></div>
        </div>
    </a>
    <div>
        <h4><a href="../banane.html"><b>Banane</b></a></h4>
        <p class="description">medium weight 1 Kg</p>
        <p class="right price"><b>1.95 €</b></p>
        <p class="right unitPrice">1.96 € per kg</p>
    </div>
    <div class="contButton">
    <a class="button bgRed white addToCart" href="#">Add</a>
</div>
</div><div class="left product prod11"
        data-name="Arance"
        data-price="1.89"
        data-id="1885"
        data-available="yes"
        data-category="503759"
        data-bestselling="9">
    <a href="../arance.html">
        <div style="background-image: url('../../cdn.spesati.com/images/products/57133401/arance-cat-ii.jpg')">
            <div class="hover"></div>
            <p class="arrow bgRed white">Best Seller</p>
            <div class="stickers"></div>
        </div>
    </a>
    <div>
        <h4><a href="../arance.html"><b>Arance</b></a></h4>
        <p class="description">medium weight 1 Kg</p>
        <p class="right price"><b>1.89 €</b></p>
        <p class="right unitPrice">1.89 € per kg</p>
    </div>
    <div class="contButton">
    <a class="button bgRed white addToCart" href="#">Add</a>
</div>
</div><div class="left product prod12"
        data-name="Avocados"
        data-price="5.19"
        data-id="3175"
        data-available="yes"
        data-category="499906"
        data-bestselling="2">
    <a href="../avocados.html">
        <div style="background-image: url('../../cdn.spesati.com/images/products/5257101/avocados-cat-ii.jpg')">
            <div class="hover"></div>
            <p class="arrow bgRed white">Best Seller</p>
            <div class="stickers"></div>
        </div>
    </a>
    <div>
        <h4><a href="../avocados.html"><b>Avocados</b></a></h4>
        <p class="description">1 piece</p>
        <p class="right price"><b>5.19 €</b></p>
        <p class="right unitPrice">5.19 € per kg</p>
    </div>
    <div class="contButton">
    <a class="button bgRed white addToCart" href="#">Add</a>
</div>
</div><div class="left product prod13"
        data-name="Uva Bianca"
        data-price="4.29"
        data-id="33428"
        data-available="yes"
        data-category="6626"
        data-bestselling="1">
    <a href="../uva-bianca.html">
        <div style="background-image: url('../../cdn.spesati.com/images/products/474373/uva-bianca-pizzutella-01.jpg')">
            <div class="hover"></div>
            <p class="arrow bgRed white">Best Seller</p>
            <div class="stickers"></div>
        </div>
    </a>
    <div>
        <h4><a href="../uva-bianca.html"><b>Uva Bianca</b></a></h4>
        <p class="description">medium weight 1 Kg</p>
        <p class="right price"><b>4.29 €</b></p>
        <p class="right unitPrice">4.30 € per kg</p>
    </div>
    <div class="contButton">
    <a class="button bgRed white addToCart" href="#">Add</a>
</div>
</div><div class="left product prod14"
        data-name="Susine Categoria Ii Provenienza Italia"
        data-price="2.69"
        data-id="4293"
        data-available="yes"
        data-category="6674"
        data-bestselling="4">
    <a href="../susine-categoria-ii-provenienza-italia.html">
        <div style="background-image: url('../../cdn.spesati.com/images/products/474332/susine-categoria-01.jpg')">
            <div class="hover"></div>
            <p class="arrow bgRed white">Best Seller</p>
            <div class="stickers"></div>
        </div>
    </a>
    <div>
        <h4><a href="../susine-categoria-ii-provenienza-italia.html"><b>Susine Categoria Ii Provenienza Italia</b></a></h4>
        <p class="description">medium weight 1 Kg</p>
        <p class="right price"><b>2.69 €</b></p>
        <p class="right unitPrice">2.69 € per kg</p>
    </div>
    <div class="contButton">
    <a class="button bgRed white addToCart" href="#">Add</a>
</div>
</div><div class="left product prod15"
        data-name="Pere Conference Rinf 60+"
        data-price="2.19"
        data-id="6276"
        data-available="yes"
        data-category="6665"
        data-bestselling="3">
    <a href="../pere-conference-rinf-60.html">
        <div style="background-image: url('../../cdn.spesati.com/images/products/473978/pere-conference-rinf-01.jpg')">
            <div class="hover"></div>
            <p class="arrow bgRed white">Best Seller</p>
            <div class="stickers"></div>
        </div>
    </a>
    <div>
        <h4><a href="../pere-conference-rinf-60.html"><b>Pere Conference Rinf 60+</b></a></h4>
        <p class="description">medium weight 1 Kg</p>
        <p class="right price"><b>2.19 €</b></p>
        <p class="right unitPrice">2.19 € per kg</p>
    </div>
    <div class="contButton">
    <a class="button bgRed white addToCart" href="#">Add</a>
</div>
</div><div class="left product prod16"
        data-name="Passion Fruit"
        data-price="8.59"
        data-id="33206"
        data-available="yes"
        data-category="499906"
        data-bestselling="">
    <a href="../passion-fruit.html">
        <div style="background-image: url('../../cdn.spesati.com/images/products/473861/passion-fruit-01.jpg')">
            <div class="hover"></div>
            
            <div class="stickers"></div>
        </div>
    </a>
    <div>
        <h4><a href="../passion-fruit.html"><b>Passion Fruit</b></a></h4>
        <p class="description">medium weight 1 Kg</p>
        <p class="right price"><b>8.59 €</b></p>
        <p class="right unitPrice">8.59 € per kg</p>
    </div>
    <div class="contButton">
    <a class="button bgRed white addToCart" href="#">Add</a>
</div>
</div><div class="left product prod17"
        data-name="Papaia Formosa"
        data-price="5.99"
        data-id="33205"
        data-available="yes"
        data-category="499906"
        data-bestselling="">
    <a href="../papaia-formosa.html">
        <div style="background-image: url('../../cdn.spesati.com/images/products/473860/papaia-formosa-01.jpg')">
            <div class="hover"></div>
            
            <div class="stickers"></div>
        </div>
    </a>
    <div>
        <h4><a href="../papaia-formosa.html"><b>Papaia Formosa</b></a></h4>
        <p class="description">medium weight 1 Kg</p>
        <p class="right price"><b>5.99 €</b></p>
        <p class="right unitPrice">5.99 € per kg</p>
    </div>
    <div class="contButton">
    <a class="button bgRed white addToCart" href="#">Add</a>
</div>
</div><div class="left product prod18"
        data-name="Papaia Via Aerea"
        data-price="7.59"
        data-id="33203"
        data-available="yes"
        data-category="499906"
        data-bestselling="">
    <a href="../papaia-via-aerea.html">
        <div style="background-image: url('../../cdn.spesati.com/images/products/473858/papaia-via-aerea-01.jpg')">
            <div class="hover"></div>
            
            <div class="stickers"></div>
        </div>
    </a>
    <div>
        <h4><a href="../papaia-via-aerea.html"><b>Papaia Via Aerea</b></a></h4>
        <p class="description">medium weight 1 Kg</p>
        <p class="right price"><b>7.59 €</b></p>
        <p class="right unitPrice">7.59 € per kg</p>
    </div>
    <div class="contButton">
    <a class="button bgRed white addToCart" href="#">Add</a>
</div>
</div><div class="left product prod19"
        data-name="Olive Verdi"
        data-price="4.39"
        data-id="33199"
        data-available="yes"
        data-category="5760"
        data-bestselling="">
    <a href="../olive-verdi.html">
        <div style="background-image: url('../../cdn.spesati.com/images/products/473852/olive-verdi-01.jpg')">
            <div class="hover"></div>
            
            <div class="stickers"></div>
        </div>
    </a>
    <div>
        <h4><a href="../olive-verdi.html"><b>Olive Verdi</b></a></h4>
        <p class="description">medium weight 1 Kg</p>
        <p class="right price"><b>4.39 €</b></p>
        <p class="right unitPrice">4.39 € per kg</p>
    </div>
    <div class="contButton">
    <a class="button bgRed white addToCart" href="#">Add</a>
</div>
</div><div class="left product prod20"
        data-name="Melograno 2"
        data-price="2.99"
        data-id="33162"
        data-available="yes"
        data-category="6673"
        data-bestselling="1">
    <a href="../melograno-2.html">
        <div style="background-image: url('../../cdn.spesati.com/images/products/473788/melograno-2-01.jpg')">
            <div class="hover"></div>
            <p class="arrow bgRed white">Best Seller</p>
            <div class="stickers"></div>
        </div>
    </a>
    <div>
        <h4><a href="../melograno-2.html"><b>Melograno 2</b></a></h4>
        <p class="description">medium weight 1 Kg</p>
        <p class="right price"><b>2.99 €</b></p>
        <p class="right unitPrice">3.00 € per kg</p>
    </div>
    <div class="contButton">
    <a class="button bgRed white addToCart" href="#">Add</a>
</div>
</div><div class="left product prod21"
        data-name="Mele Red 90-95 Melinda Padella"
        data-price="4.66"
        data-id="33157"
        data-available="yes"
        data-category="6566"
        data-bestselling="">
    <a href="../mele-red-90-95-melinda-padella.html">
        <div style="background-image: url('../../cdn.spesati.com/images/products/473745/mele-red-9095-01.jpg')">
            <div class="hover"></div>
            
            <div class="stickers"></div>
        </div>
    </a>
    <div>
        <h4><a href="../mele-red-90-95-melinda-padella.html"><b>Mele Red 90-95 Melinda Padella</b></a></h4>
        <p class="description">medium weight 1 Kg</p>
        <p class="right price"><b>4.66 €</b></p>
        <p class="right unitPrice">4.67 € per kg</p>
    </div>
    <div class="contButton">
    <a class="button bgRed white addToCart" href="#">Add</a>
</div>
</div><div class="left product prod22"
        data-name="Mele Red 80-85 Melinda Padel"
        data-price="2.49"
        data-id="33155"
        data-available="yes"
        data-category="6566"
        data-bestselling="3">
    <a href="../mele-red-80-85-melinda-padel.html">
        <div style="background-image: url('../../cdn.spesati.com/images/products/473743/mele-red-8085-01.jpg')">
            <div class="hover"></div>
            <p class="arrow bgRed white">Best Seller</p>
            <div class="stickers"></div>
        </div>
    </a>
    <div>
        <h4><a href="../mele-red-80-85-melinda-padel.html"><b>Mele Red 80-85 Melinda Padel</b></a></h4>
        <p class="description">medium weight 1 Kg</p>
        <p class="right price"><b>2.49 €</b></p>
        <p class="right unitPrice">2.49 € per kg</p>
    </div>
    <div class="contButton">
    <a class="button bgRed white addToCart" href="#">Add</a>
</div>
</div><div class="left product prod23"
        data-name="Mele Gala Rinfusa 70+"
        data-price="2.19"
        data-id="33145"
        data-available="yes"
        data-category="6566"
        data-bestselling="">
    <a href="../mele-gala-rinfusa-70.html">
        <div style="background-image: url('../../cdn.spesati.com/images/products/473719/mele-gala-rinfusa-01.jpg')">
            <div class="hover"></div>
            
            <div class="stickers"></div>
        </div>
    </a>
    <div>
        <h4><a href="../mele-gala-rinfusa-70.html"><b>Mele Gala Rinfusa 70+</b></a></h4>
        <p class="description">medium weight 1 Kg</p>
        <p class="right price"><b>2.19 €</b></p>
        <p class="right unitPrice">2.19 € per kg</p>
    </div>
    <div class="contButton">
    <a class="button bgRed white addToCart" href="#">Add</a>
</div>
</div><div class="left product prod24"
        data-name="Mele Renette 80-85 Melinda Pad"
        data-price="2.82"
        data-id="33142"
        data-available="yes"
        data-category="6566"
        data-bestselling="">
    <a href="../mele-renette-80-85-melinda-pad.html">
        <div style="background-image: url('../../cdn.spesati.com/images/products/473693/mele-renette-01.jpg')">
            <div class="hover"></div>
            
            <div class="stickers"></div>
        </div>
    </a>
    <div>
        <h4><a href="../mele-renette-80-85-melinda-pad.html"><b>Mele Renette 80-85 Melinda Pad</b></a></h4>
        <p class="description">medium weight 1 Kg</p>
        <p class="right price"><b>2.82 €</b></p>
        <p class="right unitPrice">2.82 € per kg</p>
    </div>
    <div class="contButton">
    <a class="button bgRed white addToCart" href="#">Add</a>
</div>
</div><div class="left product prod25"
        data-name="Mela Pink Italia"
        data-price="4.84"
        data-id="1912"
        data-available="yes"
        data-category="6566"
        data-bestselling="">
    <a href="../mela-pink-italia.html">
        <div style="background-image: url('../../cdn.spesati.com/images/products/473691/mele-pink-italia-01.jpg')">
            <div class="hover"></div>
            
            <div class="stickers"></div>
        </div>
    </a>
    <div>
        <h4><a href="../mela-pink-italia.html"><b>Mela Pink Italia</b></a></h4>
        <p class="description">1 Kg</p>
        <p class="right price"><b>4.84 €</b></p>
        <p class="right unitPrice">4.84 € per kg</p>
    </div>
    <div class="contButton">
    <a class="button bgRed white addToCart" href="#">Add</a>
</div>
</div><div class="left product prod26"
        data-name="Mele Granny Smith"
        data-price="3.45"
        data-id="33139"
        data-available="yes"
        data-category="6566"
        data-bestselling="">
    <a href="../mele-granny-smith.html">
        <div style="background-image: url('../../cdn.spesati.com/images/products/473662/mele-granny-smith-01.jpg')">
            <div class="hover"></div>
            
            <div class="stickers"></div>
        </div>
    </a>
    <div>
        <h4><a href="../mele-granny-smith.html"><b>Mele Granny Smith</b></a></h4>
        <p class="description">medium weight 1 Kg</p>
        <p class="right price"><b>3.45 €</b></p>
        <p class="right unitPrice">3.45 € per kg</p>
    </div>
    <div class="contButton">
    <a class="button bgRed white addToCart" href="#">Add</a>
</div>
</div><div class="left product prod27"
        data-name="Mele Golden 80-85 Padella"
        data-price="2.99"
        data-id="33129"
        data-available="yes"
        data-category="6566"
        data-bestselling="">
    <a href="../mele-golden-80-85-padella.html">
        <div style="background-image: url('../../cdn.spesati.com/images/products/473591/mele-golden-8085-01.jpg')">
            <div class="hover"></div>
            
            <div class="stickers"></div>
        </div>
    </a>
    <div>
        <h4><a href="../mele-golden-80-85-padella.html"><b>Mele Golden 80-85 Padella</b></a></h4>
        <p class="description">medium weight 1 Kg</p>
        <p class="right price"><b>2.99 €</b></p>
        <p class="right unitPrice">3.00 € per kg</p>
    </div>
    <div class="contButton">
    <a class="button bgRed white addToCart" href="#">Add</a>
</div>
</div><div class="left product prod28"
        data-name="Mele Fuji Rinfusa 75-80"
        data-price="2.49"
        data-id="33109"
        data-available="yes"
        data-category="6566"
        data-bestselling="3">
    <a href="../mele-fuji-rinfusa-75-80.html">
        <div style="background-image: url('../../cdn.spesati.com/images/products/473561/mele-fuji-rinfusa-01.jpg')">
            <div class="hover"></div>
            <p class="arrow bgRed white">Best Seller</p>
            <div class="stickers"></div>
        </div>
    </a>
    <div>
        <h4><a href="../mele-fuji-rinfusa-75-80.html"><b>Mele Fuji Rinfusa 75-80</b></a></h4>
        <p class="description">medium weight 1 Kg</p>
        <p class="right price"><b>2.49 €</b></p>
        <p class="right unitPrice">2.49 € per kg</p>
    </div>
    <div class="contButton">
    <a class="button bgRed white addToCart" href="#">Add</a>
</div>
</div><div class="left product prod29"
        data-name="Mele Cotogne"
        data-price="2.49"
        data-id="33105"
        data-available="yes"
        data-category="6566"
        data-bestselling="">
    <a href="../mele-cotogne.html">
        <div style="background-image: url('../../cdn.spesati.com/images/products/473552/mele-cotogne-01.jpg')">
            <div class="hover"></div>
            
            <div class="stickers"></div>
        </div>
    </a>
    <div>
        <h4><a href="../mele-cotogne.html"><b>Mele Cotogne</b></a></h4>
        <p class="description">medium weight 1 Kg</p>
        <p class="right price"><b>2.49 €</b></p>
        <p class="right unitPrice">2.49 € per kg</p>
    </div>
    <div class="contButton">
    <a class="button bgRed white addToCart" href="#">Add</a>
</div>
</div><div class="left product prod30"
        data-name="Mango Via Aerea"
        data-price="9.39"
        data-id="33092"
        data-available="yes"
        data-category="499906"
        data-bestselling="">
    <a href="../mango-via-aerea.html">
        <div style="background-image: url('../../cdn.spesati.com/images/products/473523/mango-via-aerea-01.jpg')">
            <div class="hover"></div>
            
            <div class="stickers"></div>
        </div>
    </a>
    <div>
        <h4><a href="../mango-via-aerea.html"><b>Mango Via Aerea</b></a></h4>
        <p class="description">medium weight 1 Kg</p>
        <p class="right price"><b>9.39 €</b></p>
        <p class="right unitPrice">9.39 € per kg</p>
    </div>
    <div class="contButton">
    <a class="button bgRed white addToCart" href="#">Add</a>
</div>
</div><div class="left product prod31"
        data-name="Mango"
        data-price="4.99"
        data-id="33090"
        data-available="yes"
        data-category="499906"
        data-bestselling="1">
    <a href="../mango.html">
        <div style="background-image: url('../../cdn.spesati.com/images/products/473521/mango-01.jpg')">
            <div class="hover"></div>
            <p class="arrow bgRed white">Best Seller</p>
            <div class="stickers"></div>
        </div>
    </a>
    <div>
        <h4><a href="../mango.html"><b>Mango</b></a></h4>
        <p class="description">medium weight 1 Kg</p>
        <p class="right price"><b>4.99 €</b></p>
        <p class="right unitPrice">4.99 € per kg</p>
    </div>
    <div class="contButton">
    <a class="button bgRed white addToCart" href="#">Add</a>
</div>
</div><div class="left product prod32"
        data-name="Limoni 3"
        data-price="2.19"
        data-id="62985"
        data-available="yes"
        data-category="503759"
        data-bestselling="3">
    <a href="../limoni-3.html">
        <div style="background-image: url('../../cdn.spesati.com/images/products/473490/limoni-3-01.jpg')">
            <div class="hover"></div>
            <p class="arrow bgRed white">Best Seller</p>
            <div class="stickers"></div>
        </div>
    </a>
    <div>
        <h4><a href="../limoni-3.html"><b>Limoni 3</b></a></h4>
        <p class="description">1 Kg</p>
        <p class="right price"><b>2.19 €</b></p>
        <p class="right unitPrice">2.19 € per kg</p>
    </div>
    <div class="contButton">
    <a class="button bgRed white addToCart" href="#">Add</a>
</div>
</div><div class="left product prod33"
        data-name="Limes"
        data-price="2.00"
        data-id="33073"
        data-available="yes"
        data-category="503759"
        data-bestselling="2">
    <a href="../limes.html">
        <div style="background-image: url('../../cdn.spesati.com/images/products/473489/limes-01.jpg')">
            <div class="hover"></div>
            <p class="arrow bgRed white">Best Seller</p>
            <div class="stickers"></div>
        </div>
    </a>
    <div>
        <h4><a href="../limes.html"><b>Limes</b></a></h4>
        <p class="description">medium weight 0.5 Kg</p>
        <p class="right price"><b>2.00 €</b></p>
        <p class="right unitPrice">3.99 € per kg</p>
    </div>
    <div class="contButton">
    <a class="button bgRed white addToCart" href="#">Add</a>
</div>
</div><div class="left product prod34"
        data-name="Kiwi Zespri Green Sfuso"
        data-price="2.59"
        data-id="33065"
        data-available="yes"
        data-category="6633"
        data-bestselling="">
    <a href="../kiwi-zespri-green-sfuso.html">
        <div style="background-image: url('../../cdn.spesati.com/images/products/473481/kiwi-zespri-green-01.jpg')">
            <div class="hover"></div>
            
            <div class="stickers"></div>
        </div>
    </a>
    <div>
        <h4><a href="../kiwi-zespri-green-sfuso.html"><b>Kiwi Zespri Green Sfuso</b></a></h4>
        <p class="description">medium weight 0.5 Kg</p>
        <p class="right price"><b>2.59 €</b></p>
        <p class="right unitPrice">5.19 € per kg</p>
    </div>
    <div class="contButton">
    <a class="button bgRed white addToCart" href="#">Add</a>
</div>
</div><div class="left product prod35"
        data-name="Kiwi Gold Sfuso"
        data-price="3.75"
        data-id="33064"
        data-available="yes"
        data-category="6633"
        data-bestselling="2">
    <a href="../kiwi-gold-sfuso.html">
        <div style="background-image: url('../../cdn.spesati.com/images/products/473480/kiwi-gold-sfuso-01.jpg')">
            <div class="hover"></div>
            <p class="arrow bgRed white">Best Seller</p>
            <div class="stickers"></div>
        </div>
    </a>
    <div>
        <h4><a href="../kiwi-gold-sfuso.html"><b>Kiwi Gold Sfuso</b></a></h4>
        <p class="description">medium weight 0.5 Kg</p>
        <p class="right price"><b>3.75 €</b></p>
        <p class="right unitPrice">7.49 € per kg</p>
    </div>
    <div class="contButton">
    <a class="button bgRed white addToCart" href="#">Add</a>
</div>
</div><div class="left product prod36"
        data-name="Kiwi"
        data-price="1.94"
        data-id="33061"
        data-available="yes"
        data-category="6633"
        data-bestselling="2">
    <a href="../kiwi.html">
        <div style="background-image: url('../../cdn.spesati.com/images/products/473472/kiwi-01.jpg')">
            <div class="hover"></div>
            <p class="arrow bgRed white">Best Seller</p>
            <div class="stickers"></div>
        </div>
    </a>
    <div>
        <h4><a href="../kiwi.html"><b>Kiwi</b></a></h4>
        <p class="description">medium weight 0.5 Kg</p>
        <p class="right price"><b>1.94 €</b></p>
        <p class="right unitPrice">3.89 € per kg</p>
    </div>
    <div class="contButton">
    <a class="button bgRed white addToCart" href="#">Add</a>
</div>
</div><div class="left product prod37"
        data-name="Clementine Sarde Cal 3-4"
        data-price="2.29"
        data-id="32971"
        data-available="yes"
        data-category="503759"
        data-bestselling="2">
    <a href="../clementine-sarde-cal-3-4.html">
        <div style="background-image: url('../../cdn.spesati.com/images/products/473221/clementine-sarde-cal-01.jpg')">
            <div class="hover"></div>
            <p class="arrow bgRed white">Best Seller</p>
            <div class="stickers"></div>
        </div>
    </a>
    <div>
        <h4><a href="../clementine-sarde-cal-3-4.html"><b>Clementine Sarde Cal 3-4</b></a></h4>
        <p class="description">medium weight 1 Kg</p>
        <p class="right price"><b>2.29 €</b></p>
        <p class="right unitPrice">2.29 € per kg</p>
    </div>
    <div class="contButton">
    <a class="button bgRed white addToCart" href="#">Add</a>
</div>
</div><div class="left product prod38"
        data-name="Cachi Persimon Mela Cal.15-18"
        data-price="3.29"
        data-id="32916"
        data-available="yes"
        data-category="499906"
        data-bestselling="1">
    <a href="../cachi-persimon-mela-cal15-18.html">
        <div style="background-image: url('../../cdn.spesati.com/images/products/473115/cachi-persimon-mela-01.jpg')">
            <div class="hover"></div>
            <p class="arrow bgRed white">Best Seller</p>
            <div class="stickers"></div>
        </div>
    </a>
    <div>
        <h4><a href="../cachi-persimon-mela-cal15-18.html"><b>Cachi Persimon Mela Cal.15-18</b></a></h4>
        <p class="description">medium weight 1 Kg</p>
        <p class="right price"><b>3.29 €</b></p>
        <p class="right unitPrice">3.29 € per kg</p>
    </div>
    <div class="contButton">
    <a class="button bgRed white addToCart" href="#">Add</a>
</div>
</div><div class="left product prod39"
        data-name="Banane Marchi Vari Maturaz 2-3"
        data-price="2.79"
        data-id="32880"
        data-available="yes"
        data-category="6574"
        data-bestselling="">
    <a href="../banane-marchi-vari-maturaz-2-3.html">
        <div style="background-image: url('../../cdn.spesati.com/images/products/473053/banane-marchi-vari-01.jpg')">
            <div class="hover"></div>
            
            <div class="stickers"></div>
        </div>
    </a>
    <div>
        <h4><a href="../banane-marchi-vari-maturaz-2-3.html"><b>Banane Marchi Vari Maturaz 2-3</b></a></h4>
        <p class="description">medium weight 1 Kg</p>
        <p class="right price"><b>2.79 €</b></p>
        <p class="right unitPrice">2.80 € per kg</p>
    </div>
    <div class="contButton">
    <a class="button bgRed white addToCart" href="#">Add</a>
</div>
</div><div class="left product prod40"
        data-name="Banane Dole Maturazione 2-3"
        data-price="2.81"
        data-id="32879"
        data-available="yes"
        data-category="6574"
        data-bestselling="4">
    <a href="../banane-dole-maturazione-2-3.html">
        <div style="background-image: url('../../cdn.spesati.com/images/products/473052/banane-dole-maturazione-01.jpg')">
            <div class="hover"></div>
            <p class="arrow bgRed white">Best Seller</p>
            <div class="stickers"></div>
        </div>
    </a>
    <div>
        <h4><a href="../banane-dole-maturazione-2-3.html"><b>Banane Dole Maturazione 2-3</b></a></h4>
        <p class="description">medium weight 1 Kg</p>
        <p class="right price"><b>2.81 €</b></p>
        <p class="right unitPrice">2.81 € per kg</p>
    </div>
    <div class="contButton">
    <a class="button bgRed white addToCart" href="#">Add</a>
</div>
</div><div class="left product prod41"
        data-name="Avocados Hass"
        data-price="6.19"
        data-id="32878"
        data-available="yes"
        data-category="499906"
        data-bestselling="">
    <a href="../avocados-hass.html">
        <div style="background-image: url('../../cdn.spesati.com/images/products/473051/avocados-hass-01.jpg')">
            <div class="hover"></div>
            
            <div class="stickers"></div>
        </div>
    </a>
    <div>
        <h4><a href="../avocados-hass.html"><b>Avocados Hass</b></a></h4>
        <p class="description">medium weight 1 Kg</p>
        <p class="right price"><b>6.19 €</b></p>
        <p class="right unitPrice">6.19 € per kg</p>
    </div>
    <div class="contButton">
    <a class="button bgRed white addToCart" href="#">Add</a>
</div>
</div><div class="left product prod42"
        data-name="Arance Tarocco 1"
        data-price="2.59"
        data-id="32858"
        data-available="yes"
        data-category="503759"
        data-bestselling="3">
    <a href="../arance-tarocco-1.html">
        <div style="background-image: url('../../cdn.spesati.com/images/products/473024/arance-tarocco-1-01.jpg')">
            <div class="hover"></div>
            <p class="arrow bgRed white">Best Seller</p>
            <div class="stickers"></div>
        </div>
    </a>
    <div>
        <h4><a href="../arance-tarocco-1.html"><b>Arance Tarocco 1</b></a></h4>
        <p class="description">medium weight 1 Kg</p>
        <p class="right price"><b>2.59 €</b></p>
        <p class="right unitPrice">2.59 € per kg</p>
    </div>
    <div class="contButton">
    <a class="button bgRed white addToCart" href="#">Add</a>
</div>
</div><div class="left product prod43"
        data-name="Arance Navel Da Spremuta"
        data-price="1.99"
        data-id="32855"
        data-available="yes"
        data-category="503759"
        data-bestselling="13">
    <a href="../arance-navel-da-spremuta.html">
        <div style="background-image: url('../../cdn.spesati.com/images/products/473020/arance-navel-da-01.jpg')">
            <div class="hover"></div>
            <p class="arrow bgRed white">Best Seller</p>
            <div class="stickers"></div>
        </div>
    </a>
    <div>
        <h4><a href="../arance-navel-da-spremuta.html"><b>Arance Navel Da Spremuta</b></a></h4>
        <p class="description">medium weight 1 Kg</p>
        <p class="right price"><b>1.99 €</b></p>
        <p class="right unitPrice">1.99 € per kg</p>
    </div>
    <div class="contButton">
    <a class="button bgRed white addToCart" href="#">Add</a>
</div>
</div><div class="left product prod44"
        data-name="Ananas Via Aerea"
        data-price="11.18"
        data-id="32853"
        data-available="yes"
        data-category="6670"
        data-bestselling="">
    <a href="../ananas-via-aerea.html">
        <div style="background-image: url('../../cdn.spesati.com/images/products/473015/ananas-via-aerea-01.jpg')">
            <div class="hover"></div>
            
            <div class="stickers"></div>
        </div>
    </a>
    <div>
        <h4><a href="../ananas-via-aerea.html"><b>Ananas Via Aerea</b></a></h4>
        <p class="description">medium weight 2 Kg</p>
        <p class="right price"><b>11.18 €</b></p>
        <p class="right unitPrice">5.60 € per kg</p>
    </div>
    <div class="contButton">
    <a class="button bgRed white addToCart" href="#">Add</a>
</div>
</div><div class="left product prod45"
        data-name="Mele Melinda Red 70/75"
        data-price="1.99"
        data-id="1915"
        data-available="yes"
        data-category="6566"
        data-bestselling="2">
    <a href="../mele-melinda-red-7075.html">
        <div style="background-image: url('../../cdn.spesati.com/images/products/4233/mele-melinda-stark.jpg')">
            <div class="hover"></div>
            <p class="arrow bgRed white">Best Seller</p>
            <div class="stickers"></div>
        </div>
    </a>
    <div>
        <h4><a href="../mele-melinda-red-7075.html"><b>Mele Melinda Red 70/75</b></a></h4>
        <p class="description">medium weight 1 Kg</p>
        <p class="right price"><b>1.99 €</b></p>
        <p class="right unitPrice">1.99 € per kg</p>
    </div>
    <div class="contButton">
    <a class="button bgRed white addToCart" href="#">Add</a>
</div>
</div><div class="left product prod46"
        data-name="Mele Pink Lady"
        data-price="3.49"
        data-id="1916"
        data-available="yes"
        data-category="6566"
        data-bestselling="3">
    <a href="../mele-pink-lady.html">
        <div style="background-image: url('../../cdn.spesati.com/images/products/2064701/mele-pink-cal8085.jpg')">
            <div class="hover"></div>
            <p class="arrow bgRed white">Best Seller</p>
            <div class="stickers"></div>
        </div>
    </a>
    <div>
        <h4><a href="../mele-pink-lady.html"><b>Mele Pink Lady</b></a></h4>
        <p class="description">medium weight 1 Kg</p>
        <p class="right price"><b>3.49 €</b></p>
        <p class="right unitPrice">3.49 € per kg</p>
    </div>
    <div class="contButton">
    <a class="button bgRed white addToCart" href="#">Add</a>
</div>
</div><div class="left product prod47"
        data-name="Mele Fuji 75/80 Rinfusa"
        data-price="4.21"
        data-id="85004"
        data-available="yes"
        data-category="6566"
        data-bestselling="">
    <a href="../mele-fuji-7580-rinfusa.html">
        <div style="background-image: url('../../cdn.spesati.com/images/products/missing-image/missing-image.jpg')">
            <div class="hover"></div>
            
            <div class="stickers"></div>
        </div>
    </a>
    <div>
        <h4><a href="../mele-fuji-7580-rinfusa.html"><b>Mele Fuji 75/80 Rinfusa</b></a></h4>
        <p class="description">1 Kg</p>
        <p class="right price"><b>4.21 €</b></p>
        <p class="right unitPrice">4.21 € per kg</p>
    </div>
    <div class="contButton">
    <a class="button bgRed white addToCart" href="#">Add</a>
</div>
</div><div class="left product prod48"
        data-name="Uva Bianca Italia Sicilia 7"
        data-price="34.61"
        data-id="85091"
        data-available="yes"
        data-category="6626"
        data-bestselling="">
    <a href="../uva-bianca-italia-sicilia-7.html">
        <div style="background-image: url('../../cdn.spesati.com/images/products/missing-image/missing-image.jpg')">
            <div class="hover"></div>
            
            <div class="stickers"></div>
        </div>
    </a>
    <div>
        <h4><a href="../uva-bianca-italia-sicilia-7.html"><b>Uva Bianca Italia Sicilia 7</b></a></h4>
        <p class="description">1 Kg</p>
        <p class="right price"><b>34.61 €</b></p>
        <p class="right unitPrice">6.23 € per kg</p>
    </div>
    <div class="contButton">
    <a class="button bgRed white addToCart" href="#">Add</a>
</div>
</div><div class="left product prod49"
        data-name="Kiwi 5"
        data-price="3.19"
        data-id="85515"
        data-available="yes"
        data-category="6633"
        data-bestselling="">
    <a href="../kiwi-5.html">
        <div style="background-image: url('../../cdn.spesati.com/images/products/missing-image/missing-image.jpg')">
            <div class="hover"></div>
            
            <div class="stickers"></div>
        </div>
    </a>
    <div>
        <h4><a href="../kiwi-5.html"><b>Kiwi 5</b></a></h4>
        <p class="description">1 Kg</p>
        <p class="right price"><b>3.19 €</b></p>
        <p class="right unitPrice">3.19 € per kg</p>
    </div>
    <div class="contButton">
    <a class="button bgRed white addToCart" href="#">Add</a>
</div>
</div><div class="left product prod50"
        data-name="Ananas Mignon"
        data-price="19.98"
        data-id="32854"
        data-available="yes"
        data-category="6670"
        data-bestselling="">
    <a href="../ananas-mignon.html">
        <div style="background-image: url('../../cdn.spesati.com/images/products/missing-image/missing-image.jpg')">
            <div class="hover"></div>
            
            <div class="stickers"></div>
        </div>
    </a>
    <div>
        <h4><a href="../ananas-mignon.html"><b>Ananas Mignon</b></a></h4>
        <p class="description">medium weight 2 Kg</p>
        <p class="right price"><b>19.98 €</b></p>
        <p class="right unitPrice">9.99 € per kg</p>
    </div>
    <div class="contButton">
    <a class="button bgRed white addToCart" href="#">Add</a>
</div>
</div><div class="left product prod51"
        data-name="Castagne Calibro 80-85"
        data-price="3.00"
        data-id="32920"
        data-available="yes"
        data-category="6701"
        data-bestselling="1">
    <a href="../castagne-calibro-80-85.html">
        <div style="background-image: url('../../cdn.spesati.com/images/products/missing-image/missing-image.jpg')">
            <div class="hover"></div>
            <p class="arrow bgRed white">Best Seller</p>
            <div class="stickers"></div>
        </div>
    </a>
    <div>
        <h4><a href="../castagne-calibro-80-85.html"><b>Castagne Calibro 80-85</b></a></h4>
        <p class="description">medium weight 0.500 Kg</p>
        <p class="right price"><b>3.00 €</b></p>
        <p class="right unitPrice">5.99 € per kg</p>
    </div>
    <div class="contButton">
    <a class="button bgRed white addToCart" href="#">Add</a>
</div>
</div><div class="left product prod52"
        data-name="Fragole Conf. 125gr"
        data-price="1.89"
        data-id="33007"
        data-available="yes"
        data-category="499906"
        data-bestselling="2">
    <a href="../fragole-conf-125gr.html">
        <div style="background-image: url('../../cdn.spesati.com/images/products/missing-image/missing-image.jpg')">
            <div class="hover"></div>
            <p class="arrow bgRed white">Best Seller</p>
            <div class="stickers"></div>
        </div>
    </a>
    <div>
        <h4><a href="../fragole-conf-125gr.html"><b>Fragole Conf. 125gr</b></a></h4>
        <p class="description">0.125 Kg</p>
        <p class="right price"><b>1.89 €</b></p>
        <p class="right unitPrice">15.12 € per kg</p>
    </div>
    <div class="contButton">
    <a class="button bgRed white addToCart" href="#">Add</a>
</div>
</div><div class="left product prod53"
        data-name="Fragole Conf.250"
        data-price="2.68"
        data-id="33008"
        data-available="yes"
        data-category="499906"
        data-bestselling="">
    <a href="../fragole-conf250.html">
        <div style="background-image: url('../../cdn.spesati.com/images/products/missing-image/missing-image.jpg')">
            <div class="hover"></div>
            
            <div class="stickers"></div>
        </div>
    </a>
    <div>
        <h4><a href="../fragole-conf250.html"><b>Fragole Conf.250</b></a></h4>
        <p class="description">0.250 Kg</p>
        <p class="right price"><b>2.68 €</b></p>
        <p class="right unitPrice">2.68 € per piece</p>
    </div>
    <div class="contButton">
    <a class="button bgRed white addToCart" href="#">Add</a>
</div>
</div><div class="left product prod54"
        data-name="Lamponi Conf."
        data-price="3.99"
        data-id="33068"
        data-available="yes"
        data-category="6582"
        data-bestselling="">
    <a href="../lamponi-conf.html">
        <div style="background-image: url('../../cdn.spesati.com/images/products/missing-image/missing-image.jpg')">
            <div class="hover"></div>
            
            <div class="stickers"></div>
        </div>
    </a>
    <div>
        <h4><a href="../lamponi-conf.html"><b>Lamponi Conf.</b></a></h4>
        <p class="description">0.13 Kg</p>
        <p class="right price"><b>3.99 €</b></p>
        <p class="right unitPrice">31.93 € per kg</p>
    </div>
    <div class="contButton">
    <a class="button bgRed white addToCart" href="#">Add</a>
</div>
</div><div class="left product prod55"
        data-name="Mele Envy 75-80 Padella"
        data-price="2.99"
        data-id="33110"
        data-available="yes"
        data-category="6566"
        data-bestselling="">
    <a href="../mele-envy-75-80-padella.html">
        <div style="background-image: url('../../cdn.spesati.com/images/products/missing-image/missing-image.jpg')">
            <div class="hover"></div>
            
            <div class="stickers"></div>
        </div>
    </a>
    <div>
        <h4><a href="../mele-envy-75-80-padella.html"><b>Mele Envy 75-80 Padella</b></a></h4>
        <p class="description">medium weight 1 Kg</p>
        <p class="right price"><b>2.99 €</b></p>
        <p class="right unitPrice">3.00 € per kg</p>
    </div>
    <div class="contButton">
    <a class="button bgRed white addToCart" href="#">Add</a>
</div>
</div><div class="left product prod56"
        data-name="Misto Bosco Conf."
        data-price="4.19"
        data-id="33184"
        data-available="yes"
        data-category="6582"
        data-bestselling="">
    <a href="../misto-bosco-conf.html">
        <div style="background-image: url('../../cdn.spesati.com/images/products/missing-image/missing-image.jpg')">
            <div class="hover"></div>
            
            <div class="stickers"></div>
        </div>
    </a>
    <div>
        <h4><a href="../misto-bosco-conf.html"><b>Misto Bosco Conf.</b></a></h4>
        <p class="description">0.13 Kg</p>
        <p class="right price"><b>4.19 €</b></p>
        <p class="right unitPrice">33.52 € per kg</p>
    </div>
    <div class="contButton">
    <a class="button bgRed white addToCart" href="#">Add</a>
</div>
</div><div class="left product prod57"
        data-name="Mirtillo Conf."
        data-price="4.19"
        data-id="33185"
        data-available="yes"
        data-category="6582"
        data-bestselling="">
    <a href="../mirtillo-conf.html">
        <div style="background-image: url('../../cdn.spesati.com/images/products/missing-image/missing-image.jpg')">
            <div class="hover"></div>
            
            <div class="stickers"></div>
        </div>
    </a>
    <div>
        <h4><a href="../mirtillo-conf.html"><b>Mirtillo Conf.</b></a></h4>
        <p class="description">0.13 Kg</p>
        <p class="right price"><b>4.19 €</b></p>
        <p class="right unitPrice">33.52 € per kg</p>
    </div>
    <div class="contButton">
    <a class="button bgRed white addToCart" href="#">Add</a>
</div>
</div><div class="left product prod58"
        data-name="More Conf."
        data-price="4.19"
        data-id="33188"
        data-available="yes"
        data-category="6582"
        data-bestselling="">
    <a href="../more-conf.html">
        <div style="background-image: url('../../cdn.spesati.com/images/products/missing-image/missing-image.jpg')">
            <div class="hover"></div>
            
            <div class="stickers"></div>
        </div>
    </a>
    <div>
        <h4><a href="../more-conf.html"><b>More Conf.</b></a></h4>
        <p class="description">0.13 Kg</p>
        <p class="right price"><b>4.19 €</b></p>
        <p class="right unitPrice">33.52 € per kg</p>
    </div>
    <div class="contButton">
    <a class="button bgRed white addToCart" href="#">Add</a>
</div>
</div><div class="left product prod59"
        data-name="Pere William Bianche"
        data-price="3.59"
        data-id="33267"
        data-available="yes"
        data-category="6665"
        data-bestselling="">
    <a href="../pere-william-bianche.html">
        <div style="background-image: url('../../cdn.spesati.com/images/products/missing-image/missing-image.jpg')">
            <div class="hover"></div>
            
            <div class="stickers"></div>
        </div>
    </a>
    <div>
        <h4><a href="../pere-william-bianche.html"><b>Pere William Bianche</b></a></h4>
        <p class="description">medium weight 1 Kg</p>
        <p class="right price"><b>3.59 €</b></p>
        <p class="right unitPrice">3.59 € per kg</p>
    </div>
    <div class="contButton">
    <a class="button bgRed white addToCart" href="#">Add</a>
</div>
</div><div class="left product prod60"
        data-name="Ribes"
        data-price="3.99"
        data-id="33374"
        data-available="yes"
        data-category="499906"
        data-bestselling="">
    <a href="../ribes.html">
        <div style="background-image: url('../../cdn.spesati.com/images/products/missing-image/missing-image.jpg')">
            <div class="hover"></div>
            
            <div class="stickers"></div>
        </div>
    </a>
    <div>
        <h4><a href="../ribes.html"><b>Ribes</b></a></h4>
        <p class="description">0.13 Kg</p>
        <p class="right price"><b>3.99 €</b></p>
        <p class="right unitPrice">31.93 € per kg</p>
    </div>
    <div class="contButton">
    <a class="button bgRed white addToCart" href="#">Add</a>
</div>
</div><div class="left product prod61"
        data-name="Susine Gialle"
        data-price="2.49"
        data-id="33401"
        data-available="yes"
        data-category="6674"
        data-bestselling="">
    <a href="../susine-gialle.html">
        <div style="background-image: url('../../cdn.spesati.com/images/products/missing-image/missing-image.jpg')">
            <div class="hover"></div>
            
            <div class="stickers"></div>
        </div>
    </a>
    <div>
        <h4><a href="../susine-gialle.html"><b>Susine Gialle</b></a></h4>
        <p class="description">medium weight 1 Kg</p>
        <p class="right price"><b>2.49 €</b></p>
        <p class="right unitPrice">2.49 € per kg</p>
    </div>
    <div class="contButton">
    <a class="button bgRed white addToCart" href="#">Add</a>
</div>
</div><div class="left product prod62"
        data-name="Susine Rosse.."
        data-price="4.39"
        data-id="33405"
        data-available="yes"
        data-category="6674"
        data-bestselling="">
    <a href="../susine-rosse.html">
        <div style="background-image: url('../../cdn.spesati.com/images/products/missing-image/missing-image.jpg')">
            <div class="hover"></div>
            
            <div class="stickers"></div>
        </div>
    </a>
    <div>
        <h4><a href="../susine-rosse.html"><b>Susine Rosse..</b></a></h4>
        <p class="description">medium weight 1 Kg</p>
        <p class="right price"><b>4.39 €</b></p>
        <p class="right unitPrice">4.39 € per kg</p>
    </div>
    <div class="contButton">
    <a class="button bgRed white addToCart" href="#">Add</a>
</div>
</div><div class="left product prod63"
        data-name="Mele Golden"
        data-price="2.49"
        data-id="1913"
        data-available="no"
        data-category="6566"
        data-bestselling="">
    <a href="../mele-golden.html">
        <div style="background-image: url('../../cdn.spesati.com/images/products/fl5003/mele-golden-cat.jpg')">
            <div class="hover"></div>
            
            <div class="stickers"></div>
        </div>
    </a>
    <div>
        <h4><a href="../mele-golden.html"><b>Mele Golden</b></a></h4>
        <p class="description">medium weight 1 Kg</p>
        <p class="right price"><b>2.49 €</b></p>
        <p class="right unitPrice">2.49 € per kg</p>
    </div>
    <div class="notAvailable">
    <a class="button bgDarkGrey white" href="../mele-golden.html">Not available</a>
</div>
</div><div class="left product prod64"
        data-name="Ciliegie Categoria II Provenienza Italia"
        data-price="3.51"
        data-id="3433"
        data-available="no"
        data-category="6601"
        data-bestselling="">
    <a href="../ciliegie-categoria-ii-provenienza-italia.html">
        <div style="background-image: url('../../cdn.spesati.com/images/products/98076101/ciliegie-categoria-ii-01.jpg')">
            <div class="hover"></div>
            
            <div class="stickers"></div>
        </div>
    </a>
    <div>
        <h4><a href="../ciliegie-categoria-ii-provenienza-italia.html"><b>Ciliegie Categoria II Provenienza Italia</b></a></h4>
        <p class="description">medium weight 0.5 Kg</p>
        <p class="right price"><b>3.51 €</b></p>
        <p class="right unitPrice">7.02 € per kg</p>
    </div>
    <div class="notAvailable">
    <a class="button bgDarkGrey white" href="../ciliegie-categoria-ii-provenienza-italia.html">Not available</a>
</div>
</div><div class="left product prod65"
        data-name="Pera Decana Categoria II Provenienza It"
        data-price="2.99"
        data-id="6142"
        data-available="no"
        data-category="6665"
        data-bestselling="">
    <a href="../pera-decana-categoria-ii-provenienza-it.html">
        <div style="background-image: url('../../cdn.spesati.com/images/products/98071801/pere-decana-categoria-01.jpg')">
            <div class="hover"></div>
            
            <div class="stickers"></div>
        </div>
    </a>
    <div>
        <h4><a href="../pera-decana-categoria-ii-provenienza-it.html"><b>Pera Decana Categoria II Provenienza It</b></a></h4>
        <p class="description">medium weight 1 Kg</p>
        <p class="right price"><b>2.99 €</b></p>
        <p class="right unitPrice">3.00 € per kg</p>
    </div>
    <div class="notAvailable">
    <a class="button bgDarkGrey white" href="../pera-decana-categoria-ii-provenienza-it.html">Not available</a>
</div>
</div><div class="left product prod66"
        data-name="Fichi Italia"
        data-price="4.97"
        data-id="1905"
        data-available="no"
        data-category="6810"
        data-bestselling="">
    <a href="../fichi-italia.html">
        <div style="background-image: url('../../cdn.spesati.com/images/products/98070001/fichi-italia-cat.jpg')">
            <div class="hover"></div>
            
            <div class="stickers"></div>
        </div>
    </a>
    <div>
        <h4><a href="../fichi-italia.html"><b>Fichi Italia</b></a></h4>
        <p class="description">medium weight 0.6 Kg</p>
        <p class="right price"><b>4.97 €</b></p>
        <p class="right unitPrice">8.29 € per kg</p>
    </div>
    <div class="notAvailable">
    <a class="button bgDarkGrey white" href="../fichi-italia.html">Not available</a>
</div>
</div><div class="left product prod67"
        data-name="Fragole"
        data-price="2.39"
        data-id="1906"
        data-available="no"
        data-category="499906"
        data-bestselling="">
    <a href="../fragole.html">
        <div style="background-image: url('../../cdn.spesati.com/images/products/98031901/fragole-250gr-catii.jpg')">
            <div class="hover"></div>
            
            <div class="stickers"></div>
        </div>
    </a>
    <div>
        <h4><a href="../fragole.html"><b>Fragole</b></a></h4>
        <p class="description">0.125 Kg</p>
        <p class="right price"><b>2.39 €</b></p>
        <p class="right unitPrice">2.39 € per kg</p>
    </div>
    <div class="notAvailable">
    <a class="button bgDarkGrey white" href="../fragole.html">Not available</a>
</div>
</div><div class="left product prod68"
        data-name="Albicocche"
        data-price="2.79"
        data-id="1892"
        data-available="no"
        data-category="6567"
        data-bestselling="">
    <a href="../albicocche.html">
        <div style="background-image: url('../../cdn.spesati.com/images/products/98001201/albicocche-cat-ii.jpg')">
            <div class="hover"></div>
            
            <div class="stickers"></div>
        </div>
    </a>
    <div>
        <h4><a href="../albicocche.html"><b>Albicocche</b></a></h4>
        <p class="description">medium weight 0.7 Kg</p>
        <p class="right price"><b>2.79 €</b></p>
        <p class="right unitPrice">3.99 € per kg</p>
    </div>
    <div class="notAvailable">
    <a class="button bgDarkGrey white" href="../albicocche.html">Not available</a>
</div>
</div><div class="left product prod69"
        data-name="Pomelo Bianco"
        data-price="2.69"
        data-id="33301"
        data-available="no"
        data-category="499906"
        data-bestselling="">
    <a href="../pomelo-bianco.html">
        <div style="background-image: url('../../cdn.spesati.com/images/products/474082/pomelo-bianco-01.jpg')">
            <div class="hover"></div>
            
            <div class="stickers"></div>
        </div>
    </a>
    <div>
        <h4><a href="../pomelo-bianco.html"><b>Pomelo Bianco</b></a></h4>
        <p class="description">medium weight 1 Kg</p>
        <p class="right price"><b>2.69 €</b></p>
        <p class="right unitPrice">2.69 € per kg</p>
    </div>
    <div class="notAvailable">
    <a class="button bgDarkGrey white" href="../pomelo-bianco.html">Not available</a>
</div>
</div><div class="left product prod70"
        data-name="Pithaya Rossa"
        data-price="21.49"
        data-id="33300"
        data-available="no"
        data-category="499906"
        data-bestselling="">
    <a href="../pithaya-rossa.html">
        <div style="background-image: url('../../cdn.spesati.com/images/products/474078/pithaya-rossa-01.jpg')">
            <div class="hover"></div>
            
            <div class="stickers"></div>
        </div>
    </a>
    <div>
        <h4><a href="../pithaya-rossa.html"><b>Pithaya Rossa</b></a></h4>
        <p class="description">medium weight 1 Kg</p>
        <p class="right price"><b>21.49 €</b></p>
        <p class="right unitPrice">21.49 € per kg</p>
    </div>
    <div class="notAvailable">
    <a class="button bgDarkGrey white" href="../pithaya-rossa.html">Not available</a>
</div>
</div><div class="left product prod71"
        data-name="Phisalis"
        data-price="9.99"
        data-id="33298"
        data-available="no"
        data-category="499906"
        data-bestselling="">
    <a href="../phisalis.html">
        <div style="background-image: url('../../cdn.spesati.com/images/products/474074/phisalis-01.jpg')">
            <div class="hover"></div>
            
            <div class="stickers"></div>
        </div>
    </a>
    <div>
        <h4><a href="../phisalis.html"><b>Phisalis</b></a></h4>
        <p class="description">medium weight 0.5 Kg</p>
        <p class="right price"><b>9.99 €</b></p>
        <p class="right unitPrice">19.99 € per kg</p>
    </div>
    <div class="notAvailable">
    <a class="button bgDarkGrey white" href="../phisalis.html">Not available</a>
</div>
</div><div class="left product prod72"
        data-name="Pere Conference Opera Pad.65-7"
        data-price="2.99"
        data-id="33256"
        data-available="no"
        data-category="6665"
        data-bestselling="">
    <a href="../pere-conference-opera-pad65-7.html">
        <div style="background-image: url('../../cdn.spesati.com/images/products/473979/pere-conference-pad-01.jpg')">
            <div class="hover"></div>
            
            <div class="stickers"></div>
        </div>
    </a>
    <div>
        <h4><a href="../pere-conference-opera-pad65-7.html"><b>Pere Conference Opera Pad.65-7</b></a></h4>
        <p class="description">medium weight 1 Kg</p>
        <p class="right price"><b>2.99 €</b></p>
        <p class="right unitPrice">3.00 € per kg</p>
    </div>
    <div class="notAvailable">
    <a class="button bgDarkGrey white" href="../pere-conference-opera-pad65-7.html">Not available</a>
</div>
</div><div class="left product prod73"
        data-name="Pere Abate..65"
        data-price="2.49"
        data-id="63453"
        data-available="no"
        data-category="6665"
        data-bestselling="">
    <a href="../pere-abate65.html">
        <div style="background-image: url('../../cdn.spesati.com/images/products/473970/pere-abate-65-01.jpg')">
            <div class="hover"></div>
            
            <div class="stickers"></div>
        </div>
    </a>
    <div>
        <h4><a href="../pere-abate65.html"><b>Pere Abate..65</b></a></h4>
        <p class="description">1 Kg</p>
        <p class="right price"><b>2.49 €</b></p>
        <p class="right unitPrice">2.49 € per kg</p>
    </div>
    <div class="notAvailable">
    <a class="button bgDarkGrey white" href="../pere-abate65.html">Not available</a>
</div>
</div><div class="left product prod74"
        data-name="Noci Di Cocco"
        data-price="5.78"
        data-id="33197"
        data-available="no"
        data-category="499906"
        data-bestselling="">
    <a href="../noci-di-cocco.html">
        <div style="background-image: url('../../cdn.spesati.com/images/products/473842/noci-di-cocco-01.jpg')">
            <div class="hover"></div>
            
            <div class="stickers"></div>
        </div>
    </a>
    <div>
        <h4><a href="../noci-di-cocco.html"><b>Noci Di Cocco</b></a></h4>
        <p class="description">medium weight 2 Kg</p>
        <p class="right price"><b>5.78 €</b></p>
        <p class="right unitPrice">2.89 € per kg</p>
    </div>
    <div class="notAvailable">
    <a class="button bgDarkGrey white" href="../noci-di-cocco.html">Not available</a>
</div>
</div><div class="left product prod75"
        data-name="Meloni Verdi Bins"
        data-price="2.98"
        data-id="33178"
        data-available="no"
        data-category="6649"
        data-bestselling="">
    <a href="../meloni-verdi-bins.html">
        <div style="background-image: url('../../cdn.spesati.com/images/products/473815/meloni-verdi-bins-01.jpg')">
            <div class="hover"></div>
            
            <div class="stickers"></div>
        </div>
    </a>
    <div>
        <h4><a href="../meloni-verdi-bins.html"><b>Meloni Verdi Bins</b></a></h4>
        <p class="description">medium weight 2 Kg</p>
        <p class="right price"><b>2.98 €</b></p>
        <p class="right unitPrice">1.49 € per kg</p>
    </div>
    <div class="notAvailable">
    <a class="button bgDarkGrey white" href="../meloni-verdi-bins.html">Not available</a>
</div>
</div><div class="left product prod76"
        data-name="Meloni Verde"
        data-price="5.70"
        data-id="33174"
        data-available="no"
        data-category="6649"
        data-bestselling="2">
    <a href="../meloni-verde.html">
        <div style="background-image: url('../../cdn.spesati.com/images/products/473811/meloni-verde-01.jpg')">
            <div class="hover"></div>
            <p class="arrow bgRed white">Best Seller</p>
            <div class="stickers"></div>
        </div>
    </a>
    <div>
        <h4><a href="../meloni-verde.html"><b>Meloni Verde</b></a></h4>
        <p class="description">medium weight 2 Kg</p>
        <p class="right price"><b>5.70 €</b></p>
        <p class="right unitPrice">2.85 € per kg</p>
    </div>
    <div class="notAvailable">
    <a class="button bgDarkGrey white" href="../meloni-verde.html">Not available</a>
</div>
</div><div class="left product prod77"
        data-name="Mele Red 70-75 Melind Dps"
        data-price="2.48"
        data-id="33151"
        data-available="no"
        data-category="6566"
        data-bestselling="">
    <a href="../mele-red-70-75-melind-dps.html">
        <div style="background-image: url('../../cdn.spesati.com/images/products/473735/mele-red-7075-01.jpg')">
            <div class="hover"></div>
            
            <div class="stickers"></div>
        </div>
    </a>
    <div>
        <h4><a href="../mele-red-70-75-melind-dps.html"><b>Mele Red 70-75 Melind Dps</b></a></h4>
        <p class="description">medium weight 1 Kg</p>
        <p class="right price"><b>2.48 €</b></p>
        <p class="right unitPrice">2.49 € per kg</p>
    </div>
    <div class="notAvailable">
    <a class="button bgDarkGrey white" href="../mele-red-70-75-melind-dps.html">Not available</a>
</div>
</div><div class="left product prod78"
        data-name="Mele Annurca"
        data-price="2.99"
        data-id="33140"
        data-available="no"
        data-category="6566"
        data-bestselling="">
    <a href="../mele-annurca.html">
        <div style="background-image: url('../../cdn.spesati.com/images/products/473683/mele-annurca-01.jpg')">
            <div class="hover"></div>
            
            <div class="stickers"></div>
        </div>
    </a>
    <div>
        <h4><a href="../mele-annurca.html"><b>Mele Annurca</b></a></h4>
        <p class="description">medium weight 1 Kg</p>
        <p class="right price"><b>2.99 €</b></p>
        <p class="right unitPrice">3.00 € per kg</p>
    </div>
    <div class="notAvailable">
    <a class="button bgDarkGrey white" href="../mele-annurca.html">Not available</a>
</div>
</div><div class="left product prod79"
        data-name="Mele Golden 90-95 Melinda Pad"
        data-price="2.59"
        data-id="33133"
        data-available="no"
        data-category="6566"
        data-bestselling="">
    <a href="../mele-golden-90-95-melinda-pad.html">
        <div style="background-image: url('../../cdn.spesati.com/images/products/473597/mele-golden-9095-01.jpg')">
            <div class="hover"></div>
            
            <div class="stickers"></div>
        </div>
    </a>
    <div>
        <h4><a href="../mele-golden-90-95-melinda-pad.html"><b>Mele Golden 90-95 Melinda Pad</b></a></h4>
        <p class="description">medium weight 1 Kg</p>
        <p class="right price"><b>2.59 €</b></p>
        <p class="right unitPrice">2.59 € per kg</p>
    </div>
    <div class="notAvailable">
    <a class="button bgDarkGrey white" href="../mele-golden-90-95-melinda-pad.html">Not available</a>
</div>
</div><div class="left product prod80"
        data-name="Mele Golden 80-85 Melinda Conf"
        data-price="2.29"
        data-id="33130"
        data-available="no"
        data-category="6566"
        data-bestselling="">
    <a href="../mele-golden-80-85-melinda-conf.html">
        <div style="background-image: url('../../cdn.spesati.com/images/products/473593/mele-golden-8085-01.jpg')">
            <div class="hover"></div>
            
            <div class="stickers"></div>
        </div>
    </a>
    <div>
        <h4><a href="../mele-golden-80-85-melinda-conf.html"><b>Mele Golden 80-85 Melinda Conf</b></a></h4>
        <p class="description">0.9 Kg</p>
        <p class="right price"><b>2.29 €</b></p>
        <p class="right unitPrice">2.55 € per kg</p>
    </div>
    <div class="notAvailable">
    <a class="button bgDarkGrey white" href="../mele-golden-80-85-melinda-conf.html">Not available</a>
</div>
</div><div class="left product prod81"
        data-name="Mele Golden 70-75 Melasi Dps"
        data-price="1.94"
        data-id="33127"
        data-available="no"
        data-category="6566"
        data-bestselling="">
    <a href="../mele-golden-70-75-melasi-dps.html">
        <div style="background-image: url('../../cdn.spesati.com/images/products/473587/mele-golden-7075-01.jpg')">
            <div class="hover"></div>
            
            <div class="stickers"></div>
        </div>
    </a>
    <div>
        <h4><a href="../mele-golden-70-75-melasi-dps.html"><b>Mele Golden 70-75 Melasi Dps</b></a></h4>
        <p class="description">medium weight 1 Kg</p>
        <p class="right price"><b>1.94 €</b></p>
        <p class="right unitPrice">1.94 € per kg</p>
    </div>
    <div class="notAvailable">
    <a class="button bgDarkGrey white" href="../mele-golden-70-75-melasi-dps.html">Not available</a>
</div>
</div><div class="left product prod82"
        data-name="Mele Golden. 70+ Rinf"
        data-price="2.29"
        data-id="33126"
        data-available="no"
        data-category="6566"
        data-bestselling="">
    <a href="../mele-golden-70-rinf.html">
        <div style="background-image: url('../../cdn.spesati.com/images/products/473586/mele-golden-70-01.jpg')">
            <div class="hover"></div>
            
            <div class="stickers"></div>
        </div>
    </a>
    <div>
        <h4><a href="../mele-golden-70-rinf.html"><b>Mele Golden. 70+ Rinf</b></a></h4>
        <p class="description">medium weight 1 Kg</p>
        <p class="right price"><b>2.29 €</b></p>
        <p class="right unitPrice">2.29 € per kg</p>
    </div>
    <div class="notAvailable">
    <a class="button bgDarkGrey white" href="../mele-golden-70-rinf.html">Not available</a>
</div>
</div><div class="left product prod83"
        data-name="Mele Golden 75-80 Melinda Dps"
        data-price="2.29"
        data-id="33125"
        data-available="no"
        data-category="6566"
        data-bestselling="">
    <a href="../mele-golden-75-80-melinda-dps.html">
        <div style="background-image: url('../../cdn.spesati.com/images/products/473585/mele-golden-7580-01.jpg')">
            <div class="hover"></div>
            
            <div class="stickers"></div>
        </div>
    </a>
    <div>
        <h4><a href="../mele-golden-75-80-melinda-dps.html"><b>Mele Golden 75-80 Melinda Dps</b></a></h4>
        <p class="description">medium weight 1 Kg</p>
        <p class="right price"><b>2.29 €</b></p>
        <p class="right unitPrice">2.29 € per kg</p>
    </div>
    <div class="notAvailable">
    <a class="button bgDarkGrey white" href="../mele-golden-75-80-melinda-dps.html">Not available</a>
</div>
</div><div class="left product prod84"
        data-name="Mele Golden 75-85 Melinda Fres"
        data-price="1.59"
        data-id="33124"
        data-available="no"
        data-category="6566"
        data-bestselling="">
    <a href="../mele-golden-75-85-melinda-fres.html">
        <div style="background-image: url('../../cdn.spesati.com/images/products/473584/mele-golden-7585-01.jpg')">
            <div class="hover"></div>
            
            <div class="stickers"></div>
        </div>
    </a>
    <div>
        <h4><a href="../mele-golden-75-85-melinda-fres.html"><b>Mele Golden 75-85 Melinda Fres</b></a></h4>
        <p class="description">medium weight 1 Kg</p>
        <p class="right price"><b>1.59 €</b></p>
        <p class="right unitPrice">1.59 € per kg</p>
    </div>
    <div class="notAvailable">
    <a class="button bgDarkGrey white" href="../mele-golden-75-85-melinda-fres.html">Not available</a>
</div>
</div><div class="left product prod85"
        data-name="Mele Golden 75-80 Rinfusa Melinda"
        data-price="1.99"
        data-id="33116"
        data-available="no"
        data-category="6566"
        data-bestselling="">
    <a href="../mele-golden-75-80-rinfusa-melinda.html">
        <div style="background-image: url('../../cdn.spesati.com/images/products/473573/mele-golden-7580-01.jpg')">
            <div class="hover"></div>
            
            <div class="stickers"></div>
        </div>
    </a>
    <div>
        <h4><a href="../mele-golden-75-80-rinfusa-melinda.html"><b>Mele Golden 75-80 Rinfusa Melinda</b></a></h4>
        <p class="description">medium weight 1 Kg</p>
        <p class="right price"><b>1.99 €</b></p>
        <p class="right unitPrice">1.99 € per kg</p>
    </div>
    <div class="notAvailable">
    <a class="button bgDarkGrey white" href="../mele-golden-75-80-rinfusa-melinda.html">Not available</a>
</div>
</div><div class="left product prod86"
        data-name="Mele Golden 70-75 Melinda Dps"
        data-price="2.49"
        data-id="33115"
        data-available="no"
        data-category="6566"
        data-bestselling="">
    <a href="../mele-golden-70-75-melinda-dps.html">
        <div style="background-image: url('../../cdn.spesati.com/images/products/473572/mele-golden-70-01.jpg')">
            <div class="hover"></div>
            
            <div class="stickers"></div>
        </div>
    </a>
    <div>
        <h4><a href="../mele-golden-70-75-melinda-dps.html"><b>Mele Golden 70-75 Melinda Dps</b></a></h4>
        <p class="description">medium weight 1 Kg</p>
        <p class="right price"><b>2.49 €</b></p>
        <p class="right unitPrice">2.50 € per kg</p>
    </div>
    <div class="notAvailable">
    <a class="button bgDarkGrey white" href="../mele-golden-70-75-melinda-dps.html">Not available</a>
</div>
</div><div class="left product prod87"
        data-name="Mele Red 65-70 Melinda Rinf"
        data-price="2.96"
        data-id="33114"
        data-available="no"
        data-category="6566"
        data-bestselling="">
    <a href="../mele-red-65-70-melinda-rinf.html">
        <div style="background-image: url('../../cdn.spesati.com/images/products/473571/mele-red-65-01.jpg')">
            <div class="hover"></div>
            
            <div class="stickers"></div>
        </div>
    </a>
    <div>
        <h4><a href="../mele-red-65-70-melinda-rinf.html"><b>Mele Red 65-70 Melinda Rinf</b></a></h4>
        <p class="description">medium weight 1 Kg</p>
        <p class="right price"><b>2.96 €</b></p>
        <p class="right unitPrice">2.96 € per kg</p>
    </div>
    <div class="notAvailable">
    <a class="button bgDarkGrey white" href="../mele-red-65-70-melinda-rinf.html">Not available</a>
</div>
</div><div class="left product prod88"
        data-name="Mele Golden 75-80 Rinf."
        data-price="2.39"
        data-id="33112"
        data-available="no"
        data-category="6566"
        data-bestselling="">
    <a href="../mele-golden-75-80-rinf.html">
        <div style="background-image: url('../../cdn.spesati.com/images/products/473569/mele-golden-7580-01.jpg')">
            <div class="hover"></div>
            
            <div class="stickers"></div>
        </div>
    </a>
    <div>
        <h4><a href="../mele-golden-75-80-rinf.html"><b>Mele Golden 75-80 Rinf.</b></a></h4>
        <p class="description">medium weight 1 Kg</p>
        <p class="right price"><b>2.39 €</b></p>
        <p class="right unitPrice">2.39 € per kg</p>
    </div>
    <div class="notAvailable">
    <a class="button bgDarkGrey white" href="../mele-golden-75-80-rinf.html">Not available</a>
</div>
</div><div class="left product prod89"
        data-name="Mele Golden 70-75 2 Kg"
        data-price="3.79"
        data-id="33111"
        data-available="no"
        data-category="6566"
        data-bestselling="">
    <a href="../mele-golden-70-75-2-kg.html">
        <div style="background-image: url('../../cdn.spesati.com/images/products/473567/mele-golden-7075-01.jpg')">
            <div class="hover"></div>
            
            <div class="stickers"></div>
        </div>
    </a>
    <div>
        <h4><a href="../mele-golden-70-75-2-kg.html"><b>Mele Golden 70-75 2 Kg</b></a></h4>
        <p class="description">2 Kg</p>
        <p class="right price"><b>3.79 €</b></p>
        <p class="right unitPrice">1.89 € per kg</p>
    </div>
    <div class="notAvailable">
    <a class="button bgDarkGrey white" href="../mele-golden-70-75-2-kg.html">Not available</a>
</div>
</div><div class="left product prod90"
        data-name="Limoni Senza Semi"
        data-price="1.59"
        data-id="33076"
        data-available="no"
        data-category="503759"
        data-bestselling="">
    <a href="../limoni-senza-semi.html">
        <div style="background-image: url('../../cdn.spesati.com/images/products/473493/limoni-2-01.jpg')">
            <div class="hover"></div>
            
            <div class="stickers"></div>
        </div>
    </a>
    <div>
        <h4><a href="../limoni-senza-semi.html"><b>Limoni Senza Semi</b></a></h4>
        <p class="description">medium weight 0.5 Kg</p>
        <p class="right price"><b>1.59 €</b></p>
        <p class="right unitPrice">3.19 € per kg</p>
    </div>
    <div class="notAvailable">
    <a class="button bgDarkGrey white" href="../limoni-senza-semi.html">Not available</a>
</div>
</div><div class="left product prod91"
        data-name="Limoni 1"
        data-price="1.10"
        data-id="33075"
        data-available="no"
        data-category="503759"
        data-bestselling="">
    <a href="../limoni-1.html">
        <div style="background-image: url('../../cdn.spesati.com/images/products/473492/limoni-1-01.jpg')">
            <div class="hover"></div>
            
            <div class="stickers"></div>
        </div>
    </a>
    <div>
        <h4><a href="../limoni-1.html"><b>Limoni 1</b></a></h4>
        <p class="description">medium weight 0.5 Kg</p>
        <p class="right price"><b>1.10 €</b></p>
        <p class="right unitPrice">2.19 € per kg</p>
    </div>
    <div class="notAvailable">
    <a class="button bgDarkGrey white" href="../limoni-1.html">Not available</a>
</div>
</div><div class="left product prod92"
        data-name="Litchis"
        data-price="2.40"
        data-id="33070"
        data-available="no"
        data-category="499906"
        data-bestselling="">
    <a href="../litchis.html">
        <div style="background-image: url('../../cdn.spesati.com/images/products/473486/litchis-01.jpg')">
            <div class="hover"></div>
            
            <div class="stickers"></div>
        </div>
    </a>
    <div>
        <h4><a href="../litchis.html"><b>Litchis</b></a></h4>
        <p class="description">medium weight 0.4 Kg</p>
        <p class="right price"><b>2.40 €</b></p>
        <p class="right unitPrice">5.99 € per kg</p>
    </div>
    <div class="notAvailable">
    <a class="button bgDarkGrey white" href="../litchis.html">Not available</a>
</div>
</div><div class="left product prod93"
        data-name="Kiwi Zespri Green Conf. 500gr"
        data-price="3.99"
        data-id="33062"
        data-available="no"
        data-category="6633"
        data-bestselling="">
    <a href="../kiwi-zespri-green-conf-500gr.html">
        <div style="background-image: url('../../cdn.spesati.com/images/products/473476/kiwi-zespri-green-01.jpg')">
            <div class="hover"></div>
            
            <div class="stickers"></div>
        </div>
    </a>
    <div>
        <h4><a href="../kiwi-zespri-green-conf-500gr.html"><b>Kiwi Zespri Green Conf. 500gr</b></a></h4>
        <p class="description">0.5 Kg</p>
        <p class="right price"><b>3.99 €</b></p>
        <p class="right unitPrice">7.98 € per kg</p>
    </div>
    <div class="notAvailable">
    <a class="button bgDarkGrey white" href="../kiwi-zespri-green-conf-500gr.html">Not available</a>
</div>
</div><div class="left product prod94"
        data-name="Clementine 1"
        data-price="2.29"
        data-id="32969"
        data-available="no"
        data-category="503759"
        data-bestselling="">
    <a href="../clementine-1.html">
        <div style="background-image: url('../../cdn.spesati.com/images/products/473219/clementine-1-01.jpg')">
            <div class="hover"></div>
            
            <div class="stickers"></div>
        </div>
    </a>
    <div>
        <h4><a href="../clementine-1.html"><b>Clementine 1</b></a></h4>
        <p class="description">medium weight 1 Kg</p>
        <p class="right price"><b>2.29 €</b></p>
        <p class="right unitPrice">2.29 € per kg</p>
    </div>
    <div class="notAvailable">
    <a class="button bgDarkGrey white" href="../clementine-1.html">Not available</a>
</div>
</div><div class="left product prod95"
        data-name="Banane Orsero Maturaz 2/3"
        data-price="1.80"
        data-id="62976"
        data-available="no"
        data-category="6574"
        data-bestselling="">
    <a href="../banane-orsero-maturaz-23.html">
        <div style="background-image: url('../../cdn.spesati.com/images/products/473061/banane-orsero-maturaz-01.jpg')">
            <div class="hover"></div>
            
            <div class="stickers"></div>
        </div>
    </a>
    <div>
        <h4><a href="../banane-orsero-maturaz-23.html"><b>Banane Orsero Maturaz 2/3</b></a></h4>
        <p class="description">1 Kg</p>
        <p class="right price"><b>1.80 €</b></p>
        <p class="right unitPrice">1.80 € per kg</p>
    </div>
    <div class="notAvailable">
    <a class="button bgDarkGrey white" href="../banane-orsero-maturaz-23.html">Not available</a>
</div>
</div><div class="left product prod96"
        data-name="Banane Orsero"
        data-price="1.75"
        data-id="32885"
        data-available="no"
        data-category="6574"
        data-bestselling="">
    <a href="../banane-orsero.html">
        <div style="background-image: url('../../cdn.spesati.com/images/products/473060/banane-orsero-01.jpg')">
            <div class="hover"></div>
            
            <div class="stickers"></div>
        </div>
    </a>
    <div>
        <h4><a href="../banane-orsero.html"><b>Banane Orsero</b></a></h4>
        <p class="description">medium weight 1 Kg</p>
        <p class="right price"><b>1.75 €</b></p>
        <p class="right unitPrice">1.75 € per kg</p>
    </div>
    <div class="notAvailable">
    <a class="button bgDarkGrey white" href="../banane-orsero.html">Not available</a>
</div>
</div><div class="left product prod97"
        data-name="Banane Chiquita"
        data-price="2.29"
        data-id="32882"
        data-available="no"
        data-category="6574"
        data-bestselling="">
    <a href="../banane-chiquita.html">
        <div style="background-image: url('../../cdn.spesati.com/images/products/473055/banane-chiquita-01.jpg')">
            <div class="hover"></div>
            
            <div class="stickers"></div>
        </div>
    </a>
    <div>
        <h4><a href="../banane-chiquita.html"><b>Banane Chiquita</b></a></h4>
        <p class="description">medium weight 1 Kg</p>
        <p class="right price"><b>2.29 €</b></p>
        <p class="right unitPrice">2.29 € per kg</p>
    </div>
    <div class="notAvailable">
    <a class="button bgDarkGrey white" href="../banane-chiquita.html">Not available</a>
</div>
</div><div class="left product prod98"
        data-name="Anguria Nera"
        data-price="14.90"
        data-id="32865"
        data-available="no"
        data-category="499906"
        data-bestselling="">
    <a href="../anguria-nera.html">
        <div style="background-image: url('../../cdn.spesati.com/images/products/473035/anguria-nera-01.jpg')">
            <div class="hover"></div>
            
            <div class="stickers"></div>
        </div>
    </a>
    <div>
        <h4><a href="../anguria-nera.html"><b>Anguria Nera</b></a></h4>
        <p class="description">medium weight 10 Kg</p>
        <p class="right price"><b>14.90 €</b></p>
        <p class="right unitPrice">1.49 € per kg</p>
    </div>
    <div class="notAvailable">
    <a class="button bgDarkGrey white" href="../anguria-nera.html">Not available</a>
</div>
</div><div class="left product prod99"
        data-name="Arance Vaniglia"
        data-price="2.59"
        data-id="32860"
        data-available="no"
        data-category="503759"
        data-bestselling="">
    <a href="../arance-vaniglia.html">
        <div style="background-image: url('../../cdn.spesati.com/images/products/473028/arance-vaniglia-01.jpg')">
            <div class="hover"></div>
            
            <div class="stickers"></div>
        </div>
    </a>
    <div>
        <h4><a href="../arance-vaniglia.html"><b>Arance Vaniglia</b></a></h4>
        <p class="description">medium weight 1 Kg</p>
        <p class="right price"><b>2.59 €</b></p>
        <p class="right unitPrice">2.59 € per kg</p>
    </div>
    <div class="notAvailable">
    <a class="button bgDarkGrey white" href="../arance-vaniglia.html">Not available</a>
</div>
</div><div class="left product prod100"
        data-name="Anguria Striata"
        data-price="11.49"
        data-id="1896"
        data-available="no"
        data-category="499906"
        data-bestselling="">
    <a href="../anguria-striata.html">
        <div style="background-image: url('../../cdn.spesati.com/images/products/4618501/anguria-nera-catii.jpg')">
            <div class="hover"></div>
            
            <div class="stickers"></div>
        </div>
    </a>
    <div>
        <h4><a href="../anguria-striata.html"><b>Anguria Striata</b></a></h4>
        <p class="description">medium weight 12 Kg</p>
        <p class="right price"><b>11.49 €</b></p>
        <p class="right unitPrice">0.96 € per kg</p>
    </div>
    <div class="notAvailable">
    <a class="button bgDarkGrey white" href="../anguria-striata.html">Not available</a>
</div>
</div><div class="left product prod101"
        data-name="Melone Retato"
        data-price="4.66"
        data-id="1920"
        data-available="no"
        data-category="6649"
        data-bestselling="">
    <a href="../melone-retato.html">
        <div style="background-image: url('../../cdn.spesati.com/images/products/276902/melone-cantalupo-catii.jpg')">
            <div class="hover"></div>
            
            <div class="stickers"></div>
        </div>
    </a>
    <div>
        <h4><a href="../melone-retato.html"><b>Melone Retato</b></a></h4>
        <p class="description">medium weight 1.8 Kg</p>
        <p class="right price"><b>4.66 €</b></p>
        <p class="right unitPrice">2.59 € per kg</p>
    </div>
    <div class="notAvailable">
    <a class="button bgDarkGrey white" href="../melone-retato.html">Not available</a>
</div>
</div><div class="left product prod102"
        data-name="Pesca Noce"
        data-price="3.99"
        data-id="1955"
        data-available="no"
        data-category="505301"
        data-bestselling="">
    <a href="../pesca-noce.html">
        <div style="background-image: url('../../cdn.spesati.com/images/products/2527602/pesca-noce-catii.jpg')">
            <div class="hover"></div>
            
            <div class="stickers"></div>
        </div>
    </a>
    <div>
        <h4><a href="../pesca-noce.html"><b>Pesca Noce</b></a></h4>
        <p class="description">medium weight 1 Kg</p>
        <p class="right price"><b>3.99 €</b></p>
        <p class="right unitPrice">3.99 € per kg</p>
    </div>
    <div class="notAvailable">
    <a class="button bgDarkGrey white" href="../pesca-noce.html">Not available</a>
</div>
</div><div class="left product prod103"
        data-name="Nocciole Guscio Tostate 500gr"
        data-price="3.89"
        data-id="89042"
        data-available="no"
        data-category="433"
        data-bestselling="">
    <a href="../nocciole-guscio-tostate-500gr.html">
        <div style="background-image: url('../../cdn.spesati.com/images/products/missing-image/missing-image.jpg')">
            <div class="hover"></div>
            
            <div class="stickers"></div>
        </div>
    </a>
    <div>
        <h4><a href="../nocciole-guscio-tostate-500gr.html"><b>Nocciole Guscio Tostate 500gr</b></a></h4>
        <p class="description">0.5 Kg</p>
        <p class="right price"><b>3.89 €</b></p>
        <p class="right unitPrice">7.78 € per kg</p>
    </div>
    <div class="notAvailable">
    <a class="button bgDarkGrey white" href="../nocciole-guscio-tostate-500gr.html">Not available</a>
</div>
</div><div class="left product prod104"
        data-name="Datteri Deglet Nour Denoc 200g"
        data-price="1.30"
        data-id="89045"
        data-available="no"
        data-category="6626"
        data-bestselling="">
    <a href="../datteri-deglet-nour-denoc-200g.html">
        <div style="background-image: url('../../cdn.spesati.com/images/products/missing-image/missing-image.jpg')">
            <div class="hover"></div>
            
            <div class="stickers"></div>
        </div>
    </a>
    <div>
        <h4><a href="../datteri-deglet-nour-denoc-200g.html"><b>Datteri Deglet Nour Denoc 200g</b></a></h4>
        <p class="description">0.2 Kg</p>
        <p class="right price"><b>1.30 €</b></p>
        <p class="right unitPrice">6.50 € per kg</p>
    </div>
    <div class="notAvailable">
    <a class="button bgDarkGrey white" href="../datteri-deglet-nour-denoc-200g.html">Not available</a>
</div>
</div><div class="left product prod105"
        data-name="Arachidi Tostate Jumbo 750g"
        data-price="3.59"
        data-id="89048"
        data-available="no"
        data-category="433"
        data-bestselling="">
    <a href="../arachidi-tostate-jumbo-750g.html">
        <div style="background-image: url('../../cdn.spesati.com/images/products/missing-image/missing-image.jpg')">
            <div class="hover"></div>
            
            <div class="stickers"></div>
        </div>
    </a>
    <div>
        <h4><a href="../arachidi-tostate-jumbo-750g.html"><b>Arachidi Tostate Jumbo 750g</b></a></h4>
        <p class="description">0.2 Kg</p>
        <p class="right price"><b>3.59 €</b></p>
        <p class="right unitPrice">17.95 € per kg</p>
    </div>
    <div class="notAvailable">
    <a class="button bgDarkGrey white" href="../arachidi-tostate-jumbo-750g.html">Not available</a>
</div>
</div><div class="left product prod106"
        data-name="Avocados Conf 300 Gr."
        data-price="2.79"
        data-id="32877"
        data-available="no"
        data-category="499906"
        data-bestselling="">
    <a href="../avocados-conf-300-gr.html">
        <div style="background-image: url('../../cdn.spesati.com/images/products/missing-image/missing-image.jpg')">
            <div class="hover"></div>
            
            <div class="stickers"></div>
        </div>
    </a>
    <div>
        <h4><a href="../avocados-conf-300-gr.html"><b>Avocados Conf 300 Gr.</b></a></h4>
        <p class="description">0.3 Kg</p>
        <p class="right price"><b>2.79 €</b></p>
        <p class="right unitPrice">9.30 € per kg</p>
    </div>
    <div class="notAvailable">
    <a class="button bgDarkGrey white" href="../avocados-conf-300-gr.html">Not available</a>
</div>
</div><div class="left product prod107"
        data-name="Clementine Cal 1x"
        data-price="2.29"
        data-id="32968"
        data-available="no"
        data-category="503759"
        data-bestselling="">
    <a href="../clementine-cal-1x.html">
        <div style="background-image: url('../../cdn.spesati.com/images/products/missing-image/missing-image.jpg')">
            <div class="hover"></div>
            
            <div class="stickers"></div>
        </div>
    </a>
    <div>
        <h4><a href="../clementine-cal-1x.html"><b>Clementine Cal 1x</b></a></h4>
        <p class="description">medium weight 1 Kg</p>
        <p class="right price"><b>2.29 €</b></p>
        <p class="right unitPrice">2.29 € per kg</p>
    </div>
    <div class="notAvailable">
    <a class="button bgDarkGrey white" href="../clementine-cal-1x.html">Not available</a>
</div>
</div><div class="left product prod108"
        data-name="Fragole Conf. 250gr*"
        data-price="1.89"
        data-id="33003"
        data-available="no"
        data-category="499906"
        data-bestselling="">
    <a href="../fragole-conf-250gr.html">
        <div style="background-image: url('../../cdn.spesati.com/images/products/missing-image/missing-image.jpg')">
            <div class="hover"></div>
            
            <div class="stickers"></div>
        </div>
    </a>
    <div>
        <h4><a href="../fragole-conf-250gr.html"><b>Fragole Conf. 250gr*</b></a></h4>
        <p class="description">0.250 Kg</p>
        <p class="right price"><b>1.89 €</b></p>
        <p class="right unitPrice">7.56 € per kg</p>
    </div>
    <div class="notAvailable">
    <a class="button bgDarkGrey white" href="../fragole-conf-250gr.html">Not available</a>
</div>
</div><div class="left product prod109"
        data-name="Mango Conf. 400 Gr."
        data-price="3.39"
        data-id="33093"
        data-available="no"
        data-category="499906"
        data-bestselling="">
    <a href="../mango-conf-400-gr.html">
        <div style="background-image: url('../../cdn.spesati.com/images/products/missing-image/missing-image.jpg')">
            <div class="hover"></div>
            
            <div class="stickers"></div>
        </div>
    </a>
    <div>
        <h4><a href="../mango-conf-400-gr.html"><b>Mango Conf. 400 Gr.</b></a></h4>
        <p class="description">0.4 Kg</p>
        <p class="right price"><b>3.39 €</b></p>
        <p class="right unitPrice">8.48 € per kg</p>
    </div>
    <div class="notAvailable">
    <a class="button bgDarkGrey white" href="../mango-conf-400-gr.html">Not available</a>
</div>
</div><div class="left product prod110"
        data-name="Papaia Conf. 300 Gr."
        data-price="3.89"
        data-id="33204"
        data-available="no"
        data-category="499906"
        data-bestselling="">
    <a href="../papaia-conf-300-gr.html">
        <div style="background-image: url('../../cdn.spesati.com/images/products/missing-image/missing-image.jpg')">
            <div class="hover"></div>
            
            <div class="stickers"></div>
        </div>
    </a>
    <div>
        <h4><a href="../papaia-conf-300-gr.html"><b>Papaia Conf. 300 Gr.</b></a></h4>
        <p class="description">0.3 Kg</p>
        <p class="right price"><b>3.89 €</b></p>
        <p class="right unitPrice">12.97 € per kg</p>
    </div>
    <div class="notAvailable">
    <a class="button bgDarkGrey white" href="../papaia-conf-300-gr.html">Not available</a>
</div>
</div>        </div>
    </div>
</section>
<div class="footer">
    <div class="bgDarkGrey"></div>
    <footer>
        <div class="left bgDarkGrey">
            <a id="logoFooter" href="../index.html" class="estDynamic">
                <img src="../../cdn.spesati.com/images/layout/logo-eng.png" alt="Spesati.com" />
                <h2 class="red">Grocery Delivery</h2>
            </a>
            <a class="button bgRed white mobile" href="tel:390707968318">Phone order</a>
            <a class="button bgRed white desktop" href="../news/2020-04-07/news-on-spesati-the-telephone-order-service-is-active.html">Phone order</a>
            <a class="button bgRed white" href="../cdn-cgi/l/email-protection.html#6e070008012e1d1e0b1d0f1a07400d0103">Send mail</a>
            <div id="social">
                <a class="left" href="https://www.facebook.com/spesati/" rel="external" target="_blank">
                    <span class="facebook bgRed fa-stack fa-lg">
                        <i class="fa fa-facebook fa-stack-1x "></i>
                    </span>
                </a>
                <a class="right" href="https://twitter.com/spesati" rel="external" target="_blank">
                    <span class="twitter bgRed fa-stack fa-lg">
                        <i class="fa fa-twitter fa-stack-1x "></i>
                    </span>
                </a>
            </div>
            <p>Copyright 2024 Spesati.com </p>
            
                    <p>All rights reserved</p>
                    <p>SPESATI SRL</p>
                    <p>Corso Vittorio Veneto 15/I, 07026, Olbia</p>
                    <p>CF e P.Iva: 02772380909</p>
                        </div>
        <div class="center bgRed">
            <div class="top">
                <h3>Categories</h3>
                <div class="col">
                    <ul>
                        <li>
                            <a href="#" class="estDynamic">On sale</a>
                        </li>
                        <li>
                            <a href="../fruit-and-vegetables.html" class="estDynamic">Fruit and vegetables</a>
                        </li>
                        <li>
                            <a href="../fresh-products.html" class="estDynamic">Fresh products</a>
                        </li>
                        <li>
                            <a href="../frozen-foods.html" class="estDynamic">Frozen foods</a>
                        </li>
                        <li>
                            <a href="../bread-and-pasta.html" class="estDynamic">Bread and pasta</a>
                        </li>
                        <li>
                            <a href="../meat.html" class="estDynamic">Meat</a>
                        </li>
                        <li>
                            <a href="../fish.html" class="estDynamic">Fish</a>
                        </li>
                    </ul>
                </div>
                <div class="col">
                    <ul>
                        <li>
                            <a href="../wine-beer-and-spirits.html" class="estDynamic">Wine beer and spirits</a>
                        </li>
                        <li>
                            <a href="../water-and-drinks.html" class="estDynamic">Water and drinks</a>
                        </li>
                        <li>
                            <a href="../sweets.html" class="estDynamic">Sweets</a>
                        </li>
                        <li>
                            <a href="../shelf.html" class="estDynamic">Cupboard</a>
                        </li>
                        <li>
                            <a href="../personal-care.html" class="estDynamic">Personal care</a>
                        </li>
                        <li>
                            <a href="../household-and-outdoors.html" class="estDynamic">Home and outdoors</a>
                        </li>
                        <li>
                            <a href="../pet.html" class="estDynamic">Pets</a>
                        </li>
                    </ul>
                </div>
                <div class="col">
                    <ul>
                        <li>
                            <a href="../technology.html" class="estDynamic">Technology</a>
                        </li>
                        <li>
                            <a href="../gluten-free.html" class="estDynamic">Gluten free</a>
                        </li>
                        <li>
                            <a href="../lactose-free.html" class="estDynamic">Lactose free</a>
                        </li>
                        <li>
                            <a href="../special.html" class="estDynamic">Special</a>
                        </li>
                        <li>
                            <a href="../sardinian-products.html" class="estDynamic">Sardinian products</a>
                        </li>
                    </ul>
                </div>
            </div>
            <div class="bottom bgRed">
                <div class="left">
                    <h3>Delivery payment</h3>
                    <div>
                        <i class="fa fa-money fa-3x" aria-hidden="true"></i>
                        <p>Cash</p>
                    </div>
                    <div>
                        <i class="fa fa-credit-card fa-3x" aria-hidden="true"></i>
                        <p>Bancomat or card</p>
                    </div>
                </div>
                <div class="right">
                    <h3>Online payment</h3>
                    <div>
                        <i class="fa fa-credit-card fa-3x" aria-hidden="true"></i>
                        <p>Credit or debit card <span class="red">online</span></p>
                    </div>
                    <div>
                        <i class="fa fa-paypal fa-3x" aria-hidden="true"></i>
                        <p>PayPal</p>
                    </div>
                    <div>
                        <i class="fa fa-university fa-3x" aria-hidden="true"></i>
                        <p>Bank transfer</p>
                    </div>
                </div>
            </div>
        </div>
        <div class="right bgRed">
            <div>
                <i class="fa fa-truck fa-flip-horizontal"></i>
                <a class="button bgYellow white" href="../delivery-prices.html">Delivery prices</a>
                
                    <h3>Home delivery:</h3>
                    <p><b>Monday to Saturday</b></p>
                    <p><b>9:00 to 20:00</b></p>
                    <p><b>Minimum order:</b> 29€</p>
                    <p><b>Delivery starting from:</b> 3,50€</p>
                            </div>
            <ul>
                <li>
                    <a href="../delivery-prices.html">Delivery prices</a>
                </li>
                <li>
                    <a href="../about.html">About</a>
                </li>
                <li>
                    <a href="../faq.html">Faq</a>
                </li>
                <li>
                    <a href="../customer-care.html">Support</a>
                </li>
                <li>
                    <a href="../news.html">Blog</a>
                </li>
                <li>
                    <a href="../terms-and-conditions.html">Conditions</a>
                </li>
                <li>
                    <a href="../privacy-policy.html">Privacy policy</a>
                </li>
                <li>
                    <a href="../legal-warranty.html">Legal guarantee</a>
                </li>
            </ul>
        </div>
    </footer>
    <div class="bgRed"></div>
</div>
<!--Start of Tawk.to Script-->
<script data-cfasync="false" src="../cdn-cgi/scripts/5c5dd728/cloudflare-static/email-decode.min.js"></script><script type="text/javascript">
var Tawk_API=Tawk_API||{}, Tawk_LoadStart=new Date();
(function(){
var s1=document.createElement("script"),s0=document.getElementsByTagName("script")[0];
s1.async=true;
s1.src='https://embed.tawk.to/59e86945c28eca75e4626ed9/default';
s1.charset='UTF-8';
s1.setAttribute('crossorigin','*');
s0.parentNode.insertBefore(s1,s0);
})();
</script>
<!--End of Tawk.to Script-->

<!-- Here are parked a few translatable strings, useful for Javascript rendering -->
<div id="js-texts" hidden>
    <input type="hidden" name="save_cart_notice" value="Saving your cart it will be possible to reload it next time you come for shopping">
    <input type="hidden" name="save_cart_notice_title" value="Want to save your cart?">
    <input type="hidden" name="save_cart_ok" value="Save">
    <input type="hidden" name="save_cart_ko" value="Don't Save">
    <input type="hidden" name="reload_cart" value="The Reload Order function allows you to top up your last cart to make a New Order. Warning: do not use this function to add products to the last order. At this time it is not possible to modify an order placed previously.">
</div>

<!-- new site and login popup -->
</body>
<!-- Mirrored from www.spesati.com/fruit-and-vegetables/fruit by HTTrack Website Copier/3.x [XR&CO'2014], Fri, 23 Feb 2024 17:22:33 GMT -->
</html>