<!DOCTYPE html><html lang="en">
<!-- Mirrored from www.spesati.com/fruit-and-vegetables/vegetables by HTTrack Website Copier/3.x [XR&CO'2014], Fri, 23 Feb 2024 17:25:48 GMT -->
<!-- Added by HTTrack --><meta http-equiv="content-type" content="text/html;charset=utf-8" /><!-- /Added by HTTrack -->
<head>
    <title>Vegetables and soy - Fruit and vegetables - Spesati.com</title>
    <meta http-equiv="Content-Type" content="text/html; charset=UTF-8" />
    <meta name="description" content="" />
    <meta name="keywords" content="" />
    <link href="../images/favicon.ico" rel="shortcut icon" type="image/x-icon" />
    <meta name="author" content="www.dodify.com" /><link rel="canonical" href="vegetables.html" /><link rel="alternate" hreflang="en" href="vegetables.html" /><link rel="alternate" hreflang="it" href="https://www.spesati.it/frutta-e-verdura/verdura" /><link href="../../cdnjs.cloudflare.com/ajax/libs/meyer-reset/2.0/reset.min.css" rel="stylesheet" type="text/css" /><link href="../../cdnjs.cloudflare.com/ajax/libs/font-awesome/6.5.1/css/all.min.css" rel="stylesheet" type="text/css" /><link href="https://fonts.googleapis.com/css?family=Montserrat:400,700" rel="stylesheet" type="text/css" /><link href="../../cdnjs.cloudflare.com/ajax/libs/fancybox/2.1.5/jquery.fancybox.min.css" rel="stylesheet" type="text/css" /><link href="../style/mainbea6.css?v=7" rel="stylesheet" type="text/css" /><link href="../style/lightslider.css" rel="stylesheet" type="text/css" /><link href="../style/categories.css" rel="stylesheet" type="text/css" /><script src="../../cdnjs.cloudflare.com/ajax/libs/jquery/3.6.1/jquery.min.js" type="text/javascript"></script><script src="../../ajax.googleapis.com/ajax/libs/jquery/1.11.0/jquery.min.js" type="text/javascript"></script><script src="http://unpkg.com/@floating-ui/core@0.4.0" type="text/javascript"></script><script src="http://unpkg.com/@floating-ui/dom@0.2.0" type="text/javascript"></script><script src="../../cdnjs.cloudflare.com/ajax/libs/fancybox/2.1.5/jquery.fancybox.min.js" type="text/javascript"></script><script src="../js/menu.js" type="text/javascript"></script><script src="../js/interfaceb6f5.js?v=10" type="text/javascript"></script><script src="../js/spesati.lightslider.min.js" type="text/javascript"></script><meta name="viewport" content="width=device-width, initial-scale=1, maximum-scale=1" /><meta name = "format-detection" content = "telephone=no">
<!-- Facebook Pixel Code -->
<script>
  !function(f,b,e,v,n,t,s)
  {if(f.fbq)return;n=f.fbq=function(){n.callMethod?
  n.callMethod.apply(n,arguments):n.queue.push(arguments)};
  if(!f._fbq)f._fbq=n;n.push=n;n.loaded=!0;n.version='2.0';
  n.queue=[];t=b.createElement(e);t.async=!0;
  t.src=v;s=b.getElementsByTagName(e)[0];
  s.parentNode.insertBefore(t,s)}(window, document,'script',
  '../../connect.facebook.net/en_US/fbevents.js');
  fbq('init', '792335014180667');
  fbq('track', 'PageView');
</script>
<noscript>
    <img height="1" width="1" style="display:none" src="https://www.facebook.com/tr?id=792335014180667&amp;ev=PageView&amp;noscript=1" />
</noscript>
<!-- End Facebook Pixel Code -->

<!-- GA4 -->
<script async src="https://www.googletagmanager.com/gtag/js?id=G-SSS6NRNXL0"></script>
<script>
  window.dataLayer = window.dataLayer || [];
  function gtag(){dataLayer.push(arguments);}
  gtag('js', new Date());
  gtag('config', 'AW-976671669');
  gtag('config', 'G-SSS6NRNXL0');
</script>
<!-- Elements for PWA deploy -->
<link rel="manifest" href="../manifest.json">
<meta name="theme-color" media="(prefers-color-scheme: light)" content="white">
<meta name="theme-color" media="(prefers-color-scheme: dark)"  content="black">
<link href=../images/icon-192.png rel=apple-touch-icon sizes="192x192">
<!-- Establishment logic -->
<script>var pageEstablishment = "Olbia"; var estDefaultPages = true</script>
    <!--[if lt IE 9]>
        <script src="https://cdnjs.cloudflare.com/ajax/libs/html5shiv/3.7.3/html5shiv.min.js" type="text/javascript"></script>
    <![endif]--><script type="text/javascript">
$(document).ready(function() {
    // Check if exists cookie
    if(document.cookie.indexOf("cookieAccepted") < 0) {
        var cookieText = '<div id=\"cookie\"><p>This site uses cookies. Cookies are used for ads personalisation. <a href=\"/privacy-policy\">More info</a></p><button id=\"cookieConsent\" type=\"button\">Accept</button></div>';
        $("body").append($(
            cookieText
        ));
        $('#cookie').css({
            'width'           : '100%',
            'text-align'      : 'center',
            'color'           : '#FFFFFF',
            'background-color': '#000000', 
            'opacity'         : '.8', 
            'position'        : 'fixed', 
            'bottom'          : '0',
            'padding'         : '.5em 0',
            'z-index'         : '999'
        });
        $('#cookie > *').css({
            'display': 'inline'
        });
        $('#cookie a').css({
            'color'          : '#FFFFFF',
            'text-decoration': 'underline',
            'margin-right'   : '2%'
        });
        $('#cookieConsent').click(function() {
            // Set cookie
            var expiry = new Date();
            expiry.setTime(expiry.getTime() + (365 * 24 * 60 * 60 * 1000));
            document.cookie = "cookieAccepted=yes; expires=" + expiry.toGMTString() + "; path=/; domain=.spesati.com";
            $('#cookie').css({'display': 'none'});
        });
    }
});
</script></head><body><script type="text/javascript">
    var addText = "Add";
    var slider  = null;
    $(document).ready(function() {
        slider = $('#cartSlider').lightSlider({
            controls: false,
            item:13,
            loop:false,
            slideMove:1,
            easing: 'cubic-bezier(0.25, 0, 0.25, 1)',
            speed:600,
            responsive : [
                {
                    breakpoint:1400,
                    settings: {
                        item:12,
                        slideMove:1,
                    }
                },
                {
                    breakpoint:1200,
                    settings: {
                        item:11,
                        slideMove:1,
                    }
                },
                {
                    breakpoint:1080,
                    settings: {
                        item:14,
                        slideMove:1,
                    }
                },
                {
                    breakpoint:800,
                    settings: {
                        item:12,
                        slideMove:1,
                    }
                }
            ]
        });
        $('.lSPager').css("display","none");
        $('.lSAction').css("display","block");
        $('#goToPrevSlide').on('click', function () {
            slider.goToPrevSlide();
        });
        $('#goToNextSlide').on('click', function () {
            slider.goToNextSlide();
        });
    });

</script>
<div id="header" class="bgYellow">
    <header>
        <a class="menu" href="#"><i class="fa red fa-bars fa-2x"></i></a>
        <a id="logo" class="colLeft estDynamic" href="../index.html">
            <img src="../../cdn.spesati.com/images/layout/logo-eng.png" alt="Spesati.com" />
            <h2 class="red">Grocery Delivery</h2>
        </a>
        <div class="colRight">
            <div id="controls" class="right">
                <p id="establishmentControls">
                    <span class="establishmentWarning"><i class="fa-solid fa-triangle-exclamation red" title="Stai visualizzando i prodotti disponibili in una zona diversa. Se vuoi cambiare zona, cliccan qui"></i>&nbsp;&nbsp;</span>
                    Shopping from <b><a id="establishment" href="#"></a></b> <span id="estAddress">for </span> <a href="../change-establishment.html">(<i class="fa-solid fa-pencil"></i> Change)</a> <span class="establishmentWarning">but viewing <b>Olbia</b></span>
                </p>
                <p><a href="https://www.spesati.it/frutta-e-verdura/verdura" class="black switch-site">Versione italiana</a></p>                
            </div>
            <div>
                <form id="search" action="https://www.spesati.com/search" method="post" class="left">
                    <fieldset>
                        <div>
                            <input type="text" name="searchBox" id="searchBox" placeholder="Search for a product"></input>
                            <input id="searchButton" type="submit" name="searchButton" class="button bgRed white left" value="Find" />
                        </div>
                    </fieldset>
                </form>
                <div class="center left">
                    <a class="button bgRed white log-in" href="../login.html">Login</a>
                    <a class="button bgRed white sign-up" href="../sign-up.html">Sign up</a>
                    <a class="button bgRed white profile" href="../profile.html">Profile</a>
                    <a class="button bgRed white log-out" href="../index.html" data-endpoint-check-cart="https://api.spesati.com/cart/check">Logout</a>
                </div>
                <div class="right user-function-icons">
                    <a class="red left account"><i class="fa fa-user fa-3x"></i></a>
                    <div id="dropdown">
                        <a class="log-in button bgRed white" href="../login.html">Login</a>
                        <a class="sign-up button bgRed white" href="../sign-up.html">Sign up</a>
                        <a class="profile button bgRed white" href="../profile.html">Profile</a>
                        <a class="log-out button bgRed white" href="../index.html">Logout</a>
                    </div>

                    <div class="cart left">
                        <i class="fa fa-sm fa-shopping-cart red" aria-hidden="true" id="shipping-cart-button"></i>
                        <p id="cartQuantity"></p>
                    </div>

                    <a class="right" href="../cart.html"><p class="black" id="cartTotal"></p></a>
                </div>
            </div>
                            <div id="previewCart">
                    <i id="goToPrevSlide" class="yellow fa fa-angle-left fa-2x" aria-hidden="true"></i>
                    <div><ul id="cartSlider"></ul></div>
                    <i id="goToNextSlide" class="yellow fa fa-angle-right fa-2x" aria-hidden="true"></i>
                </div>
                    </div>
    </header>

    <div id="shipping-cart-options" data-inited="false">
        <a href="../cart.html" class="goto-cart">checkout</a>
        <a href="#" data-endpoint-auth="https://api.spesati.com/cart/save" data-endpoint-noauth="/login" class="save-cart">save</a>
        <a href="#" data-endpoint-auth="https://api.spesati.com/cart/load" class="load-cart">load</a>
    </div>
</div>
<div id="menuCategoriesMobile" class="mobile bgRed">
    <div class="closeMenu">
        <i class="fa fa-times fa-2x white"></i>
        Close
    </div>
    <ul class="bgRed white">
        <div id="langMobile" class="right">
        <a href="https://www.spesati.it/frutta-e-verdura/verdura" class="white switch-site"><p>Versione italiana</p></a>    </div>
        <li><a>Categories</a>
            <ul class="bgWhite">
                <li>
                    <img src="../../cdn.spesati.com/images/menu/on-sale.png"/>
                    On sale                    <i class="fa fa-angle-down" aria-hidden="true"></i>
                    <ul class="sub-menu">
                    <li>
    <a href="../tacchino-fesa-a-fette.html">Tacchino Fesa A Fette</a>
</li><li>
    <a href="../amaro-montenegro-15lt.html">Amaro Montenegro 1,5lt</a>
</li><li>
    <a href="../carbone-di-legna-sacco-10kg.html">Carbone Di Legna Sacco 10Kg</a>
</li><li>
    <a href="../filu-e-ferru-silvio-carta-70cl.html">Filu E Ferru Silvio Carta 70Cl</a>
</li><li>
    <a href="../braciole-suino-con-cotenna.html">Braciole Suino Con Cotenna</a>
</li><li>
    <a href="../bovino-adulto-polpa.html">Bovino Adulto Polpa</a>
</li><li>
    <a href="../vino-la-palma-cannonau-le-bombarde.html">Vino La Palma Cannonau Le Bombarde</a>
</li><li>
    <a href="../fettine-sceltissime-bovino-adulto.html">Fettine Sceltissime Bovino Adulto</a>
</li><li>
    <a href="../suino-fettine-scelte.html">Suino Fettine Scelte</a>
</li><li>
    <a href="../lavazza-caffe-qualita-rossa-2x250gr.html">Lavazza Caffé Qualità Rossa 2x250gr</a>
</li>                        <li>
                            <a class="estDynamic" href="../on-offer.html">All products on sale</a>
                        </li>
                    </ul>
                </li>
                <li>
                    <img src="../../cdn.spesati.com/images/menu/gift.png"/>
                    Gifts                    <i class="fa fa-angle-down" aria-hidden="true"></i>
                    <ul class="sub-menu">
                        <li>
    <a href="../gift-card-da-150.html">Gift Card Da 150</a>
</li><li>
    <a href="../gift-card-da-100.html">Gift Card Da 100</a>
</li><li>
    <a href="../gift-card-da-50.html">Gift Card Da 50</a>
</li><li>
    <a href="../gift-card-da-25.html">Gift Card Da 25</a>
</li>                        <li>
                            <a class="estDynamic" href="../gift.html">All products in the gifts category</a>
                        </li>
                    </ul>
                </li>
                <li>
                    <img src="../../cdn.spesati.com/images/menu/gift-card.png"/>
                    Gift card and discounts                    <i class="fa fa-angle-down" aria-hidden="true"></i>
                    <ul class="sub-menu">
                        <li>
    <a href="../gift-card-da-150.html">Gift Card Da 150</a>
</li><li>
    <a href="../gift-card-da-100.html">Gift Card Da 100</a>
</li><li>
    <a href="../gift-card-da-50.html">Gift Card Da 50</a>
</li><li>
    <a href="../gift-card-da-25.html">Gift Card Da 25</a>
</li>                    </ul>
                </li>
                <li>
                    <img src="../../cdn.spesati.com/images/menu/fuit-and-vegetables.png"/>
                    Fruit and vegetables                    <i class="fa fa-angle-down" aria-hidden="true"></i>
                    <ul class="sub-menu">
                        <li>
                            <a class="estDynamic" href="pulses-and-beans.html">Cereals and pulses and beans</a>
                        </li>
                        <li>
                            <a class="estDynamic" href="fruit.html">Fruit</a>
                        </li>
                        <li>
                            <a class="estDynamic" href="canned-fruit.html">Canned fruit</a>
                        </li>
                        <li>
                            <a class="estDynamic" href="dried-fruit.html">Dried fruit</a>
                        </li>
                        <li>
                            <a class="estDynamic" href="ready-salads.html">Ready salads</a>
                        </li>
                        <li>
                            <a class="estDynamic" href="fresh-spices.html">Fresh spices</a>
                        </li>
                        <li>
                            <a class="estDynamic" href="vegetables.html">Vegetables and soy</a>
                        </li>
                    </ul>
                </li>
                <li>
                    <img src="../../cdn.spesati.com/images/menu/fresh-products.png"/>
                    Fresh products                    <i class="fa fa-angle-down" aria-hidden="true"></i>
                    <ul class="sub-menu">
                        <li>
                            <a class="estDynamic" href="../fresh-products/margarine-and-butter.html">Butter and margarine</a>
                        </li>
                        <li>
                            <a class="estDynamic" href="../fresh-products/danone.html">Danone</a>
                        </li>
                        <li>
                            <a class="estDynamic" href="../fresh-products/dessert.html">Dessert</a>
                        </li>
                        <li>
                            <a class="estDynamic" href="../fresh-products/sweets.html">Sweets</a>
                        </li>
                        <li>
                            <a class="estDynamic" href="../fresh-products/dairy-products.html">Dairy product</a>
                        </li>
                        <li>
                            <a class="estDynamic" href="../fresh-products/bakery.html">Yeast</a>
                        </li>
                        <li>
                            <a class="estDynamic" href="../fresh-products/mascarpone.html">Mascarpone</a>
                        </li>
                        <li>
                            <a class="estDynamic" href="../fresh-products/snacks.html">Snacks</a>
                        </li>
                        <li>
                            <a class="estDynamic" href="../fresh-products/mozzarella.html">Mozzarella</a>
                        </li>
                        <li>
                            <a class="estDynamic" href="../fresh-products/pasta.html">Pasta</a>
                        </li>
                        <li>
                            <a class="estDynamic" href="../fresh-products/pesto-and-sauces.html">Pesto and sauces</a>
                        </li>
                        <li>
                            <a class="estDynamic" href="../fresh-products/ricotta-and-cheese.html">Ricotta and cheese</a>
                        </li>
                        <li>
                            <a class="estDynamic" href="../fresh-products/cured-meat.html">Cured meat</a>
                        </li>
                        <li>
                            <a class="estDynamic" href="../fresh-products/wurstel.html">Würstel</a>
                        </li>
                        <li>
                            <a class="estDynamic" href="../fresh-products/yogurt.html">Yogurt</a>
                        </li>
                    </ul>
                </li>
                <li>
                    <img src="../../cdn.spesati.com/images/menu/frozen-foods.png"/>
                    Frozen foods                    <i class="fa fa-angle-down" aria-hidden="true"></i>
                    <ul class="sub-menu">
                        <li>
                            <a class="estDynamic" href="../frozen-foods/meat.html">Meat</a>
                        </li>
                        <li>
                            <a class="estDynamic" href="../frozen-foods/ice-creams.html">Ice cream and sweet</a>
                        </li>
                        <li>
                            <a class="estDynamic" href="../frozen-foods/pasta.html">Pasta</a>
                        </li>
                        <li>
                            <a class="estDynamic" href="../frozen-foods/fish.html">Fish</a>
                        </li>
                        <li>
                            <a class="estDynamic" href="../frozen-foods/ready-meals.html">Ready meals</a>
                        </li>
                        <li>
                            <a class="estDynamic" href="../frozen-foods/pizzas.html">Pizzas</a>
                        </li>
                        <li>
                            <a class="estDynamic" href="../frozen-foods/vegetables.html">Vegetables and soy</a>
                        </li>
                    </ul>
                </li>
                <li>
                    <img src="../../cdn.spesati.com/images/menu/bread-and-pasta.png"/>
                    Bread and pasta                    <i class="fa fa-angle-down" aria-hidden="true"></i>
                    <ul class="sub-menu">
                        <li>
                            <a class="estDynamic" href="../bread-and-pasta/crackers.html">Crackers</a>
                        </li>
                        <li>
                            <a class="estDynamic" href="../bread-and-pasta/rusks.html">Rusks</a>
                        </li>
                        <li>
                            <a class="estDynamic" href="../bread-and-pasta/white-bread.html">White bread</a>
                        </li>
                        <li>
                            <a class="estDynamic" href="../bread-and-pasta/local-bread.html">Local bread</a>
                        </li>
                        <li>
                            <a class="estDynamic" href="../bread-and-pasta/soft-bread.html">Soft bread</a>
                        </li>
                        <li>
                            <a class="estDynamic" href="../bread-and-pasta/sardinian-bread.html">Sardinian bread</a>
                        </li>
                        <li>
                            <a class="estDynamic" href="../bread-and-pasta/bakery.html">Bakery</a>
                        </li>
                        <li>
                            <a class="estDynamic" href="../bread-and-pasta/pasta.html">Pasta</a>
                        </li>
                        <li>
                            <a class="estDynamic" href="../bread-and-pasta/fresh-pasta.html">Fresh pasta</a>
                        </li>
                    </ul>
                </li>
                <li>
                    <img src="../../cdn.spesati.com/images/menu/meat.png"/>
                    Meat                    <i class="fa fa-angle-down" aria-hidden="true"></i>
                    <ul class="sub-menu">
                        <li>
                            <a class="estDynamic" href="../meat/beef.html">Beef</a>
                        </li>
                        <li>
                            <a class="estDynamic" href="../meat/goat.html">Goat</a>
                        </li>
                        <li>
                            <a class="estDynamic" href="../meat/packaged-meat.html">Packaged meat</a>
                        </li>
                        <li>
                            <a class="estDynamic" href="../meat/rabbit.html">Rabbit</a>
                        </li>
                        <li>
                            <a class="estDynamic" href="../meat/horse.html">Horse</a>
                        </li>
                        <li>
                            <a class="estDynamic" href="../meat/pork.html">Pork</a>
                        </li>
                        <li>
                            <a class="estDynamic" href="../meat/lamb.html">Lamb</a>
                        </li>
                        <li>
                            <a class="estDynamic" href="../meat/poultry.html">Poultry</a>
                        </li>
                    </ul>
                </li>
                <li>
                    <img src="../../cdn.spesati.com/images/menu/fish.png"/>
                    Fish                    <i class="fa fa-angle-down" aria-hidden="true"></i>
                    <ul class="sub-menu">
                        <li>
                            <a class="estDynamic" href="../fish/fresh-water.html">Fresh water</a>
                        </li>
                        <li>
                            <a class="estDynamic" href="../fish/salt-water.html">Salt water</a>
                        </li>
                        <li>
                            <a class="estDynamic" href="../fish/mussels.html">Mussels</a>
                        </li>
                        <li>
                            <a class="estDynamic" href="../fish/dried-and-salted.html">Dried and salted</a>
                        </li>
                        <li>
                            <a class="estDynamic" href="../fish/seafood-salad.html">Seafood salad</a>
                        </li>
                        <li>
                            <a class="estDynamic" href="../fish/prepared.html">Prepared</a>
                        </li>
                        <li>
                            <a class="estDynamic" href="../fish/specialty.html">Specialty</a>
                        </li>   
                        <li>
                            <a class="estDynamic" href="../fish/tuna-and-salmon.html">Tuna and salmon</a>
                        </li>
                    </ul>
                </li>
                <li>
                    <img src="../../cdn.spesati.com/images/menu/alcohol.png"/>
                    Wine beer and spirits                    <i class="fa fa-angle-down" aria-hidden="true"></i>
                    <ul class="sub-menu">
                        <li>
                            <a class="estDynamic" href="../wine-beer-and-spirits/spirits-and-liquors.html">Alcohol</a>
                        </li>
                        <li>
                            <a class="estDynamic" href="../wine-beer-and-spirits/bitters.html">Bitters</a>
                        </li>
                        <li>
                            <a class="estDynamic" href="../wine-beer-and-spirits/aperatif.html">Aperatifs</a>
                        </li>
                        <li>
                            <a class="estDynamic" href="../wine-beer-and-spirits/beer.html">Beer</a>
                        </li>
                        <li>
                            <a class="estDynamic" href="../wine-beer-and-spirits/creams.html">Creams</a>
                        </li>
                        <li>
                            <a class="estDynamic" href="../wine-beer-and-spirits/spirits.html">Spirits</a>
                        </li>
                        <li>
                            <a class="estDynamic" href="../wine-beer-and-spirits/liquors.html">Liquors</a>
                        </li>
                        <li>
                            <a class="estDynamic" href="../wine-beer-and-spirits/white-wine.html">White wine</a>
                        </li>
                        <li>
                            <a class="estDynamic" href="../wine-beer-and-spirits/prosecco-wine.html">Prosecco wine</a>
                        </li>
                        <li>
                            <a class="estDynamic" href="../wine-beer-and-spirits/rose-wine.html">Rose wine</a>
                        </li>
                        <li>
                            <a class="estDynamic" href="../wine-beer-and-spirits/red-wine.html">Red wine</a>
                        </li>
                        <li>
                            <a class="estDynamic" href="../wine-beer-and-spirits/specialty-wine.html">Special wine</a>
                        </li>
                        <li>
                            <a class="estDynamic" href="../wine-beer-and-spirits/sparkling-wine.html">Sparkling wine</a>
                        </li>
                        <li>
                            <a class="estDynamic" href="../wine-beer-and-spirits/vermentino-wine.html">Vermentino wine</a>
                        </li>
                    </ul>
                </li>
                <li>
                    <img src="../../cdn.spesati.com/images/menu/water-and-drinks.png"/>
                    Water and drinks                    <i class="fa fa-angle-down" aria-hidden="true"></i>
                    <ul class="sub-menu">
                        <li>
                            <a class="estDynamic" href="../water-and-drinks/san-martino.html">San Martino</a>
                        </li>
                        <li>
                            <a class="estDynamic" href="../water-and-drinks/water.html">Water</a>
                        </li>
                        <li>
                            <a class="estDynamic" href="../water-and-drinks/alpro.html">Alpro</a>
                        </li>
                        <li>
                            <a class="estDynamic" href="../water-and-drinks/fizzy-drinks.html">Fizzy drinks</a>
                        </li>
                        <li>
                            <a class="estDynamic" href="../water-and-drinks/coca-cola.html">Coca-Cola</a>
                        </li>
                        <li>
                            <a class="estDynamic" href="../water-and-drinks/energy-drink.html">Energy drink</a>
                        </li>
                        <li>
                            <a class="estDynamic" href="../water-and-drinks/syrups.html">Syrups</a>
                        </li>
                        <li>
                            <a class="estDynamic" href="../water-and-drinks/supplements.html">Supplements</a>
                        </li>
                        <li>
                            <a class="estDynamic" href="../water-and-drinks/instant-drinks.html">Instant drinks</a>
                        </li>
                        <li>
                            <a class="estDynamic" href="../water-and-drinks/juice.html">Juice</a>
                        </li>
                        <li>
                            <a class="estDynamic" href="../water-and-drinks/tea.html">Tea</a>
                        </li>
                    </ul>
                </li>
                <li>
                    <img src="../../cdn.spesati.com/images/menu/sweets.png"/>
                    Sweets                    <i class="fa fa-angle-down" aria-hidden="true"></i>
                    <ul class="sub-menu">
                        <li>
                            <a class="estDynamic" href="../sweets/bars-and-snacks.html">Bars and snacks</a>
                        </li>
                        <li>
                            <a class="estDynamic" href="../sweets/biscuits.html">Biscuits</a>
                        </li>
                        <li>
                            <a class="estDynamic" href="../sweets/brioches.html">Brioches</a>
                        </li>
                        <li>
                            <a class="estDynamic" href="../sweets/candy-and-chewing-gum.html">Candy and chewing gum</a>
                        </li>
                        <li>
                            <a class="estDynamic" href="../sweets/cereals.html">Cereals</a>
                        </li>
                        <li>
                            <a class="estDynamic" href="../sweets/chocolate.html">Chocolate</a>
                        </li>
                        <li>
                            <a class="estDynamic" href="../sweets/spreadable-creams.html">Spreads</a>
                        </li>
                        <li>
                            <a class="estDynamic" href="../sweets/dessert-toppings.html">Dessert toppings</a>
                        </li>
                        <li>
                            <a class="estDynamic" href="../sweets/jam.html">Jam</a>
                        </li>
                        <li>
                            <a class="estDynamic" href="../sweets/honey.html">Honey</a>
                        </li>
                        <li>
                            <a class="estDynamic" href="../sweets/panettoni-and-pandoro.html">Panettone and pandoro</a>
                        </li>
                        <li>
                            <a class="estDynamic" href="../sweets/pastry.html">Pastry</a>
                        </li>
                        <li>
                            <a class="estDynamic" href="../sweets/instant-dessert.html">Prepared</a>
                        </li>
                        <li>
                            <a class="estDynamic" href="../sweets/cakes-and-pies.html">Cakes and pies</a>
                        </li>
                        <li>
                            <a class="estDynamic" href="../sweets/easter-eggs-and-doves.html">Easter eggs and doves</a>
                        </li>
                    </ul>
                </li>
                <li>
                    <img src="../../cdn.spesati.com/images/menu/shelf.png"/>
                    Cupboard                    <i class="fa fa-angle-down" aria-hidden="true"></i>
                    <ul class="sub-menu">
                        <li>
                            <a class="estDynamic" href="../shelf/coffee.html">Coffee</a>
                        </li>
                        <li>
                            <a class="estDynamic" href="../shelf/gift-baskets.html">Gift baskets</a>
                        </li>
                        <li>
                            <a class="estDynamic" href="../shelf/stock-cubes.html">Nuts and preparations</a>
                        </li>
                        <li>
                            <a class="estDynamic" href="../shelf/flour-and-baking.html">Flour and baking</a>
                        </li>
                        <li>
                            <a class="estDynamic" href="../shelf/milk.html">Milk</a>
                        </li>
                        <li>
                            <a class="estDynamic" href="../shelf/oil-salt-vinegar.html">Oil, vinegar and salt</a>
                        </li>
                        <li>
                            <a class="estDynamic" href="../shelf/cream-and-bechamel.html">Cream and bechamel</a>
                        </li>
                        <li>
                            <a class="estDynamic" href="../shelf/crisps-and-pretzels.html">Crisps and pretzels</a>
                        </li>
                        <li>
                            <a class="estDynamic" href="../shelf/baby-and-infants-products.html">Early childhood products</a>
                        </li>
                        <li>
                            <a class="estDynamic" href="../shelf/rice.html">Rice</a>
                        </li>
                        <li>
                            <a class="estDynamic" href="../shelf/tins-and-preserves.html">Tins and Preserves</a>
                        </li>
                        <li>
                            <a class="estDynamic" href="../shelf/spices.html">Spices</a>
                        </li>
                        <li>
                            <a class="estDynamic" href="../shelf/sauces.html">Sauces</a>
                        </li>
                        <li>
                            <a class="estDynamic" href="../shelf/tea-and-infusions.html">Tea and infusions</a>
                        </li>
                        <li>
                            <a class="estDynamic" href="../shelf/eggs.html">Eggs</a>
                        </li>
                        <li>
                            <a class="estDynamic" href="../shelf/sugar-and-sweeteners.html">Sugar and sweeteners</a>
                        </li>
                    </ul>
                </li>
                <li>
                    <img src="../../cdn.spesati.com/images/menu/personal-care.png"/>
                    Personal care                    <i class="fa fa-angle-down" aria-hidden="true"></i>
                    <ul class="sub-menu">
                        <li>
                            <a class="estDynamic" href="../personal-care/accessories-and-cotton.html">Accessories and cotton</a>
                        </li>
                        <li>
                            <a class="estDynamic" href="../personal-care/feminine-care-incontinence-and-baby-diapers.html">Feminine incontinence and diapers</a>
                        </li>
                        <li>
                            <a class="estDynamic" href="../personal-care/shower-gel.html">Shower gel</a>
                        </li>
                        <li>
                            <a class="estDynamic" href="../personal-care/creams.html">Creams</a>
                        </li>
                        <li>
                            <a class="estDynamic" href="../personal-care/deodorant.html">Deodorant</a>
                        </li>
                        <li>
                            <a class="estDynamic" href="../personal-care/hair-removal.html">Hair removal</a>
                        </li>
                        <li>
                            <a class="estDynamic" href="../personal-care/disinfectants.html">Disinfectants</a>
                        </li>
                        <li>
                            <a class="estDynamic" href="../personal-care/oral-hygiene.html">Oral hygiene</a>
                        </li>
                        <li>
                            <a class="estDynamic" href="../personal-care/supplements-and-multivitamins.html">Supplements and multivitamins</a>
                        </li>
                        <li>
                            <a class="estDynamic" href="../personal-care/first-aid.html">First aid label</a>
                        </li>
                        <li>
                            <a class="estDynamic" href="../personal-care/beard-products.html">Beard products</a>
                        </li>
                        <li>
                            <a class="estDynamic" href="../personal-care/hairs-products.html">Hair products</a>
                        </li>
                        <li>
                            <a class="estDynamic" href="../personal-care/perfume.html">Perfumes</a>
                        </li>
                        <li>
                            <a class="estDynamic" href="../personal-care/wipes.html">Wipes</a>
                        </li>
                        <li>
                            <a class="estDynamic" href="../personal-care/soaps-and-body-wash.html">Soaps and body wash</a>
                        </li>
                        <li>
                            <a class="estDynamic" href="../personal-care/shampoo-and-conditioner.html">Shampoo and conditioner</a>
                        </li>
                    </ul>
                </li>
                <li>
                    <img src="../../cdn.spesati.com/images/menu/pellet-and-home.png"/>
                    Home and outdoors                    <i class="fa fa-angle-down" aria-hidden="true"></i>
                    <ul class="sub-menu">
                        <li>
                            <a class="estDynamic" href="../household-and-outdoors/distilled-water.html">Distilled water</a>
                        </li>
                        <li>
                            <a class="estDynamic" href="../household-and-outdoors/car-products.html">Cars</a>
                        </li>
                        <li>
                            <a class="estDynamic" href="../household-and-outdoors/bin-bags-and-buckets.html">Bin bags and buckets</a>
                        </li>
                        <li>
                            <a class="estDynamic" href="../household-and-outdoors/bleach-and-stain-removers.html">Bleach and stain removers</a>
                        </li>
                        <li>
                            <a class="estDynamic" href="../household-and-outdoors/candles.html">Candles</a>
                        </li>
                        <li>
                            <a class="estDynamic" href="../household-and-outdoors/kitchen-roll.html">Kitchen roll</a>
                        </li>
                        <li>
                            <a class="estDynamic" href="../household-and-outdoors/air-fresheners.html">Air fresheners</a>
                        </li>
                        <li>
                            <a class="estDynamic" href="../household-and-outdoors/laundry-accessories-and-detergent.html">Laundry detergent</a>
                        </li>
                        <li>
                            <a class="estDynamic" href="../household-and-outdoors/dishwasher-and-washing-up.html">Dishwasher and washing up</a>
                        </li>
                        <li>
                            <a class="estDynamic" href="../household-and-outdoors/gardening.html">Gardening</a>
                        </li>
                        <li>
                            <a class="estDynamic" href="../household-and-outdoors/light-bulbs-and-batteries.html">Lightbulbs and batteries</a>
                        </li>
                        <li>
                            <a class="estDynamic" href="../household-and-outdoors/pellet-and-bbq.html">Pellet and BBQ</a>
                        </li>
                        <li>
                            <a class="estDynamic" href="../household-and-outdoors/bathroom-products.html">Bathroom products</a>
                        </li>
                        <li>
                            <a class="estDynamic" href="../household-and-outdoors/home-and-furniture-products.html">Home and furniture products</a>
                        </li>
                        <li>
                            <a class="estDynamic" href="../household-and-outdoors/kitchen-products.html">Kitchen products</a>
                        </li>
                        <li>
                            <a class="estDynamic" href="../household-and-outdoors/window-and-floor-cleaners.html">Window and floor cleaner</a>
                        </li>
                        <li>
                            <a class="estDynamic" href="../household-and-outdoors/repellents.html">Repellents</a>
                        </li>
                        <li>
                            <a class="estDynamic" href="../household-and-outdoors/disposable-tableware.html">Disposable tableware</a>
                        </li>
                    </ul>
                </li>
                <li>
                    <img src="../../cdn.spesati.com/images/menu/animals.png"/>
                    Pets                    <i class="fa fa-angle-down" aria-hidden="true"></i>
                    <ul class="sub-menu">
                        <li>
                            <a class="estDynamic" href="../pets/pet-food-other-animals.html">Other animals pet food</a>
                        </li>
                        <li>
                            <a class="estDynamic" href="../pets/pet-food-dogs.html">Pet food dogs</a>
                        </li>
                        <li>
                            <a class="estDynamic" href="../pets/pet-food-cats.html">Pet food cats</a>
                        </li>
                        <li>
                            <a class="estDynamic" href="../pets/hygiene-and-cleaning.html">Hygiene and cleaning</a>
                        </li>
                    </ul>
                </li>
                <li>
                    <img src="../../cdn.spesati.com/images/menu/technology.png"/>
                    Technology                    <i class="fa fa-angle-down" aria-hidden="true"></i>
                    <ul class="sub-menu">
                        <li>
                            <a class="estDynamic" href="../technology/accessories.html">Accessories</a>
                        </li>
                        <li>
                            <a class="estDynamic" href="../technology/computer.html">Computer</a>
                        </li>
                        <li>
                            <a class="estDynamic" href="../technology/telephones.html">Telephones</a>
                        </li>
                        <li>
                            <a class="estDynamic" href="../technology/tv.html">TV</a>
                        </li>
                    </ul>
                </li>
                <li>
                    <img src="../../cdn.spesati.com/images/menu/gluten-free.png"/>
                    Gluten free                    <i class="fa fa-angle-down" aria-hidden="true"></i>
                    <ul class="sub-menu">
                        <li>
                            <a class="estDynamic" href="../gluten-free/frozen-foods.html">Frozen foods</a>
                        </li>
                        <li>
                            <a class="estDynamic" href="../gluten-free/beer.html">Beer</a>
                        </li>
                        <li>
                            <a class="estDynamic" href="../gluten-free/sweets.html">Sweets</a>
                        </li>
                        <li>
                            <a class="estDynamic" href="../gluten-free/bread-and-pasta.html">Bread and pasta</a>
                        </li>
                        <li>
                            <a class="estDynamic" href="../gluten-free/shelf.html">Cupboard</a>
                        </li>
                    </ul>
                </li>
                <li>
                    <img src="../../cdn.spesati.com/images/menu/lactose-free.png"/>
                    Lactose free                    <i class="fa fa-angle-down" aria-hidden="true"></i>
                    <ul class="sub-menu">
                        <li>
                            <a class="estDynamic" href="../lactose-free/frozen-foods.html">Frozen foods</a>
                        </li>
                        <li>
                            <a class="estDynamic" href="../lactose-free/sweets.html">Sweets</a>
                        </li>
                        <li>
                            <a class="estDynamic" href="../lactose-free/dairy-product.html">Dairy product</a>
                        </li>
                        <li>
                            <a class="estDynamic" href="../lactose-free/shelf.html">Cupboard</a>
                        </li>
                    </ul>
                </li>
                <li>
                    <img src="../../cdn.spesati.com/images/menu/special.png"/>
                    Special                    <i class="fa fa-angle-down" aria-hidden="true"></i>
                    <ul class="sub-menu">
                        <li>
                            <a class="estDynamic" href="../special/alpro.html">Alpro</a>
                        </li>
                        <li>
                            <a class="estDynamic" href="../special/organic.html">Biological</a>
                        </li>
                        <li>
                            <a class="estDynamic" href="../special/meat.html">Meat</a>
                        </li>
                        <li>
                            <a class="estDynamic" href="../special/wholegrain.html">Wholegrain</a>
                        </li>
                        <li>
                            <a class="estDynamic" href="../special/bread-and-pasta.html">Bread and pasta</a>
                        </li>
                        <li>
                            <a class="estDynamic" href="../special/vegan.html">Vegan</a>
                        </li>
                    </ul>
                </li>
                <li>
                    <img src="../../cdn.spesati.com/images/menu/sardinian-products.png"/>
                    Sardinian products                    <i class="fa fa-angle-down" aria-hidden="true"></i>
                    <ul class="sub-menu">
                        <li>
                            <a class="estDynamic" href="../sardinian-products/drinks.html">Drinks</a>
                        </li>
                        <li>
                            <a class="estDynamic" href="../sardinian-products/meat.html">Meat</a>
                        </li>
                        <li>
                            <a class="estDynamic" href="../sardinian-products/sweets.html">Sweets</a>
                        </li>
                        <li>
                            <a class="estDynamic" href="../sardinian-products/fruit-and-vegetables.html">Fruit and vegetables</a>
                        </li>
                        <li>
                            <a class="estDynamic" href="../sardinian-products/ichnusa.html">Ichnusa</a>
                        </li>
                        <li>
                            <a class="estDynamic" href="../sardinian-products/dairy-product.html">Dairy product</a>
                        </li>
                        <li>
                            <a class="estDynamic" href="../sardinian-products/bread-and-pasta.html">Bread and pasta</a>
                        </li>
                        <li>
                            <a class="estDynamic" href="../sardinian-products/fish.html">Fish</a>
                        </li>
                        <li>
                            <a class="estDynamic" href="../sardinian-products/cured-meat.html">Cured meat</a>
                        </li>
                        <li>
                            <a class="estDynamic" href="../sardinian-products/shelf.html">Cupboard</a>
                        </li>
                        <li>
                            <a class="estDynamic" href="../sardinian-products/vermentino-wine.html">Vermentino wine</a>
                        </li>
                        <li>
                            <a class="estDynamic" href="../sardinian-products/wine-beer-and-spirits.html">Wine beer and spirits</a>
                        </li>
                    </ul>
                </li>
            </ul>
        </li>
        <li>
            <a href="../about.html">About</a>
        </li>
        <li>
            <a href="../faq.html">Faq</a>
        </li>
        <li>
            <a href="../customer-care.html">Support</a>
        </li>
        <li>
            <a href="../news.html">Blog</a>
        </li>
        <li>
            <a href="../terms-and-conditions.html">Conditions</a>
        </li>
        <li>
            <a href="../privacy-policy.html">Privacy policy</a>
        </li>
        <li>
            <a href="../login.html">Login</a>
        </li>
        <li>
             <a href="../sign-up.html">Sign up</a>
        </li>
    </ul>
</div><section class="first">
    <div id="menuCategories" class="colLeft">
    <ul id="main_nav" >
        <li>
            <a class="estDynamic" href="../on-offer.html">
               <img src="../../cdn.spesati.com/images/menu/on-sale.png"/>
               On sale            </a>
            <i class="fa fa-angle-right" aria-hidden="true"></i>
            <ul class="sub-menu">
                <li>
    <a href="../tacchino-fesa-a-fette.html" class="estDynamic">Tacchino Fesa A Fette</a>
</li><li>
    <a href="../amaro-montenegro-15lt.html" class="estDynamic">Amaro Montenegro 1,5lt</a>
</li><li>
    <a href="../carbone-di-legna-sacco-10kg.html" class="estDynamic">Carbone Di Legna Sacco 10Kg</a>
</li><li>
    <a href="../filu-e-ferru-silvio-carta-70cl.html" class="estDynamic">Filu E Ferru Silvio Carta 70Cl</a>
</li><li>
    <a href="../braciole-suino-con-cotenna.html" class="estDynamic">Braciole Suino Con Cotenna</a>
</li><li>
    <a href="../bovino-adulto-polpa.html" class="estDynamic">Bovino Adulto Polpa</a>
</li><li>
    <a href="../vino-la-palma-cannonau-le-bombarde.html" class="estDynamic">Vino La Palma Cannonau Le Bombarde</a>
</li><li>
    <a href="../fettine-sceltissime-bovino-adulto.html" class="estDynamic">Fettine Sceltissime Bovino Adulto</a>
</li><li>
    <a href="../suino-fettine-scelte.html" class="estDynamic">Suino Fettine Scelte</a>
</li><li>
    <a href="../lavazza-caffe-qualita-rossa-2x250gr.html" class="estDynamic">Lavazza Caffé Qualità Rossa 2x250gr</a>
</li>                <li>
                    <a class="estDynamic" href="../on-offer.html">All products on sale</a>
                </li>
            </ul>
        </li>
        <li>
            <a class="estDynamic" href="../gift.html">
               <img src="../../cdn.spesati.com/images/menu/gift.png"/>
               Gifts            </a>
            <i class="fa fa-angle-right" aria-hidden="true"></i>
            <ul class="sub-menu">
                <li>
    <a href="../gift-card-da-150.html" class="estDynamic">Gift Card Da 150</a>
</li><li>
    <a href="../gift-card-da-100.html" class="estDynamic">Gift Card Da 100</a>
</li><li>
    <a href="../gift-card-da-50.html" class="estDynamic">Gift Card Da 50</a>
</li><li>
    <a href="../gift-card-da-25.html" class="estDynamic">Gift Card Da 25</a>
</li>                <li>
                    <a class="estDynamic" href="../gift.html">All products in the gifts category</a>
                </li>
            </ul>
        </li>
        <li>
            <a class="estDynamic" href="../gift-card.html">
               <img src="../../cdn.spesati.com/images/menu/gift-card.png"/>
               Gift card and discounts            </a>
            <i class="fa fa-angle-right" aria-hidden="true"></i>
            <ul class="sub-menu">
                <li>
    <a href="../gift-card-da-150.html">Gift Card Da 150</a>
</li><li>
    <a href="../gift-card-da-100.html">Gift Card Da 100</a>
</li><li>
    <a href="../gift-card-da-50.html">Gift Card Da 50</a>
</li><li>
    <a href="../gift-card-da-25.html">Gift Card Da 25</a>
</li>            </ul>
        </li>
        <li>
            <a class="estDynamic" href="../fruit-and-vegetables.html">
               <img src="../../cdn.spesati.com/images/menu/fuit-and-vegetables.png"/>
               Fruit and vegetables           </a>
            <i class="fa fa-angle-right" aria-hidden="true"></i>
            <ul class="sub-menu">
                <li>
                    <a class="estDynamic" href="pulses-and-beans.html">Cereals and pulses and beans</a>
                </li>
                <li>
                    <a class="estDynamic" href="fruit.html">Fruit</a>
                </li>
                <li>
                    <a class="estDynamic" href="canned-fruit.html">Canned fruit</a>
                </li>
                <li>
                    <a class="estDynamic" href="dried-fruit.html">Dried fruit</a>
                </li>
                <li>
                    <a class="estDynamic" href="ready-salads.html">Ready salads</a>
                </li>
                <li>
                    <a class="estDynamic" href="fresh-spices.html">Fresh spices</a>
                </li>
                <li>
                    <a class="estDynamic" href="vegetables.html">Vegetables and soy</a>
                </li>
            </ul>
        </li>
        <li>
            <a class="estDynamic" href="../fresh-products.html">
                <img src="../../cdn.spesati.com/images/menu/fresh-products.png"/>
                Fresh products            </a>
            <i class="fa fa-angle-right" aria-hidden="true"></i>
            <ul class="sub-menu">
                <li>
                    <a class="estDynamic" href="../fresh-products/margarine-and-butter.html">Butter and margarine</a>
                </li>
                <li>
                    <a class="estDynamic" href="../fresh-products/danone.html">Danone</a>
                </li>
                <li>
                    <a class="estDynamic" href="../fresh-products/dessert.html">Dessert</a>
                </li>
                <li>
                    <a class="estDynamic" href="../fresh-products/sweets.html">Sweets</a>
                </li>
                <li>
                    <a class="estDynamic" href="../fresh-products/dairy-products.html">Dairy product</a>
                </li>
                <li>
                    <a class="estDynamic" href="../fresh-products/bakery.html">Yeast</a>
                </li>
                <li>
                    <a class="estDynamic" href="../fresh-products/mascarpone.html">Mascarpone</a>
                </li>
                <li>
                    <a class="estDynamic" href="../fresh-products/snacks.html">Snacks</a>
                </li>
                <li>
                    <a class="estDynamic" href="../fresh-products/mozzarella.html">Mozzarella</a>
                </li>
                <li>
                    <a class="estDynamic" href="../fresh-products/pasta.html">Pasta</a>
                </li>
                <li>
                    <a class="estDynamic" href="../fresh-products/pesto-and-sauces.html">Pesto and sauces</a>
                </li>
                <li>
                    <a class="estDynamic" href="../fresh-products/ricotta-and-cheese.html">Ricotta and cheese</a>
                </li>
                <li>
                    <a class="estDynamic" href="../fresh-products/cured-meat.html">Cured meat</a>
                </li>
                <li>
                    <a class="estDynamic" href="../fresh-products/wurstel.html">Würstel</a>
                </li>
                <li>
                    <a class="estDynamic" href="../fresh-products/yogurt.html">Yogurt</a>
                </li>
            </ul>
        </li>
        <li>
            <a class="estDynamic" href="../frozen-foods.html">
                <img src="../../cdn.spesati.com/images/menu/frozen-foods.png"/>
                Frozen foods            </a>
            <i class="fa fa-angle-right" aria-hidden="true"></i>
            <ul class="sub-menu">
                <li>
                    <a class="estDynamic" href="../frozen-foods/meat.html">Meat</a>
                </li>
                <li>
                    <a class="estDynamic" href="../frozen-foods/ice-creams.html">Ice cream and sweet</a>
                </li>
                <li>
                    <a class="estDynamic" href="../frozen-foods/pasta.html">Pasta</a>
                </li>
                <li>
                    <a class="estDynamic" href="../frozen-foods/fish.html">Fish</a>
                </li>
                <li>
                    <a class="estDynamic" href="../frozen-foods/ready-meals.html">Ready meals</a>
                </li>
                <li>
                    <a class="estDynamic" href="../frozen-foods/pizzas.html">Pizzas</a>
                </li>
                <li>
                    <a class="estDynamic" href="../frozen-foods/vegetables.html">Vegetables and soy</a>
                </li>
            </ul>
        </li>
        <li>
            <a class="estDynamic" href="../bread-and-pasta.html">
                <img src="../../cdn.spesati.com/images/menu/bread-and-pasta.png"/>
                Bread and pasta            </a>
            <i class="fa fa-angle-right" aria-hidden="true"></i>
            <ul class="sub-menu">
                <li>
                    <a class="estDynamic" href="../bread-and-pasta/crackers.html">Crackers</a>
                </li>
                <li>
                    <a class="estDynamic" href="../bread-and-pasta/rusks.html">Rusks</a>
                </li>
                <li>
                    <a class="estDynamic" href="../bread-and-pasta/white-bread.html">White bread</a>
                </li>
                <li>
                    <a class="estDynamic" href="../bread-and-pasta/local-bread.html">Local bread</a>
                </li>
                <li>
                    <a class="estDynamic" href="../bread-and-pasta/soft-bread.html">Soft bread</a>
                </li>
                <li>
                    <a class="estDynamic" href="../bread-and-pasta/sardinian-bread.html">Sardinian bread</a>
                </li>
                <li>
                    <a class="estDynamic" href="../bread-and-pasta/bakery.html">Bakery</a>
                </li>
                <li>
                    <a class="estDynamic" href="../bread-and-pasta/pasta.html">Pasta</a>
                </li>
                <li>
                    <a class="estDynamic" href="../bread-and-pasta/fresh-pasta.html">Fresh pasta</a>
                </li>
            </ul>
        </li>
        <li>
            <a class="estDynamic" href="../meat.html">
                <img src="../../cdn.spesati.com/images/menu/meat.png"/>
                Meat            </a>
            <i class="fa fa-angle-right" aria-hidden="true"></i>
            <ul class="sub-menu">
                <li>
                    <a class="estDynamic" href="../meat/beef.html">Beef</a>
                </li>
                <li>
                    <a class="estDynamic" href="../meat/goat.html">Goat</a>
                </li>
                <li>
                    <a class="estDynamic" href="../meat/packaged-meat.html">Packaged meat</a>
                </li>
                <li>
                    <a class="estDynamic" href="../meat/rabbit.html">Rabbit</a>
                </li>
                <li>
                    <a class="estDynamic" href="../meat/horse.html">Horse</a>
                </li>
                <li>
                    <a class="estDynamic" href="../meat/pork.html">Pork</a>
                </li>
                <li>
                    <a class="estDynamic" href="../meat/lamb.html">Lamb</a>
                </li>
                <li>
                    <a class="estDynamic" href="../meat/poultry.html">Poultry</a>
                </li>
            </ul>
        </li>
        <li>
            <a class="estDynamic" href="../fish.html">
                <img src="../../cdn.spesati.com/images/menu/fish.png"/>
                Fish            </a>
            <i class="fa fa-angle-right" aria-hidden="true"></i>
            <ul class="sub-menu">
                <li>
                    <a class="estDynamic" href="../fish/fresh-water.html">Fresh water</a>
                </li>
                <li>
                    <a class="estDynamic" href="../fish/salt-water.html">Salt water</a>
                </li>
                <li>
                    <a class="estDynamic" href="../fish/mussels.html">Mussels</a>
                </li>
                <li>
                    <a class="estDynamic" href="../fish/dried-and-salted.html">Dried and salted</a>
                </li>
                <li>
                    <a class="estDynamic" href="../fish/seafood-salad.html">Seafood salad</a>
                </li>
                <li>
                    <a class="estDynamic" href="../fish/prepared.html">Prepared</a>
                </li>
                <li>
                    <a class="estDynamic" href="../fish/specialty.html">Specialty</a>
                </li>   
                <li>
                    <a class="estDynamic" href="../fish/tuna-and-salmon.html">Tuna and salmon</a>
                </li>
            </ul>
        </li>
        <li>
            <a class="estDynamic" href="../wine-beer-and-spirits.html">
                <img src="../../cdn.spesati.com/images/menu/alcohol.png"/>
                Wine beer and spirits            </a>
            <i class="fa fa-angle-right" aria-hidden="true"></i>
            <ul class="sub-menu">
                <li>
                    <a class="estDynamic" href="../wine-beer-and-spirits/spirits-and-liquors.html">Alcohol</a>
                </li>
                <li>
                    <a class="estDynamic" href="../wine-beer-and-spirits/bitters.html">Bitters</a>
                </li>
                <li>
                    <a class="estDynamic" href="../wine-beer-and-spirits/aperatif.html">Aperatifs</a>
                </li>
                <li>
                    <a class="estDynamic" href="../wine-beer-and-spirits/beer.html">Beer</a>
                </li>
                <li>
                    <a class="estDynamic" href="../wine-beer-and-spirits/creams.html">Creams</a>
                </li>
                <li>
                    <a class="estDynamic" href="../wine-beer-and-spirits/spirits.html">Spirits</a>
                </li>
                <li>
                    <a class="estDynamic" href="../wine-beer-and-spirits/liquors.html">Liquors</a>
                </li>
                <li>
                    <a class="estDynamic" href="../wine-beer-and-spirits/white-wine.html">White wine</a>
                </li>
                <li>
                    <a class="estDynamic" href="../wine-beer-and-spirits/prosecco-wine.html">Prosecco wine</a>
                </li>
                <li>
                    <a class="estDynamic" href="../wine-beer-and-spirits/rose-wine.html">Rose wine</a>
                </li>
                <li>
                    <a class="estDynamic" href="../wine-beer-and-spirits/red-wine.html">Red wine</a>
                </li>
                <li>
                    <a class="estDynamic" href="../wine-beer-and-spirits/specialty-wine.html">Special wine</a>
                </li>
                <li>
                    <a class="estDynamic" href="../wine-beer-and-spirits/sparkling-wine.html">Sparkling wine</a>
                </li>
                <li>
                    <a class="estDynamic" href="../wine-beer-and-spirits/vermentino-wine.html">Vermentino wine</a>
                </li>
            </ul>
        </li>
        <li>
            <a class="estDynamic" href="../water-and-drinks.html">
                <img src="../../cdn.spesati.com/images/menu/water-and-drinks.png"/>
                Water and drinks            </a>
            <i class="fa fa-angle-right" aria-hidden="true"></i>
            <ul class="sub-menu">
                <li>
                    <a class="estDynamic" href="../water-and-drinks/san-martino.html">San Martino</a>
                </li>
                <li>
                    <a class="estDynamic" href="../water-and-drinks/water.html">Water</a>
                </li>
                <li>
                    <a class="estDynamic" href="../water-and-drinks/alpro.html">Alpro</a>
                </li>
                <li>
                    <a class="estDynamic" href="../water-and-drinks/fizzy-drinks.html">Fizzy drinks</a>
                </li>
                <li>
                    <a class="estDynamic" href="../water-and-drinks/coca-cola.html">Coca-Cola</a>
                </li>
                <li>
                    <a class="estDynamic" href="../water-and-drinks/energy-drink.html">Energy drink</a>
                </li>
                <li>
                    <a class="estDynamic" href="../water-and-drinks/syrups.html">Syrups</a>
                </li>
                <li>
                    <a class="estDynamic" href="../water-and-drinks/supplements.html">Supplements</a>
                </li>
                <li>
                    <a class="estDynamic" href="../water-and-drinks/instant-drinks.html">Instant drinks</a>
                </li>
                <li>
                    <a class="estDynamic" href="../water-and-drinks/juice.html">Juice</a>
                </li>
                <li>
                    <a class="estDynamic" href="../water-and-drinks/tea.html">Tea</a>
                </li>
            </ul>
        </li>
        <li>
            <a class="estDynamic" href="../sweets.html">
                <img src="../../cdn.spesati.com/images/menu/sweets.png"/>
                Sweets            </a>
            <i class="fa fa-angle-right" aria-hidden="true"></i>
            <ul class="sub-menu">
                <li>
                    <a class="estDynamic" href="../sweets/bars-and-snacks.html">Bars and snacks</a>
                </li>
                <li>
                    <a class="estDynamic" href="../sweets/biscuits.html">Biscuits</a>
                </li>
                <li>
                    <a class="estDynamic" href="../sweets/brioches.html">Brioches</a>
                </li>
                <li>
                    <a class="estDynamic" href="../sweets/candy-and-chewing-gum.html">Candy and chewing gum</a>
                </li>
                <li>
                    <a class="estDynamic" href="../sweets/cereals.html">Cereals</a>
                </li>
                <li>
                    <a class="estDynamic" href="../sweets/chocolate.html">Chocolate</a>
                </li>
                <li>
                    <a class="estDynamic" href="../sweets/spreadable-creams.html">Spreads</a>
                </li>
                <li>
                    <a class="estDynamic" href="../sweets/dessert-toppings.html">Dessert toppings</a>
                </li>
                <li>
                    <a class="estDynamic" href="../sweets/jam.html">Jam</a>
                </li>
                <li>
                    <a class="estDynamic" href="../sweets/honey.html">Honey</a>
                </li>
                <li>
                    <a class="estDynamic" href="../sweets/panettoni-and-pandoro.html">Panettone and pandoro</a>
                </li>
                <li>
                    <a class="estDynamic" href="../sweets/pastry.html">Pastry</a>
                </li>
                <li>
                    <a class="estDynamic" href="../sweets/instant-dessert.html">Prepared</a>
                </li>
                <li>
                    <a class="estDynamic" href="../sweets/cakes-and-pies.html">Cakes and pies</a>
                </li>
                <li>
                    <a class="estDynamic" href="../sweets/easter-eggs-and-doves.html">Easter eggs and doves</a>
                </li>
            </ul>
        </li>
        <li>
            <a class="estDynamic" href="../shelf.html">
                <img src="../../cdn.spesati.com/images/menu/shelf.png"/>
                Cupboard            </a>
            <i class="fa fa-angle-right" aria-hidden="true"></i>
            <ul class="sub-menu">
                <li>
                    <a class="estDynamic" href="../shelf/coffee.html">Coffee</a>
                </li>
                <li>
                    <a class="estDynamic" href="../shelf/gift-baskets.html">Gift baskets</a>
                </li>
                <li>
                    <a class="estDynamic" href="../shelf/stock-cubes.html">Nuts and preparations</a>
                </li>
                <li>
                    <a class="estDynamic" href="../shelf/flour-and-baking.html">Flour and baking</a>
                </li>
                <li>
                    <a class="estDynamic" href="../shelf/milk.html">Milk</a>
                </li>
                <li>
                    <a class="estDynamic" href="../shelf/oil-salt-vinegar.html">Oil, vinegar and salt</a>
                </li>
                <li>
                    <a class="estDynamic" href="../shelf/cream-and-bechamel.html">Cream and bechamel</a>
                </li>
                <li>
                    <a class="estDynamic" href="../shelf/crisps-and-pretzels.html">Crisps and pretzels</a>
                </li>
                <li>
                    <a class="estDynamic" href="../shelf/baby-and-infants-products.html">Early childhood products</a>
                </li>
                <li>
                    <a class="estDynamic" href="../shelf/rice.html">Rice</a>
                </li>
                <li>
                    <a class="estDynamic" href="../shelf/tins-and-preserves.html">Tins and Preserves</a>
                </li>
                <li>
                    <a class="estDynamic" href="../shelf/spices.html">Spices</a>
                </li>
                <li>
                    <a class="estDynamic" href="../shelf/sauces.html">Sauces</a>
                </li>
                <li>
                    <a class="estDynamic" href="../shelf/tea-and-infusions.html">Tea and infusions</a>
                </li>
                <li>
                    <a class="estDynamic" href="../shelf/eggs.html">Eggs</a>
                </li>
                <li>
                    <a class="estDynamic" href="../shelf/sugar-and-sweeteners.html">Sugar and sweeteners</a>
                </li>
            </ul>
        </li>
        <li>
            <a class="estDynamic" href="../personal-care.html">
                <img src="../../cdn.spesati.com/images/menu/personal-care.png"/>
                Personal care            </a>
            <i class="fa fa-angle-right" aria-hidden="true"></i>
            <ul class="sub-menu">
                <li>
                    <a class="estDynamic" href="../personal-care/accessories-and-cotton.html">Accessories and cotton</a>
                </li>
                <li>
                    <a class="estDynamic" href="../personal-care/feminine-care-incontinence-and-baby-diapers.html">Feminine incontinence and diapers</a>
                </li>
                <li>
                    <a class="estDynamic" href="../personal-care/shower-gel.html">Shower gel</a>
                </li>
                <li>
                    <a class="estDynamic" href="../personal-care/creams.html">Creams</a>
                </li>
                <li>
                    <a class="estDynamic" href="../personal-care/deodorant.html">Deodorant</a>
                </li>
                <li>
                    <a class="estDynamic" href="../personal-care/hair-removal.html">Hair removal</a>
                </li>
                <li>
                    <a class="estDynamic" href="../personal-care/disinfectants.html">Disinfectants</a>
                </li>
                <li>
                    <a class="estDynamic" href="../personal-care/oral-hygiene.html">Oral hygiene</a>
                </li>
                <li>
                    <a class="estDynamic" href="../personal-care/supplements-and-multivitamins.html">Supplements and multivitamins</a>
                </li>
                <li>
                    <a class="estDynamic" href="../personal-care/first-aid.html">First aid label</a>
                </li>
                <li>
                    <a class="estDynamic" href="../personal-care/beard-products.html">Beard products</a>
                </li>
                <li>
                    <a class="estDynamic" href="../personal-care/hairs-products.html">Hair products</a>
                </li>
                <li>
                    <a class="estDynamic" href="../personal-care/perfume.html">Perfumes</a>
                </li>
                <li>
                    <a class="estDynamic" href="../personal-care/wipes.html">Wipes</a>
                </li>
                <li>
                    <a class="estDynamic" href="../personal-care/soaps-and-body-wash.html">Soaps and body wash</a>
                </li>
                <li>
                    <a class="estDynamic" href="../personal-care/shampoo-and-conditioner.html">Shampoo and conditioner</a>
                </li>
            </ul>
        </li>
        <li>
            <a class="estDynamic" href="../household-and-outdoors.html">
                <img src="../../cdn.spesati.com/images/menu/pellet-and-home.png"/>
                Home and outdoors 
            </a>
            <i class="fa fa-angle-right" aria-hidden="true"></i>
            <ul class="sub-menu">
                <li>
                    <a class="estDynamic" href="../household-and-outdoors/distilled-water.html">Distilled water</a>
                </li>
                <li>
                    <a class="estDynamic" href="../household-and-outdoors/car-products.html">Cars</a>
                </li>
                <li>
                    <a class="estDynamic" href="../household-and-outdoors/bin-bags-and-buckets.html">Bin bags and buckets</a>
                </li>
                <li>
                    <a class="estDynamic" href="../household-and-outdoors/bleach-and-stain-removers.html">Bleach and stain removers</a>
                </li>
                <li>
                    <a class="estDynamic" href="../household-and-outdoors/candles.html">Candles</a>
                </li>
                <li>
                    <a class="estDynamic" href="../household-and-outdoors/kitchen-roll.html">Kitchen roll</a>
                </li>
                <li>
                    <a class="estDynamic" href="../household-and-outdoors/air-fresheners.html">Air fresheners</a>
                </li>
                <li>
                    <a class="estDynamic" href="../household-and-outdoors/laundry-accessories-and-detergent.html">Laundry detergent</a>
                </li>
                <li>
                    <a class="estDynamic" href="../household-and-outdoors/dishwasher-and-washing-up.html">Dishwasher and washing up</a>
                </li>
                <li>
                    <a class="estDynamic" href="../household-and-outdoors/gardening.html">Gardening</a>
                </li>
                <li>
                    <a class="estDynamic" href="../household-and-outdoors/light-bulbs-and-batteries.html">Lightbulbs and batteries</a>
                </li>
                <li>
                    <a class="estDynamic" href="../household-and-outdoors/pellet-and-bbq.html">Pellet and BBQ</a>
                </li>
                <li>
                    <a class="estDynamic" href="../household-and-outdoors/bathroom-products.html">Bathroom products</a>
                </li>
                <li>
                    <a class="estDynamic" href="../household-and-outdoors/home-and-furniture-products.html">Home and furniture products</a>
                </li>
                <li>
                    <a class="estDynamic" href="../household-and-outdoors/kitchen-products.html">Kitchen products</a>
                </li>
                <li>
                    <a class="estDynamic" href="../household-and-outdoors/window-and-floor-cleaners.html">Window and floor cleaner</a>
                </li>
                <li>
                    <a class="estDynamic" href="../household-and-outdoors/repellents.html">Repellents</a>
                </li>
                <li>
                    <a class="estDynamic" href="../household-and-outdoors/disposable-tableware.html">Disposable tableware</a>
                </li>
            </ul>
        </li>
        <li>
            <a class="estDynamic" href="../pet.html">
                <img src="../../cdn.spesati.com/images/menu/animals.png"/>
                Pets            </a>
            <i class="fa fa-angle-right" aria-hidden="true"></i>
            <ul class="sub-menu">
                <li>
                    <a class="estDynamic" href="../pets/pet-food-other-animals.html">Other animals pet food</a>
                </li>
                <li>
                    <a class="estDynamic" href="../pets/pet-food-dogs.html">Pet food dogs</a>
                </li>
                <li>
                    <a class="estDynamic" href="../pets/pet-food-cats.html">Pet food cats</a>
                </li>
                <li>
                    <a class="estDynamic" href="../pets/hygiene-and-cleaning.html">Hygiene and cleaning</a>
                </li>
            </ul>
        </li>
        <li>
            <a class="estDynamic" href="../technology.html">
                <img src="../../cdn.spesati.com/images/menu/technology.png"/>
                Technology            </a>
            <i class="fa fa-angle-right" aria-hidden="true"></i>
            <ul class="sub-menu">
                <li>
                    <a class="estDynamic" href="../technology/accessories.html">Accessories</a>
                </li>
                <li>
                    <a class="estDynamic" href="../technology/computer.html">Computer</a>
                </li>
                <li>
                    <a class="estDynamic" href="../technology/telephones.html">Telephones</a>
                </li>
                <li>
                    <a class="estDynamic" href="../technology/tv.html">TV</a>
                </li>
            </ul>
        </li>
        <li>
            <a class="estDynamic" href="../gluten-free.html">
                <img src="../../cdn.spesati.com/images/menu/gluten-free.png"/>
                Gluten free            </a>
            <i class="fa fa-angle-right" aria-hidden="true"></i>
            <ul class="sub-menu">
                <li>
                    <a class="estDynamic" href="../gluten-free/frozen-foods.html">Frozen foods</a>
                </li>
                <li>
                    <a class="estDynamic" href="../gluten-free/beer.html">Beer</a>
                </li>
                <li>
                    <a class="estDynamic" href="../gluten-free/sweets.html">Sweets</a>
                </li>
                <li>
                    <a class="estDynamic" href="../gluten-free/bread-and-pasta.html">Bread and pasta</a>
                </li>
                <li>
                    <a class="estDynamic" href="../gluten-free/shelf.html">Cupboard</a>
                </li>
            </ul>
        </li>
        <li>
            <a class="estDynamic" href="../lactose-free.html">
                <img src="../../cdn.spesati.com/images/menu/lactose-free.png"/>
                Lactose free            </a>
            <i class="fa fa-angle-right" aria-hidden="true"></i>
            <ul class="sub-menu">
                <li>
                    <a class="estDynamic" href="../lactose-free/frozen-foods.html">Frozen foods</a>
                </li>
                <li>
                    <a class="estDynamic" href="../lactose-free/sweets.html">Sweets</a>
                </li>
                <li>
                    <a class="estDynamic" href="../lactose-free/dairy-product.html">Dairy product</a>
                </li>
                <li>
                    <a class="estDynamic" href="../lactose-free/shelf.html">Cupboard</a>
                </li>
            </ul>
        </li>
        <li>
            <a class="estDynamic" href="../special.html">
                <img src="../../cdn.spesati.com/images/menu/special.png"/>
                Special            </a>
            <i class="fa fa-angle-right" aria-hidden="true"></i>
            <ul class="sub-menu">
                <li>
                    <a class="estDynamic" href="../special/alpro.html">Alpro</a>
                </li>
                <li>
                    <a class="estDynamic" href="../special/organic.html">Biological</a>
                </li>
                <li>
                    <a class="estDynamic" href="../special/meat.html">Meat</a>
                </li>
                <li>
                    <a class="estDynamic" href="../special/wholegrain.html">Wholegrain</a>
                </li>
                <li>
                    <a class="estDynamic" href="../special/bread-and-pasta.html">Bread and pasta</a>
                </li>
                <li>
                    <a class="estDynamic" href="../special/vegan.html">Vegan</a>
                </li>
            </ul>
        </li>
        <li>
            <a class="estDynamic" href="../sardinian-products.html">
                <img src="../../cdn.spesati.com/images/menu/sardinian-products.png"/>
                Sardinian products            </a>
            <i class="fa fa-angle-right" aria-hidden="true"></i>
            <ul class="sub-menu">
                <li>
                    <a class="estDynamic" href="../sardinian-products/drinks.html">Drinks</a>
                </li>
                <li>
                    <a class="estDynamic" href="../sardinian-products/meat.html">Meat</a>
                </li>
                <li>
                    <a class="estDynamic" href="../sardinian-products/sweets.html">Sweets</a>
                </li>
                <li>
                    <a class="estDynamic" href="../sardinian-products/fruit-and-vegetables.html">Fruit and vegetables</a>
                </li>
                <li>
                    <a class="estDynamic" href="../sardinian-products/ichnusa.html">Ichnusa</a>
                </li>
                <li>
                    <a class="estDynamic" href="../sardinian-products/dairy-product.html">Dairy product</a>
                </li>
                <li>
                    <a class="estDynamic" href="../sardinian-products/bread-and-pasta.html">Bread and pasta</a>
                </li>
                <li>
                    <a class="estDynamic" href="../sardinian-products/fish.html">Fish</a>
                </li>
                <li>
                    <a class="estDynamic" href="../sardinian-products/cured-meat.html">Cured meat</a>
                </li>
                <li>
                    <a class="estDynamic" href="../sardinian-products/shelf.html">Cupboard</a>
                </li>
                <li>
                    <a class="estDynamic" href="../sardinian-products/vermentino-wine.html">Vermentino wine</a>
                </li>
                <li>
                    <a class="estDynamic" href="../sardinian-products/wine-beer-and-spirits.html">Wine beer and spirits</a>
                </li>
            </ul>
        </li>
    </ul>
</div>    <div class="colRight">
        <div class="title mobile">
	<a href="../fruit-and-vegetables.html"><i class="fa red fa-angle-left fa-3x mobile" aria-hidden="true"></i></a>
	<h2>
		<b>
			vegetables		</b>
	</h2>
</div>

<div class="breadcrumb bgGrey internal">
	<p>
		<b>
			<a href="../index.html">Home</a>
												&gt; <a href="../fruit-and-vegetables.html">Fruit and vegetables</a>
																&gt; Vegetables and soy									</b>
	</p>
	<div>
		<p>Order by</p>
		<select name="orderProd" id="orderProd">
			<option disabled="disabled" selected="selected">- Choose -</option>
			<option value="nameAsc">Name (A - Z)</option>
			<option value="nameDes">Name (Z - A)</option>
			<option value="priceHigh">Price - High to low</option>
			<option value="priceLow">Price - Low to high</option>
			<option value="soldAsc">Best Selling</option>
			<option value="available">Availability</option>
		</select>
	</div>
</div>
        <div class="containerProduct">
            <div class="left product prod1"
        data-name="Patate 2Kg Cat II Prov Fr"
        data-price="3.19"
        data-id="5027"
        data-available="yes"
        data-category="6586"
        data-bestselling="1">
    <a href="../patate-2kg-cat-ii-prov-fr.html">
        <div style="background-image: url('../../cdn.spesati.com/images/products/fr002/patate-2kg-cat-01.jpg')">
            <div class="hover"></div>
            <p class="arrow bgRed white">Best Seller</p>
            <div class="stickers"></div>
        </div>
    </a>
    <div>
        <h4><a href="../patate-2kg-cat-ii-prov-fr.html"><b>Patate 2Kg Cat II Prov Fr</b></a></h4>
        <p class="description">2 Kg</p>
        <p class="right price"><b>3.19 €</b></p>
        <p class="right unitPrice">1.59 € per kg</p>
    </div>
    <div class="contButton">
    <a class="button bgRed white addToCart" href="#">Add</a>
</div>
</div><div class="left product prod2"
        data-name="Porri"
        data-price="1.48"
        data-id="3376"
        data-available="yes"
        data-category="6627"
        data-bestselling="1">
    <a href="../porri.html">
        <div style="background-image: url('../../cdn.spesati.com/images/products/fl5121/porri-cat-ii.jpg')">
            <div class="hover"></div>
            <p class="arrow bgRed white">Best Seller</p>
            <div class="stickers"></div>
        </div>
    </a>
    <div>
        <h4><a href="../porri.html"><b>Porri</b></a></h4>
        <p class="description">medium weight 0.400 Kg</p>
        <p class="right price"><b>1.48 €</b></p>
        <p class="right unitPrice">3.69 € per kg</p>
    </div>
    <div class="contButton">
    <a class="button bgRed white addToCart" href="#">Add</a>
</div>
</div><div class="left product prod3"
        data-name="Bietola"
        data-price="1.29"
        data-id="3176"
        data-available="yes"
        data-category="6597"
        data-bestselling="2">
    <a href="../bietola.html">
        <div style="background-image: url('../../cdn.spesati.com/images/products/fl5064/bietola.jpg')">
            <div class="hover"></div>
            <p class="arrow bgRed white">Best Seller</p>
            <div class="stickers"></div>
        </div>
    </a>
    <div>
        <h4><a href="../bietola.html"><b>Bietola</b></a></h4>
        <p class="description">1 piece</p>
        <p class="right price"><b>1.29 €</b></p>
        <p class="right unitPrice">1.29 € per piece</p>
    </div>
    <div class="contButton">
    <a class="button bgRed white addToCart" href="#">Add</a>
</div>
</div><div class="left product prod4"
        data-name="Patate Novelle Sardegna"
        data-price="2.98"
        data-id="3339"
        data-available="yes"
        data-category="6586"
        data-bestselling="15">
    <a href="../patate-novelle-sardegna.html">
        <div style="background-image: url('../../cdn.spesati.com/images/products/fl320/patate-nuove-e.jpg')">
            <div class="hover"></div>
            <p class="arrow bgRed white">Best Seller</p>
            <div class="stickers"></div>
        </div>
    </a>
    <div>
        <h4><a href="../patate-novelle-sardegna.html"><b>Patate Novelle Sardegna</b></a></h4>
        <p class="description">medium weight 2 Kg</p>
        <p class="right price"><b>2.98 €</b></p>
        <p class="right unitPrice">1.49 € per kg</p>
    </div>
    <div class="contButton">
    <a class="button bgRed white addToCart" href="#">Add</a>
</div>
</div><div class="left product prod5"
        data-name="Pomodoro Datterino"
        data-price="2.75"
        data-id="3369"
        data-available="yes"
        data-category="6703"
        data-bestselling="19">
    <a href="../pomodoro-datterino.html">
        <div style="background-image: url('../../cdn.spesati.com/images/products/980603/pomodoro-datterino-cat.jpg')">
            <div class="hover"></div>
            <p class="arrow bgRed white">Best Seller</p>
            <div class="stickers"></div>
        </div>
    </a>
    <div>
        <h4><a href="../pomodoro-datterino.html"><b>Pomodoro Datterino</b></a></h4>
        <p class="description">medium weight 0.500 Kg</p>
        <p class="right price"><b>2.75 €</b></p>
        <p class="right unitPrice">5.49 € per kg</p>
    </div>
    <div class="contButton">
    <a class="button bgRed white addToCart" href="#">Add</a>
</div>
</div><div class="left product prod6"
        data-name="Peperoni"
        data-price="3.19"
        data-id="3348"
        data-available="yes"
        data-category="6668"
        data-bestselling="4">
    <a href="../peperoni.html">
        <div style="background-image: url('../../cdn.spesati.com/images/products/98051101/peperoni-cat-ii.jpg')">
            <div class="hover"></div>
            <p class="arrow bgRed white">Best Seller</p>
            <div class="stickers"></div>
        </div>
    </a>
    <div>
        <h4><a href="../peperoni.html"><b>Peperoni</b></a></h4>
        <p class="description">medium weight 0.800 Kg</p>
        <p class="right price"><b>3.19 €</b></p>
        <p class="right unitPrice">3.99 € per kg</p>
    </div>
    <div class="contButton">
    <a class="button bgRed white addToCart" href="#">Add</a>
</div>
</div><div class="left product prod7"
        data-name="Patate Rosse"
        data-price="2.90"
        data-id="3340"
        data-available="yes"
        data-category="6586"
        data-bestselling="5">
    <a href="../patate-rosse.html">
        <div style="background-image: url('../../cdn.spesati.com/images/products/98049302/patate-rosse-cat.jpg')">
            <div class="hover"></div>
            <p class="arrow bgRed white">Best Seller</p>
            <div class="stickers"></div>
        </div>
    </a>
    <div>
        <h4><a href="../patate-rosse.html"><b>Patate Rosse</b></a></h4>
        <p class="description">medium weight 2 Kg</p>
        <p class="right price"><b>2.90 €</b></p>
        <p class="right unitPrice">1.45 € per kg</p>
    </div>
    <div class="contButton">
    <a class="button bgRed white addToCart" href="#">Add</a>
</div>
</div><div class="left product prod8"
        data-name="Radicchio Tondo it"
        data-price="1.70"
        data-id="3416"
        data-available="yes"
        data-category="6637"
        data-bestselling="4">
    <a href="../radicchio-tondo-it.html">
        <div style="background-image: url('../../cdn.spesati.com/images/products/98046801/radicchio-rosso-cat.jpg')">
            <div class="hover"></div>
            <p class="arrow bgRed white">Best Seller</p>
            <div class="stickers"></div>
        </div>
    </a>
    <div>
        <h4><a href="../radicchio-tondo-it.html"><b>Radicchio Tondo it</b></a></h4>
        <p class="description">medium weight 0.500 Kg</p>
        <p class="right price"><b>1.70 €</b></p>
        <p class="right unitPrice">3.39 € per kg</p>
    </div>
    <div class="contButton">
    <a class="button bgRed white addToCart" href="#">Add</a>
</div>
</div><div class="left product prod9"
        data-name="Radicchio Treviso"
        data-price="1.77"
        data-id="3417"
        data-available="yes"
        data-category="6637"
        data-bestselling="">
    <a href="../radicchio-treviso.html">
        <div style="background-image: url('../../cdn.spesati.com/images/products/980468/radicchio-treviso-cat.jpg')">
            <div class="hover"></div>
            
            <div class="stickers"></div>
        </div>
    </a>
    <div>
        <h4><a href="../radicchio-treviso.html"><b>Radicchio Treviso</b></a></h4>
        <p class="description">medium weight 0.500 Kg</p>
        <p class="right price"><b>1.77 €</b></p>
        <p class="right unitPrice">3.55 € per kg</p>
    </div>
    <div class="contButton">
    <a class="button bgRed white addToCart" href="#">Add</a>
</div>
</div><div class="left product prod10"
        data-name="Cavolo Broccolo"
        data-price="1.80"
        data-id="3179"
        data-available="yes"
        data-category="6591"
        data-bestselling="3">
    <a href="../cavolo-broccolo.html">
        <div style="background-image: url('../../cdn.spesati.com/images/products/98040601/cavolo-broccolo-01.jpg')">
            <div class="hover"></div>
            <p class="arrow bgRed white">Best Seller</p>
            <div class="stickers"></div>
        </div>
    </a>
    <div>
        <h4><a href="../cavolo-broccolo.html"><b>Cavolo Broccolo</b></a></h4>
        <p class="description">medium weight 0.500 Kg</p>
        <p class="right price"><b>1.80 €</b></p>
        <p class="right unitPrice">3.59 € per kg</p>
    </div>
    <div class="contButton">
    <a class="button bgRed white addToCart" href="#">Add</a>
</div>
</div><div class="left product prod11"
        data-name="Cavolo Verza Cat Ii It Sard"
        data-price="1.59"
        data-id="3201"
        data-available="yes"
        data-category="6592"
        data-bestselling="2">
    <a href="../cavolo-verza-cat-ii-it-sard.html">
        <div style="background-image: url('../../cdn.spesati.com/images/products/980389/cavolo-verza-cat.jpg')">
            <div class="hover"></div>
            <p class="arrow bgRed white">Best Seller</p>
            <div class="stickers"></div>
        </div>
    </a>
    <div>
        <h4><a href="../cavolo-verza-cat-ii-it-sard.html"><b>Cavolo Verza Cat Ii It Sard</b></a></h4>
        <p class="description">medium weight 1 Kg</p>
        <p class="right price"><b>1.59 €</b></p>
        <p class="right unitPrice">1.59 € per kg</p>
    </div>
    <div class="contButton">
    <a class="button bgRed white addToCart" href="#">Add</a>
</div>
</div><div class="left product prod12"
        data-name="Lattuga Romana"
        data-price="1.18"
        data-id="3245"
        data-available="yes"
        data-category="6637"
        data-bestselling="2">
    <a href="../lattuga-romana.html">
        <div style="background-image: url('../../cdn.spesati.com/images/products/98033801/lattuga-romana-cat.jpg')">
            <div class="hover"></div>
            <p class="arrow bgRed white">Best Seller</p>
            <div class="stickers"></div>
        </div>
    </a>
    <div>
        <h4><a href="../lattuga-romana.html"><b>Lattuga Romana</b></a></h4>
        <p class="description">medium weight 0.500 Kg</p>
        <p class="right price"><b>1.18 €</b></p>
        <p class="right unitPrice">2.35 € per kg</p>
    </div>
    <div class="contButton">
    <a class="button bgRed white addToCart" href="#">Add</a>
</div>
</div><div class="left product prod13"
        data-name="Funghi Pleurotus"
        data-price="5.11"
        data-id="3220"
        data-available="yes"
        data-category="6653"
        data-bestselling="">
    <a href="../funghi-pleurotus.html">
        <div style="background-image: url('../../cdn.spesati.com/images/products/98032201/funghi-pleurotus-cat.jpg')">
            <div class="hover"></div>
            
            <div class="stickers"></div>
        </div>
    </a>
    <div>
        <h4><a href="../funghi-pleurotus.html"><b>Funghi Pleurotus</b></a></h4>
        <p class="description">medium weight 0.500 Kg</p>
        <p class="right price"><b>5.11 €</b></p>
        <p class="right unitPrice">6.39 € per kg</p>
    </div>
    <div class="contButton">
    <a class="button bgRed white addToCart" href="#">Add</a>
</div>
</div><div class="left product prod14"
        data-name="Funghi Champignon"
        data-price="1.76"
        data-id="3219"
        data-available="yes"
        data-category="6653"
        data-bestselling="6">
    <a href="../funghi-champignon.html">
        <div style="background-image: url('../../cdn.spesati.com/images/products/98032101/funghi-champignon-cat.jpg')">
            <div class="hover"></div>
            <p class="arrow bgRed white">Best Seller</p>
            <div class="stickers"></div>
        </div>
    </a>
    <div>
        <h4><a href="../funghi-champignon.html"><b>Funghi Champignon</b></a></h4>
        <p class="description">medium weight 0.400 Kg</p>
        <p class="right price"><b>1.76 €</b></p>
        <p class="right unitPrice">4.39 € per kg</p>
    </div>
    <div class="contButton">
    <a class="button bgRed white addToCart" href="#">Add</a>
</div>
</div><div class="left product prod15"
        data-name="Cetrioli"
        data-price="3.25"
        data-id="3204"
        data-available="yes"
        data-category="6608"
        data-bestselling="5">
    <a href="../cetrioli.html">
        <div style="background-image: url('../../cdn.spesati.com/images/products/98019001/cetrioli-cat-ii.jpg')">
            <div class="hover"></div>
            <p class="arrow bgRed white">Best Seller</p>
            <div class="stickers"></div>
        </div>
    </a>
    <div>
        <h4><a href="../cetrioli.html"><b>Cetrioli</b></a></h4>
        <p class="description">medium weight 1 Kg</p>
        <p class="right price"><b>3.25 €</b></p>
        <p class="right unitPrice">3.26 € per kg</p>
    </div>
    <div class="contButton">
    <a class="button bgRed white addToCart" href="#">Add</a>
</div>
</div><div class="left product prod16"
        data-name="Cavolfiore"
        data-price="1.89"
        data-id="3198"
        data-available="yes"
        data-category="6600"
        data-bestselling="1">
    <a href="../cavolfiore.html">
        <div style="background-image: url('../../cdn.spesati.com/images/products/98018001/cavolfiore-cat-ii.jpg')">
            <div class="hover"></div>
            <p class="arrow bgRed white">Best Seller</p>
            <div class="stickers"></div>
        </div>
    </a>
    <div>
        <h4><a href="../cavolfiore.html"><b>Cavolfiore</b></a></h4>
        <p class="description">medium weight 1 Kg</p>
        <p class="right price"><b>1.89 €</b></p>
        <p class="right unitPrice">1.89 € per kg</p>
    </div>
    <div class="contButton">
    <a class="button bgRed white addToCart" href="#">Add</a>
</div>
</div><div class="left product prod17"
        data-name="Radice Zenzero Fresca"
        data-price="2.60"
        data-id="3429"
        data-available="yes"
        data-category="6619"
        data-bestselling="">
    <a href="../radice-zenzero-fresca.html">
        <div style="background-image: url('../../cdn.spesati.com/images/products/980110/radice-zenzero-fresca.jpg')">
            <div class="hover"></div>
            
            <div class="stickers"></div>
        </div>
    </a>
    <div>
        <h4><a href="../radice-zenzero-fresca.html"><b>Radice Zenzero Fresca</b></a></h4>
        <p class="description">medium weight 0.400 Kg</p>
        <p class="right price"><b>2.60 €</b></p>
        <p class="right unitPrice">6.49 € per kg</p>
    </div>
    <div class="contButton">
    <a class="button bgRed white addToCart" href="#">Add</a>
</div>
</div><div class="left product prod18"
        data-name="Lattuga Iceberg"
        data-price="1.59"
        data-id="3243"
        data-available="yes"
        data-category="6637"
        data-bestselling="15">
    <a href="../lattuga-iceberg.html">
        <div style="background-image: url('../../cdn.spesati.com/images/products/98002601/lattuga-iiceberg-catii.jpg')">
            <div class="hover"></div>
            <p class="arrow bgRed white">Best Seller</p>
            <div class="stickers"></div>
        </div>
    </a>
    <div>
        <h4><a href="../lattuga-iceberg.html"><b>Lattuga Iceberg</b></a></h4>
        <p class="description">medium weight 0.800 Kg</p>
        <p class="right price"><b>1.59 €</b></p>
        <p class="right unitPrice">1.99 € per kg</p>
    </div>
    <div class="contButton">
    <a class="button bgRed white addToCart" href="#">Add</a>
</div>
</div><div class="left product prod19"
        data-name="Fagiolini Cat Ii"
        data-price="2.49"
        data-id="3250"
        data-available="yes"
        data-category="431"
        data-bestselling="8">
    <a href="../fagiolini-cat-ii.html">
        <div style="background-image: url('../../cdn.spesati.com/images/products/762301/fagiolini-cat-ii.jpg')">
            <div class="hover"></div>
            <p class="arrow bgRed white">Best Seller</p>
            <div class="stickers"></div>
        </div>
    </a>
    <div>
        <h4><a href="../fagiolini-cat-ii.html"><b>Fagiolini Cat Ii</b></a></h4>
        <p class="description">medium weight 0.500 Kg</p>
        <p class="right price"><b>2.49 €</b></p>
        <p class="right unitPrice">4.99 € per kg</p>
    </div>
    <div class="contButton">
    <a class="button bgRed white addToCart" href="#">Add</a>
</div>
</div><div class="left product prod20"
        data-name="Cipolla Dorata Cat Ii Prov It"
        data-price="0.72"
        data-id="3208"
        data-available="yes"
        data-category="6655"
        data-bestselling="16">
    <a href="../cipolla-dorata-cat-ii-prov-it.html">
        <div style="background-image: url('../../cdn.spesati.com/images/products/63829/cipolla-dorata-cat.jpg')">
            <div class="hover"></div>
            <p class="arrow bgRed white">Best Seller</p>
            <div class="stickers"></div>
        </div>
    </a>
    <div>
        <h4><a href="../cipolla-dorata-cat-ii-prov-it.html"><b>Cipolla Dorata Cat Ii Prov It</b></a></h4>
        <p class="description">medium weight 0.400 Kg</p>
        <p class="right price"><b>0.72 €</b></p>
        <p class="right unitPrice">1.79 € per kg</p>
    </div>
    <div class="contButton">
    <a class="button bgRed white addToCart" href="#">Add</a>
</div>
</div><div class="left product prod21"
        data-name="Melanzane Viola Cat Ii It Sard"
        data-price="3.39"
        data-id="3288"
        data-available="yes"
        data-category="6613"
        data-bestselling="4">
    <a href="../melanzane-viola-cat-ii-it-sard.html">
        <div style="background-image: url('../../cdn.spesati.com/images/products/58367001/melanzane-viola-cat.jpg')">
            <div class="hover"></div>
            <p class="arrow bgRed white">Best Seller</p>
            <div class="stickers"></div>
        </div>
    </a>
    <div>
        <h4><a href="../melanzane-viola-cat-ii-it-sard.html"><b>Melanzane Viola Cat Ii It Sard</b></a></h4>
        <p class="description">medium weight 1 Kg</p>
        <p class="right price"><b>3.39 €</b></p>
        <p class="right unitPrice">3.39 € per kg</p>
    </div>
    <div class="contButton">
    <a class="button bgRed white addToCart" href="#">Add</a>
</div>
</div><div class="left product prod22"
        data-name="Pomodoro Ciliegino"
        data-price="2.35"
        data-id="3368"
        data-available="yes"
        data-category="6703"
        data-bestselling="8">
    <a href="../pomodoro-ciliegino.html">
        <div style="background-image: url('../../cdn.spesati.com/images/products/58366201/pomodoro-ciliegino-catii.jpg')">
            <div class="hover"></div>
            <p class="arrow bgRed white">Best Seller</p>
            <div class="stickers"></div>
        </div>
    </a>
    <div>
        <h4><a href="../pomodoro-ciliegino.html"><b>Pomodoro Ciliegino</b></a></h4>
        <p class="description">medium weight 0.500 Kg</p>
        <p class="right price"><b>2.35 €</b></p>
        <p class="right unitPrice">4.69 € per kg</p>
    </div>
    <div class="contButton">
    <a class="button bgRed white addToCart" href="#">Add</a>
</div>
</div><div class="left product prod23"
        data-name="Zucchine Scure"
        data-price="2.59"
        data-id="3432"
        data-available="yes"
        data-category="5793"
        data-bestselling="9">
    <a href="../zucchine-scure.html">
        <div style="background-image: url('../../cdn.spesati.com/images/products/58362201/zucchine-cat-ii.jpg')">
            <div class="hover"></div>
            <p class="arrow bgRed white">Best Seller</p>
            <div class="stickers"></div>
        </div>
    </a>
    <div>
        <h4><a href="../zucchine-scure.html"><b>Zucchine Scure</b></a></h4>
        <p class="description">medium weight 1 Kg</p>
        <p class="right price"><b>2.59 €</b></p>
        <p class="right unitPrice">2.59 € per kg</p>
    </div>
    <div class="contButton">
    <a class="button bgRed white addToCart" href="#">Add</a>
</div>
</div><div class="left product prod24"
        data-name="Scalogno"
        data-price="1.29"
        data-id="3422"
        data-available="yes"
        data-category="6818"
        data-bestselling="">
    <a href="../scalogno.html">
        <div style="background-image: url('../../cdn.spesati.com/images/products/58339401/scalogno-200-gr.jpg')">
            <div class="hover"></div>
            
            <div class="stickers"></div>
        </div>
    </a>
    <div>
        <h4><a href="../scalogno.html"><b>Scalogno</b></a></h4>
        <p class="description">0.25 Kg</p>
        <p class="right price"><b>1.29 €</b></p>
        <p class="right unitPrice">1.29 € per piece</p>
    </div>
    <div class="contButton">
    <a class="button bgRed white addToCart" href="#">Add</a>
</div>
</div><div class="left product prod25"
        data-name="Carciofi Sardi Spinosi"
        data-price="1.56"
        data-id="3185"
        data-available="yes"
        data-category="6570"
        data-bestselling="26">
    <a href="../carciofi-sardi-spinosi.html">
        <div style="background-image: url('../../cdn.spesati.com/images/products/58059901/carciofi-sardi-catii.jpg')">
            <div class="hover"></div>
            <p class="arrow bgRed white">Best Seller</p>
            <div class="stickers"><img class="left" src="../../cdn.spesati.com/images/layout/sardinian.png" /></div>
        </div>
    </a>
    <div>
        <h4><a href="../carciofi-sardi-spinosi.html"><b>Carciofi Sardi Spinosi</b></a></h4>
        <p class="description">0.03 Kg</p>
        <p class="right price"><b>1.56 €</b></p>
        <p class="right unitPrice">1.56 € per piece</p>
    </div>
    <div class="contButton">
    <a class="button bgRed white addToCart" href="#">Add</a>
</div>
</div><div class="left product prod26"
        data-name="Melanzane Nere"
        data-price="2.65"
        data-id="3286"
        data-available="yes"
        data-category="6613"
        data-bestselling="6">
    <a href="../melanzane-nere.html">
        <div style="background-image: url('../../cdn.spesati.com/images/products/57369202/melanzane-nere-cat.jpg')">
            <div class="hover"></div>
            <p class="arrow bgRed white">Best Seller</p>
            <div class="stickers"></div>
        </div>
    </a>
    <div>
        <h4><a href="../melanzane-nere.html"><b>Melanzane Nere</b></a></h4>
        <p class="description">medium weight 1 Kg</p>
        <p class="right price"><b>2.65 €</b></p>
        <p class="right unitPrice">2.65 € per kg</p>
    </div>
    <div class="contButton">
    <a class="button bgRed white addToCart" href="#">Add</a>
</div>
</div><div class="left product prod27"
        data-name="Patate Selenella"
        data-price="3.39"
        data-id="3341"
        data-available="yes"
        data-category="6586"
        data-bestselling="4">
    <a href="../patate-selenella.html">
        <div style="background-image: url('../../cdn.spesati.com/images/products/57036101/patate-selenella-15.jpg')">
            <div class="hover"></div>
            <p class="arrow bgRed white">Best Seller</p>
            <div class="stickers"></div>
        </div>
    </a>
    <div>
        <h4><a href="../patate-selenella.html"><b>Patate Selenella</b></a></h4>
        <p class="description">1.5 Kg</p>
        <p class="right price"><b>3.39 €</b></p>
        <p class="right unitPrice">1.70 € per kg</p>
    </div>
    <div class="contButton">
    <a class="button bgRed white addToCart" href="#">Add</a>
</div>
</div><div class="left product prod28"
        data-name="Carote Vassoio"
        data-price="2.34"
        data-id="3196"
        data-available="yes"
        data-category="6595"
        data-bestselling="13">
    <a href="../carote-vassoio.html">
        <div style="background-image: url('../../cdn.spesati.com/images/products/568602/carote-confezionate-catii.jpg')">
            <div class="hover"></div>
            <p class="arrow bgRed white">Best Seller</p>
            <div class="stickers"></div>
        </div>
    </a>
    <div>
        <h4><a href="../carote-vassoio.html"><b>Carote Vassoio</b></a></h4>
        <p class="description">1 Kg</p>
        <p class="right price"><b>2.34 €</b></p>
        <p class="right unitPrice">2.34 € per kg</p>
    </div>
    <div class="contButton">
    <a class="button bgRed white addToCart" href="#">Add</a>
</div>
</div><div class="left product prod29"
        data-name="Finocchi"
        data-price="2.19"
        data-id="3217"
        data-available="yes"
        data-category="6816"
        data-bestselling="5">
    <a href="../finocchi.html">
        <div style="background-image: url('../../cdn.spesati.com/images/products/56816001/finocchi-pad-cat.jpg')">
            <div class="hover"></div>
            <p class="arrow bgRed white">Best Seller</p>
            <div class="stickers"></div>
        </div>
    </a>
    <div>
        <h4><a href="../finocchi.html"><b>Finocchi</b></a></h4>
        <p class="description">medium weight 1 Kg</p>
        <p class="right price"><b>2.19 €</b></p>
        <p class="right unitPrice">2.19 € per kg</p>
    </div>
    <div class="contButton">
    <a class="button bgRed white addToCart" href="#">Add</a>
</div>
</div><div class="left product prod30"
        data-name="Pomodoro Insalataro"
        data-price="3.39"
        data-id="3367"
        data-available="yes"
        data-category="6703"
        data-bestselling="4">
    <a href="../pomodoro-insalataro.html">
        <div style="background-image: url('../../cdn.spesati.com/images/products/5332801/pomodori-tondo-di.jpg')">
            <div class="hover"></div>
            <p class="arrow bgRed white">Best Seller</p>
            <div class="stickers"></div>
        </div>
    </a>
    <div>
        <h4><a href="../pomodoro-insalataro.html"><b>Pomodoro Insalataro</b></a></h4>
        <p class="description">medium weight 1 Kg</p>
        <p class="right price"><b>3.39 €</b></p>
        <p class="right unitPrice">3.39 € per kg</p>
    </div>
    <div class="contButton">
    <a class="button bgRed white addToCart" href="#">Add</a>
</div>
</div><div class="left product prod31"
        data-name="Cipolla Bianca Cat Ii Prov It"
        data-price="0.80"
        data-id="3207"
        data-available="yes"
        data-category="6655"
        data-bestselling="2">
    <a href="../cipolla-bianca-cat-ii-prov-it.html">
        <div style="background-image: url('../../cdn.spesati.com/images/products/5227801/cipolla-bianca-cat.jpg')">
            <div class="hover"></div>
            <p class="arrow bgRed white">Best Seller</p>
            <div class="stickers"></div>
        </div>
    </a>
    <div>
        <h4><a href="../cipolla-bianca-cat-ii-prov-it.html"><b>Cipolla Bianca Cat Ii Prov It</b></a></h4>
        <p class="description">medium weight 0.400 Kg</p>
        <p class="right price"><b>0.80 €</b></p>
        <p class="right unitPrice">1.99 € per kg</p>
    </div>
    <div class="contButton">
    <a class="button bgRed white addToCart" href="#">Add</a>
</div>
</div><div class="left product prod32"
        data-name="Cavolo Cappuccio Bianco"
        data-price="1.59"
        data-id="3203"
        data-available="yes"
        data-category="6592"
        data-bestselling="">
    <a href="../cavolo-cappuccio-bianco.html">
        <div style="background-image: url('../../cdn.spesati.com/images/products/5203801/crauti-cat-ii.jpg')">
            <div class="hover"></div>
            
            <div class="stickers"></div>
        </div>
    </a>
    <div>
        <h4><a href="../cavolo-cappuccio-bianco.html"><b>Cavolo Cappuccio Bianco</b></a></h4>
        <p class="description">medium weight 1 Kg</p>
        <p class="right price"><b>1.59 €</b></p>
        <p class="right unitPrice">1.59 € per kg</p>
    </div>
    <div class="contButton">
    <a class="button bgRed white addToCart" href="#">Add</a>
</div>
</div><div class="left product prod33"
        data-name="Rape Rosse 500 Gr"
        data-price="1.69"
        data-id="34391"
        data-available="yes"
        data-category="6586"
        data-bestselling="1">
    <a href="../rape-rosse-500-gr.html">
        <div style="background-image: url('../../cdn.spesati.com/images/products/520296/rape-rosse-500gr-01.jpg')">
            <div class="hover"></div>
            <p class="arrow bgRed white">Best Seller</p>
            <div class="stickers"></div>
        </div>
    </a>
    <div>
        <h4><a href="../rape-rosse-500-gr.html"><b>Rape Rosse 500 Gr</b></a></h4>
        <p class="description">0.5 Kg</p>
        <p class="right price"><b>1.69 €</b></p>
        <p class="right unitPrice">3.38 € per kg</p>
    </div>
    <div class="contButton">
    <a class="button bgRed white addToCart" href="#">Add</a>
</div>
</div><div class="left product prod34"
        data-name="Mais 400 Gr"
        data-price="2.65"
        data-id="34389"
        data-available="yes"
        data-category="1534"
        data-bestselling="">
    <a href="../mais-400-gr.html">
        <div style="background-image: url('../../cdn.spesati.com/images/products/520294/mais-400gr-01.jpg')">
            <div class="hover"></div>
            
            <div class="stickers"></div>
        </div>
    </a>
    <div>
        <h4><a href="../mais-400-gr.html"><b>Mais 400 Gr</b></a></h4>
        <p class="description">0.25 Kg</p>
        <p class="right price"><b>2.65 €</b></p>
        <p class="right unitPrice">10.60 € per kg</p>
    </div>
    <div class="contButton">
    <a class="button bgRed white addToCart" href="#">Add</a>
</div>
</div><div class="left product prod35"
        data-name="Patate Tonde 500 Gr"
        data-price="2.69"
        data-id="34387"
        data-available="yes"
        data-category="6586"
        data-bestselling="">
    <a href="../patate-tonde-500-gr.html">
        <div style="background-image: url('../../cdn.spesati.com/images/products/520292/patate-tonde-500gr-01.jpg')">
            <div class="hover"></div>
            
            <div class="stickers"></div>
        </div>
    </a>
    <div>
        <h4><a href="../patate-tonde-500-gr.html"><b>Patate Tonde 500 Gr</b></a></h4>
        <p class="description">0.5 Kg</p>
        <p class="right price"><b>2.69 €</b></p>
        <p class="right unitPrice">5.38 € per kg</p>
    </div>
    <div class="contButton">
    <a class="button bgRed white addToCart" href="#">Add</a>
</div>
</div><div class="left product prod36"
        data-name="Aglio Categoria I Provenienza Spagna 200Gr"
        data-price="1.49"
        data-id="6121"
        data-available="yes"
        data-category="6620"
        data-bestselling="2">
    <a href="../aglio-categoria-i-provenienza-spagna-200gr.html">
        <div style="background-image: url('../../cdn.spesati.com/images/products/5181301/aglio-categoria-i-01.jpg')">
            <div class="hover"></div>
            <p class="arrow bgRed white">Best Seller</p>
            <div class="stickers"></div>
        </div>
    </a>
    <div>
        <h4><a href="../aglio-categoria-i-provenienza-spagna-200gr.html"><b>Aglio Categoria I Provenienza Spagna 200Gr</b></a></h4>
        <p class="description">0.2 Kg</p>
        <p class="right price"><b>1.49 €</b></p>
        <p class="right unitPrice">7.46 € per kg</p>
    </div>
    <div class="contButton">
    <a class="button bgRed white addToCart" href="#">Add</a>
</div>
</div><div class="left product prod37"
        data-name="Cipolla Rossa Cat Ii Prov It"
        data-price="0.88"
        data-id="1438"
        data-available="yes"
        data-category="6655"
        data-bestselling="2">
    <a href="../cipolla-rossa-cat-ii-prov-it.html">
        <div style="background-image: url('../../cdn.spesati.com/images/products/51378/cipolla-rossa-cat.jpg')">
            <div class="hover"></div>
            <p class="arrow bgRed white">Best Seller</p>
            <div class="stickers"></div>
        </div>
    </a>
    <div>
        <h4><a href="../cipolla-rossa-cat-ii-prov-it.html"><b>Cipolla Rossa Cat Ii Prov It</b></a></h4>
        <p class="description">medium weight 0.400 Kg</p>
        <p class="right price"><b>0.88 €</b></p>
        <p class="right unitPrice">2.19 € per kg</p>
    </div>
    <div class="contButton">
    <a class="button bgRed white addToCart" href="#">Add</a>
</div>
</div><div class="left product prod38"
        data-name="Zucca Violina"
        data-price="1.69"
        data-id="33453"
        data-available="yes"
        data-category="5793"
        data-bestselling="2">
    <a href="../zucca-violina.html">
        <div style="background-image: url('../../cdn.spesati.com/images/products/474439/zucca-violina-01.jpg')">
            <div class="hover"></div>
            <p class="arrow bgRed white">Best Seller</p>
            <div class="stickers"></div>
        </div>
    </a>
    <div>
        <h4><a href="../zucca-violina.html"><b>Zucca Violina</b></a></h4>
        <p class="description">medium weight 1 Kg</p>
        <p class="right price"><b>1.69 €</b></p>
        <p class="right unitPrice">1.70 € per kg</p>
    </div>
    <div class="contButton">
    <a class="button bgRed white addToCart" href="#">Add</a>
</div>
</div><div class="left product prod39"
        data-name="Spinaci A Mazzo"
        data-price="1.29"
        data-id="33398"
        data-available="yes"
        data-category="6695"
        data-bestselling="4">
    <a href="../spinaci-a-mazzo.html">
        <div style="background-image: url('../../cdn.spesati.com/images/products/474313/spinaci-a-mazzo-01.jpg')">
            <div class="hover"></div>
            <p class="arrow bgRed white">Best Seller</p>
            <div class="stickers"></div>
        </div>
    </a>
    <div>
        <h4><a href="../spinaci-a-mazzo.html"><b>Spinaci A Mazzo</b></a></h4>
        <p class="description">1 piece</p>
        <p class="right price"><b>1.29 €</b></p>
        <p class="right unitPrice">1.29 € per piece</p>
    </div>
    <div class="contButton">
    <a class="button bgRed white addToCart" href="#">Add</a>
</div>
</div><div class="left product prod40"
        data-name="Sedano Rapa"
        data-price="1.99"
        data-id="33396"
        data-available="yes"
        data-category="6599"
        data-bestselling="1">
    <a href="../sedano-rapa.html">
        <div style="background-image: url('../../cdn.spesati.com/images/products/474298/sedano-rapa-01.jpg')">
            <div class="hover"></div>
            <p class="arrow bgRed white">Best Seller</p>
            <div class="stickers"></div>
        </div>
    </a>
    <div>
        <h4><a href="../sedano-rapa.html"><b>Sedano Rapa</b></a></h4>
        <p class="description">medium weight 0.500 Kg</p>
        <p class="right price"><b>1.99 €</b></p>
        <p class="right unitPrice">3.98 € per kg</p>
    </div>
    <div class="contButton">
    <a class="button bgRed white addToCart" href="#">Add</a>
</div>
</div><div class="left product prod41"
        data-name="Sedano Bianco"
        data-price="1.99"
        data-id="33395"
        data-available="yes"
        data-category="6599"
        data-bestselling="1">
    <a href="../sedano-bianco.html">
        <div style="background-image: url('../../cdn.spesati.com/images/products/474297/sedano-bianco-01.jpg')">
            <div class="hover"></div>
            <p class="arrow bgRed white">Best Seller</p>
            <div class="stickers"></div>
        </div>
    </a>
    <div>
        <h4><a href="../sedano-bianco.html"><b>Sedano Bianco</b></a></h4>
        <p class="description">1 Kg</p>
        <p class="right price"><b>1.99 €</b></p>
        <p class="right unitPrice">1.99 € per kg</p>
    </div>
    <div class="contButton">
    <a class="button bgRed white addToCart" href="#">Add</a>
</div>
</div><div class="left product prod42"
        data-name="Sedano Verde Sfuso."
        data-price="0.85"
        data-id="33392"
        data-available="yes"
        data-category="6599"
        data-bestselling="5">
    <a href="../sedano-verde-sfuso.html">
        <div style="background-image: url('../../cdn.spesati.com/images/products/474291/sedano-verde-sfuso-01.jpg')">
            <div class="hover"></div>
            <p class="arrow bgRed white">Best Seller</p>
            <div class="stickers"></div>
        </div>
    </a>
    <div>
        <h4><a href="../sedano-verde-sfuso.html"><b>Sedano Verde Sfuso.</b></a></h4>
        <p class="description">medium weight 0.500 Kg</p>
        <p class="right price"><b>0.85 €</b></p>
        <p class="right unitPrice">1.70 € per kg</p>
    </div>
    <div class="contButton">
    <a class="button bgRed white addToCart" href="#">Add</a>
</div>
</div><div class="left product prod43"
        data-name="Ravanelli"
        data-price="1.39"
        data-id="33371"
        data-available="yes"
        data-category="6682"
        data-bestselling="">
    <a href="../ravanelli.html">
        <div style="background-image: url('../../cdn.spesati.com/images/products/474238/ravanelli-01.jpg')">
            <div class="hover"></div>
            
            <div class="stickers"></div>
        </div>
    </a>
    <div>
        <h4><a href="../ravanelli.html"><b>Ravanelli</b></a></h4>
        <p class="description">1 piece</p>
        <p class="right price"><b>1.39 €</b></p>
        <p class="right unitPrice">1.39 € per piece</p>
    </div>
    <div class="contButton">
    <a class="button bgRed white addToCart" href="#">Add</a>
</div>
</div><div class="left product prod44"
        data-name="Rape Bianche"
        data-price="1.75"
        data-id="33367"
        data-available="yes"
        data-category="6586"
        data-bestselling="">
    <a href="../rape-bianche.html">
        <div style="background-image: url('../../cdn.spesati.com/images/products/474230/rape-bianche-01.jpg')">
            <div class="hover"></div>
            
            <div class="stickers"></div>
        </div>
    </a>
    <div>
        <h4><a href="../rape-bianche.html"><b>Rape Bianche</b></a></h4>
        <p class="description">medium weight 0.500 Kg</p>
        <p class="right price"><b>1.75 €</b></p>
        <p class="right unitPrice">3.49 € per kg</p>
    </div>
    <div class="contButton">
    <a class="button bgRed white addToCart" href="#">Add</a>
</div>
</div><div class="left product prod45"
        data-name="Pomodoro Grappolo Sardegna"
        data-price="2.59"
        data-id="33335"
        data-available="yes"
        data-category="6703"
        data-bestselling="1">
    <a href="../pomodoro-grappolo-sardegna.html">
        <div style="background-image: url('../../cdn.spesati.com/images/products/474136/pomodoro-grappolo-sardegna-01.jpg')">
            <div class="hover"></div>
            <p class="arrow bgRed white">Best Seller</p>
            <div class="stickers"></div>
        </div>
    </a>
    <div>
        <h4><a href="../pomodoro-grappolo-sardegna.html"><b>Pomodoro Grappolo Sardegna</b></a></h4>
        <p class="description">medium weight 1 Kg</p>
        <p class="right price"><b>2.59 €</b></p>
        <p class="right unitPrice">2.59 € per kg</p>
    </div>
    <div class="contButton">
    <a class="button bgRed white addToCart" href="#">Add</a>
</div>
</div><div class="left product prod46"
        data-name="Pomodoro Datterino Giallo"
        data-price="3.49"
        data-id="33326"
        data-available="yes"
        data-category="6703"
        data-bestselling="1">
    <a href="../pomodoro-datterino-giallo.html">
        <div style="background-image: url('../../cdn.spesati.com/images/products/474124/pomodoro-datterino-giallo-01.jpg')">
            <div class="hover"></div>
            <p class="arrow bgRed white">Best Seller</p>
            <div class="stickers"></div>
        </div>
    </a>
    <div>
        <h4><a href="../pomodoro-datterino-giallo.html"><b>Pomodoro Datterino Giallo</b></a></h4>
        <p class="description">medium weight 0.500 Kg</p>
        <p class="right price"><b>3.49 €</b></p>
        <p class="right unitPrice">6.99 € per kg</p>
    </div>
    <div class="contButton">
    <a class="button bgRed white addToCart" href="#">Add</a>
</div>
</div><div class="left product prod47"
        data-name="Pomodoro Cuore Di Bue 2"
        data-price="3.29"
        data-id="33325"
        data-available="yes"
        data-category="6703"
        data-bestselling="">
    <a href="../pomodoro-cuore-di-bue-2.html">
        <div style="background-image: url('../../cdn.spesati.com/images/products/474123/pomodoro-cuore-di-01.jpg')">
            <div class="hover"></div>
            
            <div class="stickers"></div>
        </div>
    </a>
    <div>
        <h4><a href="../pomodoro-cuore-di-bue-2.html"><b>Pomodoro Cuore Di Bue 2</b></a></h4>
        <p class="description">medium weight 1 Kg</p>
        <p class="right price"><b>3.29 €</b></p>
        <p class="right unitPrice">3.29 € per kg</p>
    </div>
    <div class="contButton">
    <a class="button bgRed white addToCart" href="#">Add</a>
</div>
</div><div class="left product prod48"
        data-name="Pomodoro Cherry Conf. 500gr"
        data-price="2.45"
        data-id="33320"
        data-available="yes"
        data-category="6703"
        data-bestselling="3">
    <a href="../pomodoro-cherry-conf-500gr.html">
        <div style="background-image: url('../../cdn.spesati.com/images/products/474113/pomodoro-cherry-conf-01.jpg')">
            <div class="hover"></div>
            <p class="arrow bgRed white">Best Seller</p>
            <div class="stickers"></div>
        </div>
    </a>
    <div>
        <h4><a href="../pomodoro-cherry-conf-500gr.html"><b>Pomodoro Cherry Conf. 500gr</b></a></h4>
        <p class="description">0.5 Kg</p>
        <p class="right price"><b>2.45 €</b></p>
        <p class="right unitPrice">4.90 € per kg</p>
    </div>
    <div class="contButton">
    <a class="button bgRed white addToCart" href="#">Add</a>
</div>
</div><div class="left product prod49"
        data-name="Pomodoro Camonium Ii"
        data-price="2.49"
        data-id="33306"
        data-available="yes"
        data-category="6703"
        data-bestselling="6">
    <a href="../pomodoro-camonium-ii.html">
        <div style="background-image: url('../../cdn.spesati.com/images/products/474093/pomodoro-camonium-01.jpg')">
            <div class="hover"></div>
            <p class="arrow bgRed white">Best Seller</p>
            <div class="stickers"></div>
        </div>
    </a>
    <div>
        <h4><a href="../pomodoro-camonium-ii.html"><b>Pomodoro Camonium Ii</b></a></h4>
        <p class="description">medium weight 1 Kg</p>
        <p class="right price"><b>2.49 €</b></p>
        <p class="right unitPrice">2.49 € per kg</p>
    </div>
    <div class="contButton">
    <a class="button bgRed white addToCart" href="#">Add</a>
</div>
</div><div class="left product prod50"
        data-name="Peperoni Rossi 2"
        data-price="2.79"
        data-id="33245"
        data-available="yes"
        data-category="6668"
        data-bestselling="5">
    <a href="../peperoni-rossi-2.html">
        <div style="background-image: url('../../cdn.spesati.com/images/products/473947/peperoni-rossi-2-01.jpg')">
            <div class="hover"></div>
            <p class="arrow bgRed white">Best Seller</p>
            <div class="stickers"></div>
        </div>
    </a>
    <div>
        <h4><a href="../peperoni-rossi-2.html"><b>Peperoni Rossi 2</b></a></h4>
        <p class="description">medium weight 0.700 Kg</p>
        <p class="right price"><b>2.79 €</b></p>
        <p class="right unitPrice">3.99 € per kg</p>
    </div>
    <div class="contButton">
    <a class="button bgRed white addToCart" href="#">Add</a>
</div>
</div><div class="left product prod51"
        data-name="Peperoni Gialli 1"
        data-price="1.39"
        data-id="33239"
        data-available="yes"
        data-category="6668"
        data-bestselling="2">
    <a href="../peperoni-gialli-1.html">
        <div style="background-image: url('../../cdn.spesati.com/images/products/473933/peperoni-gialli-1-01.jpg')">
            <div class="hover"></div>
            <p class="arrow bgRed white">Best Seller</p>
            <div class="stickers"></div>
        </div>
    </a>
    <div>
        <h4><a href="../peperoni-gialli-1.html"><b>Peperoni Gialli 1</b></a></h4>
        <p class="description">medium weight 0.700 Kg</p>
        <p class="right price"><b>1.39 €</b></p>
        <p class="right unitPrice">1.99 € per kg</p>
    </div>
    <div class="contButton">
    <a class="button bgRed white addToCart" href="#">Add</a>
</div>
</div><div class="left product prod52"
        data-name="Peperoncini Freschi"
        data-price="0.72"
        data-id="33234"
        data-available="yes"
        data-category="4608"
        data-bestselling="">
    <a href="../peperoncini-freschi.html">
        <div style="background-image: url('../../cdn.spesati.com/images/products/473914/peperoncini-freschi-01.jpg')">
            <div class="hover"></div>
            
            <div class="stickers"></div>
        </div>
    </a>
    <div>
        <h4><a href="../peperoncini-freschi.html"><b>Peperoncini Freschi</b></a></h4>
        <p class="description">madium weight 0.200 Kg</p>
        <p class="right price"><b>0.72 €</b></p>
        <p class="right unitPrice">3.59 € per kg</p>
    </div>
    <div class="contButton">
    <a class="button bgRed white addToCart" href="#">Add</a>
</div>
</div><div class="left product prod53"
        data-name="Peperoncini Friggitelli Verdi"
        data-price="0.96"
        data-id="33233"
        data-available="yes"
        data-category="6668"
        data-bestselling="1">
    <a href="../peperoncini-friggitelli-verdi.html">
        <div style="background-image: url('../../cdn.spesati.com/images/products/473913/peperoncini-friggitelli-verdi-01.jpg')">
            <div class="hover"></div>
            <p class="arrow bgRed white">Best Seller</p>
            <div class="stickers"></div>
        </div>
    </a>
    <div>
        <h4><a href="../peperoncini-friggitelli-verdi.html"><b>Peperoncini Friggitelli Verdi</b></a></h4>
        <p class="description">madium weight 0.200 Kg</p>
        <p class="right price"><b>0.96 €</b></p>
        <p class="right unitPrice">4.79 € per kg</p>
    </div>
    <div class="contButton">
    <a class="button bgRed white addToCart" href="#">Add</a>
</div>
</div><div class="left product prod54"
        data-name="Peperoncini Picc.conf."
        data-price="2.49"
        data-id="33231"
        data-available="yes"
        data-category="4608"
        data-bestselling="">
    <a href="../peperoncini-piccconf.html">
        <div style="background-image: url('../../cdn.spesati.com/images/products/473909/peperoncini-picc-conf-01.jpg')">
            <div class="hover"></div>
            
            <div class="stickers"></div>
        </div>
    </a>
    <div>
        <h4><a href="../peperoncini-piccconf.html"><b>Peperoncini Picc.conf.</b></a></h4>
        <p class="description">0.1 Kg</p>
        <p class="right price"><b>2.49 €</b></p>
        <p class="right unitPrice">24.90 € per kg</p>
    </div>
    <div class="contButton">
    <a class="button bgRed white addToCart" href="#">Add</a>
</div>
</div><div class="left product prod55"
        data-name="Patate Rosse Conf."
        data-price="2.79"
        data-id="33223"
        data-available="yes"
        data-category="6586"
        data-bestselling="">
    <a href="../patate-rosse-conf.html">
        <div style="background-image: url('../../cdn.spesati.com/images/products/473897/patate-rosse-conf-01.jpg')">
            <div class="hover"></div>
            
            <div class="stickers"></div>
        </div>
    </a>
    <div>
        <h4><a href="../patate-rosse-conf.html"><b>Patate Rosse Conf.</b></a></h4>
        <p class="description">1 piece</p>
        <p class="right price"><b>2.79 €</b></p>
        <p class="right unitPrice">2.79 € per piece</p>
    </div>
    <div class="contButton">
    <a class="button bgRed white addToCart" href="#">Add</a>
</div>
</div><div class="left product prod56"
        data-name="Patate Cassa Spazzolate"
        data-price="2.18"
        data-id="33220"
        data-available="yes"
        data-category="6586"
        data-bestselling="2">
    <a href="../patate-cassa-spazzolate.html">
        <div style="background-image: url('../../cdn.spesati.com/images/products/473893/patate-cassa-spazzolate-01.jpg')">
            <div class="hover"></div>
            <p class="arrow bgRed white">Best Seller</p>
            <div class="stickers"></div>
        </div>
    </a>
    <div>
        <h4><a href="../patate-cassa-spazzolate.html"><b>Patate Cassa Spazzolate</b></a></h4>
        <p class="description">medium weight 2 Kg</p>
        <p class="right price"><b>2.18 €</b></p>
        <p class="right unitPrice">1.09 € per kg</p>
    </div>
    <div class="contButton">
    <a class="button bgRed white addToCart" href="#">Add</a>
</div>
</div><div class="left product prod57"
        data-name="Patate Dolci"
        data-price="2.97"
        data-id="33209"
        data-available="yes"
        data-category="6586"
        data-bestselling="1">
    <a href="../patate-dolci.html">
        <div style="background-image: url('../../cdn.spesati.com/images/products/473868/patate-dolci-01.jpg')">
            <div class="hover"></div>
            <p class="arrow bgRed white">Best Seller</p>
            <div class="stickers"></div>
        </div>
    </a>
    <div>
        <h4><a href="../patate-dolci.html"><b>Patate Dolci</b></a></h4>
        <p class="description">medium weight 2 Kg</p>
        <p class="right price"><b>2.97 €</b></p>
        <p class="right unitPrice">1.49 € per kg</p>
    </div>
    <div class="contButton">
    <a class="button bgRed white addToCart" href="#">Add</a>
</div>
</div><div class="left product prod58"
        data-name="Insalata Troccadero"
        data-price="1.50"
        data-id="5025"
        data-available="yes"
        data-category="6637"
        data-bestselling="2">
    <a href="../insalata-troccadero.html">
        <div style="background-image: url('../../cdn.spesati.com/images/products/473427/insalata-trocadero-01.jpg')">
            <div class="hover"></div>
            <p class="arrow bgRed white">Best Seller</p>
            <div class="stickers"></div>
        </div>
    </a>
    <div>
        <h4><a href="../insalata-troccadero.html"><b>Insalata Troccadero</b></a></h4>
        <p class="description">medium weight 0.500 Kg</p>
        <p class="right price"><b>1.50 €</b></p>
        <p class="right unitPrice">3.00 € per kg</p>
    </div>
    <div class="contButton">
    <a class="button bgRed white addToCart" href="#">Add</a>
</div>
</div><div class="left product prod59"
        data-name="Insalata Indivia Belga Conf."
        data-price="2.25"
        data-id="33036"
        data-available="yes"
        data-category="6637"
        data-bestselling="6">
    <a href="../insalata-indivia-belga-conf.html">
        <div style="background-image: url('../../cdn.spesati.com/images/products/473393/insalata-invidia-belga-01.jpg')">
            <div class="hover"></div>
            <p class="arrow bgRed white">Best Seller</p>
            <div class="stickers"></div>
        </div>
    </a>
    <div>
        <h4><a href="../insalata-indivia-belga-conf.html"><b>Insalata Indivia Belga Conf.</b></a></h4>
        <p class="description">0.5 Kg</p>
        <p class="right price"><b>2.25 €</b></p>
        <p class="right unitPrice">4.50 € per kg</p>
    </div>
    <div class="contButton">
    <a class="button bgRed white addToCart" href="#">Add</a>
</div>
</div><div class="left product prod60"
        data-name="Finocchi Padella"
        data-price="1.75"
        data-id="32996"
        data-available="yes"
        data-category="6816"
        data-bestselling="4">
    <a href="../finocchi-padella.html">
        <div style="background-image: url('../../cdn.spesati.com/images/products/473293/finocchi-padella-01.jpg')">
            <div class="hover"></div>
            <p class="arrow bgRed white">Best Seller</p>
            <div class="stickers"></div>
        </div>
    </a>
    <div>
        <h4><a href="../finocchi-padella.html"><b>Finocchi Padella</b></a></h4>
        <p class="description">medium weight 0.800 Kg</p>
        <p class="right price"><b>1.75 €</b></p>
        <p class="right unitPrice">2.19 € per kg</p>
    </div>
    <div class="contButton">
    <a class="button bgRed white addToCart" href="#">Add</a>
</div>
</div><div class="left product prod61"
        data-name="Fagioli Piattoni"
        data-price="2.88"
        data-id="32987"
        data-available="yes"
        data-category="431"
        data-bestselling="1">
    <a href="../fagioli-piattoni.html">
        <div style="background-image: url('../../cdn.spesati.com/images/products/473267/fagioli-piattoni-01.jpg')">
            <div class="hover"></div>
            <p class="arrow bgRed white">Best Seller</p>
            <div class="stickers"></div>
        </div>
    </a>
    <div>
        <h4><a href="../fagioli-piattoni.html"><b>Fagioli Piattoni</b></a></h4>
        <p class="description">medium weight 0.500 Kg</p>
        <p class="right price"><b>2.88 €</b></p>
        <p class="right unitPrice">5.75 € per kg</p>
    </div>
    <div class="contButton">
    <a class="button bgRed white addToCart" href="#">Add</a>
</div>
</div><div class="left product prod62"
        data-name="Daikon"
        data-price="1.40"
        data-id="32979"
        data-available="yes"
        data-category="6586"
        data-bestselling="">
    <a href="../daikon.html">
        <div style="background-image: url('../../cdn.spesati.com/images/products/473252/daikon-01.jpg')">
            <div class="hover"></div>
            
            <div class="stickers"></div>
        </div>
    </a>
    <div>
        <h4><a href="../daikon.html"><b>Daikon</b></a></h4>
        <p class="description">medium weight 0.4 Kg</p>
        <p class="right price"><b>1.40 €</b></p>
        <p class="right unitPrice">3.49 € per kg</p>
    </div>
    <div class="contButton">
    <a class="button bgRed white addToCart" href="#">Add</a>
</div>
</div><div class="left product prod63"
        data-name="Cipolla Tropea"
        data-price="8.18"
        data-id="32965"
        data-available="yes"
        data-category="6655"
        data-bestselling="">
    <a href="../cipolla-tropea.html">
        <div style="background-image: url('../../cdn.spesati.com/images/products/473209/cipolla-tropea-01.jpg')">
            <div class="hover"></div>
            
            <div class="stickers"></div>
        </div>
    </a>
    <div>
        <h4><a href="../cipolla-tropea.html"><b>Cipolla Tropea</b></a></h4>
        <p class="description">medium weight 1 Kg</p>
        <p class="right price"><b>8.18 €</b></p>
        <p class="right unitPrice">8.18 € per kg</p>
    </div>
    <div class="contButton">
    <a class="button bgRed white addToCart" href="#">Add</a>
</div>
</div><div class="left product prod64"
        data-name="Cipolle Borettane"
        data-price="1.08"
        data-id="32957"
        data-available="yes"
        data-category="6655"
        data-bestselling="">
    <a href="../cipolle-borettane.html">
        <div style="background-image: url('../../cdn.spesati.com/images/products/473186/cipolle-borettane-01.jpg')">
            <div class="hover"></div>
            
            <div class="stickers"></div>
        </div>
    </a>
    <div>
        <h4><a href="../cipolle-borettane.html"><b>Cipolle Borettane</b></a></h4>
        <p class="description">medium weight 0.400 Kg</p>
        <p class="right price"><b>1.08 €</b></p>
        <p class="right unitPrice">2.69 € per kg</p>
    </div>
    <div class="contButton">
    <a class="button bgRed white addToCart" href="#">Add</a>
</div>
</div><div class="left product prod65"
        data-name="Cipollotti Freschi"
        data-price="0.94"
        data-id="32952"
        data-available="yes"
        data-category="6655"
        data-bestselling="">
    <a href="../cipollotti-freschi.html">
        <div style="background-image: url('../../cdn.spesati.com/images/products/473179/cipollotti-freschi-01.jpg')">
            <div class="hover"></div>
            
            <div class="stickers"></div>
        </div>
    </a>
    <div>
        <h4><a href="../cipollotti-freschi.html"><b>Cipollotti Freschi</b></a></h4>
        <p class="description">medium weight 0.500 Kg</p>
        <p class="right price"><b>0.94 €</b></p>
        <p class="right unitPrice">1.89 € per kg</p>
    </div>
    <div class="contButton">
    <a class="button bgRed white addToCart" href="#">Add</a>
</div>
</div><div class="left product prod66"
        data-name="Cima Di Rapa"
        data-price="1.40"
        data-id="32948"
        data-available="yes"
        data-category="505329"
        data-bestselling="">
    <a href="../cima-di-rapa.html">
        <div style="background-image: url('../../cdn.spesati.com/images/products/473169/cima-di-rapa-01.jpg')">
            <div class="hover"></div>
            
            <div class="stickers"></div>
        </div>
    </a>
    <div>
        <h4><a href="../cima-di-rapa.html"><b>Cima Di Rapa</b></a></h4>
        <p class="description">medium weight 0.500 Kg</p>
        <p class="right price"><b>1.40 €</b></p>
        <p class="right unitPrice">2.79 € per kg</p>
    </div>
    <div class="contButton">
    <a class="button bgRed white addToCart" href="#">Add</a>
</div>
</div><div class="left product prod67"
        data-name="Cavolo Nero"
        data-price="3.19"
        data-id="32935"
        data-available="yes"
        data-category="6592"
        data-bestselling="">
    <a href="../cavolo-nero.html">
        <div style="background-image: url('../../cdn.spesati.com/images/products/473152/cavolo-nero-01.jpg')">
            <div class="hover"></div>
            
            <div class="stickers"></div>
        </div>
    </a>
    <div>
        <h4><a href="../cavolo-nero.html"><b>Cavolo Nero</b></a></h4>
        <p class="description">medium weight 1 Kg</p>
        <p class="right price"><b>3.19 €</b></p>
        <p class="right unitPrice">3.19 € per kg</p>
    </div>
    <div class="contButton">
    <a class="button bgRed white addToCart" href="#">Add</a>
</div>
</div><div class="left product prod68"
        data-name="Cavolini Bruxelles Conf."
        data-price="2.59"
        data-id="32934"
        data-available="yes"
        data-category="6592"
        data-bestselling="2">
    <a href="../cavolini-bruxelles-conf.html">
        <div style="background-image: url('../../cdn.spesati.com/images/products/473147/cavolini-bruxelles-conf-01.jpg')">
            <div class="hover"></div>
            <p class="arrow bgRed white">Best Seller</p>
            <div class="stickers"></div>
        </div>
    </a>
    <div>
        <h4><a href="../cavolini-bruxelles-conf.html"><b>Cavolini Bruxelles Conf.</b></a></h4>
        <p class="description">0.35 Kg</p>
        <p class="right price"><b>2.59 €</b></p>
        <p class="right unitPrice">7.39 € per kg</p>
    </div>
    <div class="contButton">
    <a class="button bgRed white addToCart" href="#">Add</a>
</div>
</div><div class="left product prod69"
        data-name="Cavolfiore Viola"
        data-price="3.19"
        data-id="32930"
        data-available="yes"
        data-category="6600"
        data-bestselling="">
    <a href="../cavolfiore-viola.html">
        <div style="background-image: url('../../cdn.spesati.com/images/products/473139/cavolfiore-viola-01.jpg')">
            <div class="hover"></div>
            
            <div class="stickers"></div>
        </div>
    </a>
    <div>
        <h4><a href="../cavolfiore-viola.html"><b>Cavolfiore Viola</b></a></h4>
        <p class="description">medium weight 1 Kg</p>
        <p class="right price"><b>3.19 €</b></p>
        <p class="right unitPrice">3.19 € per kg</p>
    </div>
    <div class="contButton">
    <a class="button bgRed white addToCart" href="#">Add</a>
</div>
</div><div class="left product prod70"
        data-name="Cavoli Cappucci Rossi"
        data-price="1.89"
        data-id="32929"
        data-available="yes"
        data-category="6592"
        data-bestselling="">
    <a href="../cavoli-cappucci-rossi.html">
        <div style="background-image: url('../../cdn.spesati.com/images/products/473137/cavoli-cappucci-rossi-01.jpg')">
            <div class="hover"></div>
            
            <div class="stickers"></div>
        </div>
    </a>
    <div>
        <h4><a href="../cavoli-cappucci-rossi.html"><b>Cavoli Cappucci Rossi</b></a></h4>
        <p class="description">medium weight 1 Kg</p>
        <p class="right price"><b>1.89 €</b></p>
        <p class="right unitPrice">1.89 € per kg</p>
    </div>
    <div class="contButton">
    <a class="button bgRed white addToCart" href="#">Add</a>
</div>
</div><div class="left product prod71"
        data-name="Carote Mazzi"
        data-price="1.59"
        data-id="32907"
        data-available="yes"
        data-category="6595"
        data-bestselling="">
    <a href="../carote-mazzi.html">
        <div style="background-image: url('../../cdn.spesati.com/images/products/473098/carote-mazzi-01.jpg')">
            <div class="hover"></div>
            
            <div class="stickers"></div>
        </div>
    </a>
    <div>
        <h4><a href="../carote-mazzi.html"><b>Carote Mazzi</b></a></h4>
        <p class="description">medium weight 1 Kg</p>
        <p class="right price"><b>1.59 €</b></p>
        <p class="right unitPrice">1.59 € per kg</p>
    </div>
    <div class="contButton">
    <a class="button bgRed white addToCart" href="#">Add</a>
</div>
</div><div class="left product prod72"
        data-name="Carciofi Vassoio 4 Teste"
        data-price="3.39"
        data-id="23190"
        data-available="yes"
        data-category="6570"
        data-bestselling="5">
    <a href="../carciofi-vassoio-4-teste.html">
        <div style="background-image: url('../../cdn.spesati.com/images/products/473082/carciofi-vassoio-4teste-01.jpg')">
            <div class="hover"></div>
            <p class="arrow bgRed white">Best Seller</p>
            <div class="stickers"><img class="left" src="../../cdn.spesati.com/images/layout/sardinian.png" /></div>
        </div>
    </a>
    <div>
        <h4><a href="../carciofi-vassoio-4-teste.html"><b>Carciofi Vassoio 4 Teste</b></a></h4>
        <p class="description">1 piece</p>
        <p class="right price"><b>3.39 €</b></p>
        <p class="right unitPrice">3.39 € per piece</p>
    </div>
    <div class="contButton">
    <a class="button bgRed white addToCart" href="#">Add</a>
</div>
</div><div class="left product prod73"
        data-name="Bietole A Costa"
        data-price="1.15"
        data-id="32892"
        data-available="yes"
        data-category="6597"
        data-bestselling="1">
    <a href="../bietole-a-costa.html">
        <div style="background-image: url('../../cdn.spesati.com/images/products/473070/bietole-a-costa-01.jpg')">
            <div class="hover"></div>
            <p class="arrow bgRed white">Best Seller</p>
            <div class="stickers"></div>
        </div>
    </a>
    <div>
        <h4><a href="../bietole-a-costa.html"><b>Bietole A Costa</b></a></h4>
        <p class="description">medium weight 0.500 Kg</p>
        <p class="right price"><b>1.15 €</b></p>
        <p class="right unitPrice">2.29 € per kg</p>
    </div>
    <div class="contButton">
    <a class="button bgRed white addToCart" href="#">Add</a>
</div>
</div><div class="left product prod74"
        data-name="Aglio Sacco 5 Kg"
        data-price="31.45"
        data-id="32843"
        data-available="yes"
        data-category="6620"
        data-bestselling="">
    <a href="../aglio-sacco-5-kg.html">
        <div style="background-image: url('../../cdn.spesati.com/images/products/473004/aglio-sacco-01.jpg')">
            <div class="hover"></div>
            
            <div class="stickers"></div>
        </div>
    </a>
    <div>
        <h4><a href="../aglio-sacco-5-kg.html"><b>Aglio Sacco 5 Kg</b></a></h4>
        <p class="description">medium weight  5.000 Kg</p>
        <p class="right price"><b>31.45 €</b></p>
        <p class="right unitPrice">6.29 € per kg</p>
    </div>
    <div class="contButton">
    <a class="button bgRed white addToCart" href="#">Add</a>
</div>
</div><div class="left product prod75"
        data-name="Aglio Treccia"
        data-price="4.24"
        data-id="32842"
        data-available="yes"
        data-category="6620"
        data-bestselling="">
    <a href="../aglio-treccia.html">
        <div style="background-image: url('../../cdn.spesati.com/images/products/473003/aglio-treccia-01.jpg')">
            <div class="hover"></div>
            
            <div class="stickers"></div>
        </div>
    </a>
    <div>
        <h4><a href="../aglio-treccia.html"><b>Aglio Treccia</b></a></h4>
        <p class="description">medium weight 0.500 Kg</p>
        <p class="right price"><b>4.24 €</b></p>
        <p class="right unitPrice">8.49 € per kg</p>
    </div>
    <div class="contButton">
    <a class="button bgRed white addToCart" href="#">Add</a>
</div>
</div><div class="left product prod76"
        data-name="Cipolle Tropea Rdg Agrod 390g"
        data-price="3.19"
        data-id="83432"
        data-available="yes"
        data-category="6655"
        data-bestselling="">
    <a href="../cipolle-tropea-rdg-agrod-390g.html">
        <div style="background-image: url('../../cdn.spesati.com/images/products/missing-image/missing-image.jpg')">
            <div class="hover"></div>
            
            <div class="stickers"></div>
        </div>
    </a>
    <div>
        <h4><a href="../cipolle-tropea-rdg-agrod-390g.html"><b>Cipolle Tropea Rdg Agrod 390g</b></a></h4>
        <p class="description">0.39 Kg</p>
        <p class="right price"><b>3.19 €</b></p>
        <p class="right unitPrice">8.18 € per kg</p>
    </div>
    <div class="contButton">
    <a class="button bgRed white addToCart" href="#">Add</a>
</div>
</div><div class="left product prod77"
        data-name="Patate Rosse Conf 1.5 Kg"
        data-price="2.59"
        data-id="84224"
        data-available="yes"
        data-category="6586"
        data-bestselling="">
    <a href="../patate-rosse-conf-15-kg.html">
        <div style="background-image: url('../../cdn.spesati.com/images/products/missing-image/missing-image.jpg')">
            <div class="hover"></div>
            
            <div class="stickers"></div>
        </div>
    </a>
    <div>
        <h4><a href="../patate-rosse-conf-15-kg.html"><b>Patate Rosse Conf 1.5 Kg</b></a></h4>
        <p class="description">1 piece</p>
        <p class="right price"><b>2.59 €</b></p>
        <p class="right unitPrice">2.59 € per piece</p>
    </div>
    <div class="contButton">
    <a class="button bgRed white addToCart" href="#">Add</a>
</div>
</div><div class="left product prod78"
        data-name="Peperoncini Piccanti Conf 2"
        data-price="6.58"
        data-id="84227"
        data-available="yes"
        data-category="4608"
        data-bestselling="">
    <a href="../peperoncini-piccanti-conf-2.html">
        <div style="background-image: url('../../cdn.spesati.com/images/products/missing-image/missing-image.jpg')">
            <div class="hover"></div>
            
            <div class="stickers"></div>
        </div>
    </a>
    <div>
        <h4><a href="../peperoncini-piccanti-conf-2.html"><b>Peperoncini Piccanti Conf 2</b></a></h4>
        <p class="description">0.1 Kg</p>
        <p class="right price"><b>6.58 €</b></p>
        <p class="right unitPrice">65.84 € per kg</p>
    </div>
    <div class="contButton">
    <a class="button bgRed white addToCart" href="#">Add</a>
</div>
</div><div class="left product prod79"
        data-name="Patate Bianche Sacco 10 Kg"
        data-price="12.48"
        data-id="33222"
        data-available="yes"
        data-category="6586"
        data-bestselling="">
    <a href="../patate-bianche-sacco-10-kg.html">
        <div style="background-image: url('../../cdn.spesati.com/images/products/missing-image/missing-image.jpg')">
            <div class="hover"></div>
            
            <div class="stickers"></div>
        </div>
    </a>
    <div>
        <h4><a href="../patate-bianche-sacco-10-kg.html"><b>Patate Bianche Sacco 10 Kg</b></a></h4>
        <p class="description">10 Kg</p>
        <p class="right price"><b>12.48 €</b></p>
        <p class="right unitPrice">12.48 € per piece</p>
    </div>
    <div class="contButton">
    <a class="button bgRed white addToCart" href="#">Add</a>
</div>
</div><div class="left product prod80"
        data-name="Peperoncini Tondi"
        data-price="0.80"
        data-id="33236"
        data-available="yes"
        data-category="6668"
        data-bestselling="">
    <a href="../peperoncini-tondi.html">
        <div style="background-image: url('../../cdn.spesati.com/images/products/missing-image/missing-image.jpg')">
            <div class="hover"></div>
            
            <div class="stickers"></div>
        </div>
    </a>
    <div>
        <h4><a href="../peperoncini-tondi.html"><b>Peperoncini Tondi</b></a></h4>
        <p class="description">madium weight 0.200 Kg</p>
        <p class="right price"><b>0.80 €</b></p>
        <p class="right unitPrice">3.99 € per kg</p>
    </div>
    <div class="contButton">
    <a class="button bgRed white addToCart" href="#">Add</a>
</div>
</div><div class="left product prod81"
        data-name="Pomodoro Insalataro Verde"
        data-price="2.22"
        data-id="33302"
        data-available="yes"
        data-category="6703"
        data-bestselling="">
    <a href="../pomodoro-insalataro-verde.html">
        <div style="background-image: url('../../cdn.spesati.com/images/products/missing-image/missing-image.jpg')">
            <div class="hover"></div>
            
            <div class="stickers"></div>
        </div>
    </a>
    <div>
        <h4><a href="../pomodoro-insalataro-verde.html"><b>Pomodoro Insalataro Verde</b></a></h4>
        <p class="description">medium weight 1 Kg</p>
        <p class="right price"><b>2.22 €</b></p>
        <p class="right unitPrice">2.22 € per kg</p>
    </div>
    <div class="contButton">
    <a class="button bgRed white addToCart" href="#">Add</a>
</div>
</div><div class="left product prod82"
        data-name="Pomodoro Cherry-datterino Conf"
        data-price="3.49"
        data-id="33327"
        data-available="yes"
        data-category="6703"
        data-bestselling="">
    <a href="../pomodoro-cherry-datterino-conf.html">
        <div style="background-image: url('../../cdn.spesati.com/images/products/missing-image/missing-image.jpg')">
            <div class="hover"></div>
            
            <div class="stickers"></div>
        </div>
    </a>
    <div>
        <h4><a href="../pomodoro-cherry-datterino-conf.html"><b>Pomodoro Cherry-datterino Conf</b></a></h4>
        <p class="description">1 piece</p>
        <p class="right price"><b>3.49 €</b></p>
        <p class="right unitPrice">3.49 € per piece</p>
    </div>
    <div class="contButton">
    <a class="button bgRed white addToCart" href="#">Add</a>
</div>
</div><div class="left product prod83"
        data-name="Pomodoro Datterino Conf 250 Gr"
        data-price="2.19"
        data-id="33330"
        data-available="yes"
        data-category="6703"
        data-bestselling="">
    <a href="../pomodoro-datterino-conf-250-gr.html">
        <div style="background-image: url('../../cdn.spesati.com/images/products/missing-image/missing-image.jpg')">
            <div class="hover"></div>
            
            <div class="stickers"></div>
        </div>
    </a>
    <div>
        <h4><a href="../pomodoro-datterino-conf-250-gr.html"><b>Pomodoro Datterino Conf 250 Gr</b></a></h4>
        <p class="description">0.25 Kg</p>
        <p class="right price"><b>2.19 €</b></p>
        <p class="right unitPrice">8.76 € per kg</p>
    </div>
    <div class="contButton">
    <a class="button bgRed white addToCart" href="#">Add</a>
</div>
</div><div class="left product prod84"
        data-name="Puntarelle"
        data-price="1.24"
        data-id="33358"
        data-available="yes"
        data-category="505329"
        data-bestselling="">
    <a href="../puntarelle.html">
        <div style="background-image: url('../../cdn.spesati.com/images/products/missing-image/missing-image.jpg')">
            <div class="hover"></div>
            
            <div class="stickers"></div>
        </div>
    </a>
    <div>
        <h4><a href="../puntarelle.html"><b>Puntarelle</b></a></h4>
        <p class="description">medium weight 0.500 Kg</p>
        <p class="right price"><b>1.24 €</b></p>
        <p class="right unitPrice">2.49 € per kg</p>
    </div>
    <div class="contButton">
    <a class="button bgRed white addToCart" href="#">Add</a>
</div>
</div><div class="left product prod85"
        data-name="Zucchine Bianche"
        data-price="2.99"
        data-id="33462"
        data-available="yes"
        data-category="5793"
        data-bestselling="6">
    <a href="../zucchine-bianche.html">
        <div style="background-image: url('../../cdn.spesati.com/images/products/missing-image/missing-image.jpg')">
            <div class="hover"></div>
            <p class="arrow bgRed white">Best Seller</p>
            <div class="stickers"></div>
        </div>
    </a>
    <div>
        <h4><a href="../zucchine-bianche.html"><b>Zucchine Bianche</b></a></h4>
        <p class="description">medium weight 1 Kg</p>
        <p class="right price"><b>2.99 €</b></p>
        <p class="right unitPrice">3.00 € per kg</p>
    </div>
    <div class="contButton">
    <a class="button bgRed white addToCart" href="#">Add</a>
</div>
</div><div class="left product prod86"
        data-name="Cavolfiore Giallo"
        data-price="3.79"
        data-id="32931"
        data-available="yes"
        data-category="6600"
        data-bestselling="">
    <a href="../cavolfiore-giallo.html">
        <div style="background-image: url('../../cdn.spesati.com/images/products/missing-image/missing-image.jpg')">
            <div class="hover"></div>
            
            <div class="stickers"></div>
        </div>
    </a>
    <div>
        <h4><a href="../cavolfiore-giallo.html"><b>Cavolfiore Giallo</b></a></h4>
        <p class="description">medium weight 1 Kg</p>
        <p class="right price"><b>3.79 €</b></p>
        <p class="right unitPrice">3.79 € per kg</p>
    </div>
    <div class="contButton">
    <a class="button bgRed white addToCart" href="#">Add</a>
</div>
</div><div class="left product prod87"
        data-name="Mais Pannocchie Conf"
        data-price="3.48"
        data-id="59835"
        data-available="yes"
        data-category="1534"
        data-bestselling="">
    <a href="../mais-pannocchie-conf.html">
        <div style="background-image: url('../../cdn.spesati.com/images/products/missing-image/missing-image.jpg')">
            <div class="hover"></div>
            
            <div class="stickers"></div>
        </div>
    </a>
    <div>
        <h4><a href="../mais-pannocchie-conf.html"><b>Mais Pannocchie Conf</b></a></h4>
        <p class="description">0.45 Kg</p>
        <p class="right price"><b>3.48 €</b></p>
        <p class="right unitPrice">7.73 € per kg</p>
    </div>
    <div class="contButton">
    <a class="button bgRed white addToCart" href="#">Add</a>
</div>
</div><div class="left product prod88"
        data-name="Cipolline Idp Agrodolce 290gr"
        data-price="1.99"
        data-id="69039"
        data-available="yes"
        data-category="6655"
        data-bestselling="">
    <a href="../cipolline-idp-agrodolce-290gr.html">
        <div style="background-image: url('../../cdn.spesati.com/images/products/missing-image/missing-image.jpg')">
            <div class="hover"></div>
            
            <div class="stickers"></div>
        </div>
    </a>
    <div>
        <h4><a href="../cipolline-idp-agrodolce-290gr.html"><b>Cipolline Idp Agrodolce 290gr</b></a></h4>
        <p class="description">0.29 Kg</p>
        <p class="right price"><b>1.99 €</b></p>
        <p class="right unitPrice">6.86 € per kg</p>
    </div>
    <div class="contButton">
    <a class="button bgRed white addToCart" href="#">Add</a>
</div>
</div><div class="left product prod89"
        data-name="Cipolle Fresche Mazzo"
        data-price="1.19"
        data-id="32953"
        data-available="yes"
        data-category="6655"
        data-bestselling="">
    <a href="../cipolle-fresche-mazzo.html">
        <div style="background-image: url('../../cdn.spesati.com/images/products/missing-image/missing-image.jpg')">
            <div class="hover"></div>
            
            <div class="stickers"></div>
        </div>
    </a>
    <div>
        <h4><a href="../cipolle-fresche-mazzo.html"><b>Cipolle Fresche Mazzo</b></a></h4>
        <p class="description">1 piece</p>
        <p class="right price"><b>1.19 €</b></p>
        <p class="right unitPrice">1.19 € per piece</p>
    </div>
    <div class="contButton">
    <a class="button bgRed white addToCart" href="#">Add</a>
</div>
</div><div class="left product prod90"
        data-name="Funghi Pleurotus Conf. 500 Gr"
        data-price="3.69"
        data-id="70245"
        data-available="yes"
        data-category="6653"
        data-bestselling="">
    <a href="../funghi-pleurotus-conf-500-gr.html">
        <div style="background-image: url('../../cdn.spesati.com/images/products/missing-image/missing-image.jpg')">
            <div class="hover"></div>
            
            <div class="stickers"></div>
        </div>
    </a>
    <div>
        <h4><a href="../funghi-pleurotus-conf-500-gr.html"><b>Funghi Pleurotus Conf. 500 Gr</b></a></h4>
        <p class="description">1 piece</p>
        <p class="right price"><b>3.69 €</b></p>
        <p class="right unitPrice">3.69 € per piece</p>
    </div>
    <div class="contButton">
    <a class="button bgRed white addToCart" href="#">Add</a>
</div>
</div><div class="left product prod91"
        data-name="Cipolle Bianche Sacco 10 Kg"
        data-price="1.79"
        data-id="32955"
        data-available="yes"
        data-category="6655"
        data-bestselling="">
    <a href="../cipolle-bianche-sacco-10-kg.html">
        <div style="background-image: url('../../cdn.spesati.com/images/products/missing-image/missing-image.jpg')">
            <div class="hover"></div>
            
            <div class="stickers"></div>
        </div>
    </a>
    <div>
        <h4><a href="../cipolle-bianche-sacco-10-kg.html"><b>Cipolle Bianche Sacco 10 Kg</b></a></h4>
        <p class="description">10 Kg</p>
        <p class="right price"><b>1.79 €</b></p>
        <p class="right unitPrice">1.79 € per piece</p>
    </div>
    <div class="contButton">
    <a class="button bgRed white addToCart" href="#">Add</a>
</div>
</div><div class="left product prod92"
        data-name="Melanzane Striate"
        data-price="3.79"
        data-id="70257"
        data-available="yes"
        data-category="6613"
        data-bestselling="">
    <a href="../melanzane-striate.html">
        <div style="background-image: url('../../cdn.spesati.com/images/products/missing-image/missing-image.jpg')">
            <div class="hover"></div>
            
            <div class="stickers"></div>
        </div>
    </a>
    <div>
        <h4><a href="../melanzane-striate.html"><b>Melanzane Striate</b></a></h4>
        <p class="description">1 Kg</p>
        <p class="right price"><b>3.79 €</b></p>
        <p class="right unitPrice">3.79 € per kg</p>
    </div>
    <div class="contButton">
    <a class="button bgRed white addToCart" href="#">Add</a>
</div>
</div><div class="left product prod93"
        data-name="Cavolfiore Verde"
        data-price="2.49"
        data-id="70308"
        data-available="yes"
        data-category="6600"
        data-bestselling="">
    <a href="../cavolfiore-verde.html">
        <div style="background-image: url('../../cdn.spesati.com/images/products/missing-image/missing-image.jpg')">
            <div class="hover"></div>
            
            <div class="stickers"></div>
        </div>
    </a>
    <div>
        <h4><a href="../cavolfiore-verde.html"><b>Cavolfiore Verde</b></a></h4>
        <p class="description">1 Kg</p>
        <p class="right price"><b>2.49 €</b></p>
        <p class="right unitPrice">2.49 € per kg</p>
    </div>
    <div class="contButton">
    <a class="button bgRed white addToCart" href="#">Add</a>
</div>
</div><div class="left product prod94"
        data-name="Cipolle Dorate Sacco 10 Kg"
        data-price="12.57"
        data-id="32959"
        data-available="yes"
        data-category="6655"
        data-bestselling="">
    <a href="../cipolle-dorate-sacco-10-kg.html">
        <div style="background-image: url('../../cdn.spesati.com/images/products/missing-image/missing-image.jpg')">
            <div class="hover"></div>
            
            <div class="stickers"></div>
        </div>
    </a>
    <div>
        <h4><a href="../cipolle-dorate-sacco-10-kg.html"><b>Cipolle Dorate Sacco 10 Kg</b></a></h4>
        <p class="description">10 Kg</p>
        <p class="right price"><b>12.57 €</b></p>
        <p class="right unitPrice">12.57 € per piece</p>
    </div>
    <div class="contButton">
    <a class="button bgRed white addToCart" href="#">Add</a>
</div>
</div><div class="left product prod95"
        data-name="Mirto Conf"
        data-price="1.29"
        data-id="70320"
        data-available="yes"
        data-category="4608"
        data-bestselling="">
    <a href="../mirto-conf.html">
        <div style="background-image: url('../../cdn.spesati.com/images/products/missing-image/missing-image.jpg')">
            <div class="hover"></div>
            
            <div class="stickers"></div>
        </div>
    </a>
    <div>
        <h4><a href="../mirto-conf.html"><b>Mirto Conf</b></a></h4>
        <p class="description">0.03 Kg</p>
        <p class="right price"><b>1.29 €</b></p>
        <p class="right unitPrice">42.98 € per kg</p>
    </div>
    <div class="contButton">
    <a class="button bgRed white addToCart" href="#">Add</a>
</div>
</div><div class="left product prod96"
        data-name="Cipolle Rosse Tropea Treccia"
        data-price="4.19"
        data-id="32964"
        data-available="yes"
        data-category="6655"
        data-bestselling="1">
    <a href="../cipolle-rosse-tropea-treccia.html">
        <div style="background-image: url('../../cdn.spesati.com/images/products/missing-image/missing-image.jpg')">
            <div class="hover"></div>
            <p class="arrow bgRed white">Best Seller</p>
            <div class="stickers"></div>
        </div>
    </a>
    <div>
        <h4><a href="../cipolle-rosse-tropea-treccia.html"><b>Cipolle Rosse Tropea Treccia</b></a></h4>
        <p class="description">medium weight 1 Kg</p>
        <p class="right price"><b>4.19 €</b></p>
        <p class="right unitPrice">4.19 € per kg</p>
    </div>
    <div class="contButton">
    <a class="button bgRed white addToCart" href="#">Add</a>
</div>
</div><div class="left product prod97"
        data-name="Cavolo Broccolo Conf"
        data-price="1.79"
        data-id="72400"
        data-available="yes"
        data-category="6592"
        data-bestselling="">
    <a href="../cavolo-broccolo-conf.html">
        <div style="background-image: url('../../cdn.spesati.com/images/products/missing-image/missing-image.jpg')">
            <div class="hover"></div>
            
            <div class="stickers"></div>
        </div>
    </a>
    <div>
        <h4><a href="../cavolo-broccolo-conf.html"><b>Cavolo Broccolo Conf</b></a></h4>
        <p class="description">0.5 Kg</p>
        <p class="right price"><b>1.79 €</b></p>
        <p class="right unitPrice">3.58 € per kg</p>
    </div>
    <div class="contButton">
    <a class="button bgRed white addToCart" href="#">Add</a>
</div>
</div><div class="left product prod98"
        data-name="Crauti Bianchi Rete"
        data-price="3.12"
        data-id="32976"
        data-available="yes"
        data-category="6592"
        data-bestselling="">
    <a href="../crauti-bianchi-rete.html">
        <div style="background-image: url('../../cdn.spesati.com/images/products/missing-image/missing-image.jpg')">
            <div class="hover"></div>
            
            <div class="stickers"></div>
        </div>
    </a>
    <div>
        <h4><a href="../crauti-bianchi-rete.html"><b>Crauti Bianchi Rete</b></a></h4>
        <p class="description">medium weight 1 Kg</p>
        <p class="right price"><b>3.12 €</b></p>
        <p class="right unitPrice">3.12 € per kg</p>
    </div>
    <div class="contButton">
    <a class="button bgRed white addToCart" href="#">Add</a>
</div>
</div><div class="left product prod99"
        data-name="Carciofi Vassoio 4 Teste Cdi"
        data-price="2.99"
        data-id="74857"
        data-available="yes"
        data-category="6570"
        data-bestselling="1">
    <a href="../carciofi-vassoio-4-teste-cdi.html">
        <div style="background-image: url('../../cdn.spesati.com/images/products/missing-image/missing-image.jpg')">
            <div class="hover"></div>
            <p class="arrow bgRed white">Best Seller</p>
            <div class="stickers"></div>
        </div>
    </a>
    <div>
        <h4><a href="../carciofi-vassoio-4-teste-cdi.html"><b>Carciofi Vassoio 4 Teste Cdi</b></a></h4>
        <p class="description">0.3 Kg</p>
        <p class="right price"><b>2.99 €</b></p>
        <p class="right unitPrice">9.96 € per kg</p>
    </div>
    <div class="contButton">
    <a class="button bgRed white addToCart" href="#">Add</a>
</div>
</div><div class="left product prod100"
        data-name="Crauti Rossi Rete"
        data-price="2.79"
        data-id="32977"
        data-available="yes"
        data-category="6592"
        data-bestselling="">
    <a href="../crauti-rossi-rete.html">
        <div style="background-image: url('../../cdn.spesati.com/images/products/missing-image/missing-image.jpg')">
            <div class="hover"></div>
            
            <div class="stickers"></div>
        </div>
    </a>
    <div>
        <h4><a href="../crauti-rossi-rete.html"><b>Crauti Rossi Rete</b></a></h4>
        <p class="description">medium weight 1 Kg</p>
        <p class="right price"><b>2.79 €</b></p>
        <p class="right unitPrice">2.79 € per kg</p>
    </div>
    <div class="contButton">
    <a class="button bgRed white addToCart" href="#">Add</a>
</div>
</div><div class="left product prod101"
        data-name="Insalata Indivia Riccia 4"
        data-price="24.08"
        data-id="76622"
        data-available="yes"
        data-category="6637"
        data-bestselling="">
    <a href="../insalata-indivia-riccia-4.html">
        <div style="background-image: url('../../cdn.spesati.com/images/products/missing-image/missing-image.jpg')">
            <div class="hover"></div>
            
            <div class="stickers"></div>
        </div>
    </a>
    <div>
        <h4><a href="../insalata-indivia-riccia-4.html"><b>Insalata Indivia Riccia 4</b></a></h4>
        <p class="description">1 Kg</p>
        <p class="right price"><b>24.08 €</b></p>
        <p class="right unitPrice">3.89 € per kg</p>
    </div>
    <div class="contButton">
    <a class="button bgRed white addToCart" href="#">Add</a>
</div>
</div><div class="left product prod102"
        data-name="Fagioli Borlotti"
        data-price="3.00"
        data-id="32986"
        data-available="yes"
        data-category="431"
        data-bestselling="">
    <a href="../fagioli-borlotti.html">
        <div style="background-image: url('../../cdn.spesati.com/images/products/missing-image/missing-image.jpg')">
            <div class="hover"></div>
            
            <div class="stickers"></div>
        </div>
    </a>
    <div>
        <h4><a href="../fagioli-borlotti.html"><b>Fagioli Borlotti</b></a></h4>
        <p class="description">medium weight 0.500 Kg</p>
        <p class="right price"><b>3.00 €</b></p>
        <p class="right unitPrice">5.99 € per kg</p>
    </div>
    <div class="contButton">
    <a class="button bgRed white addToCart" href="#">Add</a>
</div>
</div><div class="left product prod103"
        data-name="Radicchio Lungo 2"
        data-price="6.24"
        data-id="76637"
        data-available="yes"
        data-category="6637"
        data-bestselling="">
    <a href="../radicchio-lungo-2.html">
        <div style="background-image: url('../../cdn.spesati.com/images/products/missing-image/missing-image.jpg')">
            <div class="hover"></div>
            
            <div class="stickers"></div>
        </div>
    </a>
    <div>
        <h4><a href="../radicchio-lungo-2.html"><b>Radicchio Lungo 2</b></a></h4>
        <p class="description">1 Kg</p>
        <p class="right price"><b>6.24 €</b></p>
        <p class="right unitPrice">6.24 € per kg</p>
    </div>
    <div class="contButton">
    <a class="button bgRed white addToCart" href="#">Add</a>
</div>
</div><div class="left product prod104"
        data-name="Cavoli Cappucci Rossi 2"
        data-price="2.18"
        data-id="77149"
        data-available="yes"
        data-category="6592"
        data-bestselling="">
    <a href="../cavoli-cappucci-rossi-2.html">
        <div style="background-image: url('../../cdn.spesati.com/images/products/missing-image/missing-image.jpg')">
            <div class="hover"></div>
            
            <div class="stickers"></div>
        </div>
    </a>
    <div>
        <h4><a href="../cavoli-cappucci-rossi-2.html"><b>Cavoli Cappucci Rossi 2</b></a></h4>
        <p class="description">1 Kg</p>
        <p class="right price"><b>2.18 €</b></p>
        <p class="right unitPrice">2.18 € per kg</p>
    </div>
    <div class="contButton">
    <a class="button bgRed white addToCart" href="#">Add</a>
</div>
</div><div class="left product prod105"
        data-name="Fiori Di Zucca Conf 1"
        data-price="3.19"
        data-id="33001"
        data-available="yes"
        data-category="5793"
        data-bestselling="">
    <a href="../fiori-di-zucca-conf-1.html">
        <div style="background-image: url('../../cdn.spesati.com/images/products/missing-image/missing-image.jpg')">
            <div class="hover"></div>
            
            <div class="stickers"></div>
        </div>
    </a>
    <div>
        <h4><a href="../fiori-di-zucca-conf-1.html"><b>Fiori Di Zucca Conf 1</b></a></h4>
        <p class="description">0.08 Kg</p>
        <p class="right price"><b>3.19 €</b></p>
        <p class="right unitPrice">39.87 € per kg</p>
    </div>
    <div class="contButton">
    <a class="button bgRed white addToCart" href="#">Add</a>
</div>
</div><div class="left product prod106"
        data-name="Funghi Champignon Bianchi Conf"
        data-price="2.59"
        data-id="33010"
        data-available="yes"
        data-category="6653"
        data-bestselling="">
    <a href="../funghi-champignon-bianchi-conf.html">
        <div style="background-image: url('../../cdn.spesati.com/images/products/missing-image/missing-image.jpg')">
            <div class="hover"></div>
            
            <div class="stickers"></div>
        </div>
    </a>
    <div>
        <h4><a href="../funghi-champignon-bianchi-conf.html"><b>Funghi Champignon Bianchi Conf</b></a></h4>
        <p class="description">0.4 Kg</p>
        <p class="right price"><b>2.59 €</b></p>
        <p class="right unitPrice">6.48 € per kg</p>
    </div>
    <div class="contButton">
    <a class="button bgRed white addToCart" href="#">Add</a>
</div>
</div><div class="left product prod107"
        data-name="Funghi Champ. Bianchi Fiorone"
        data-price="2.19"
        data-id="33011"
        data-available="yes"
        data-category="6653"
        data-bestselling="">
    <a href="../funghi-champ-bianchi-fiorone.html">
        <div style="background-image: url('../../cdn.spesati.com/images/products/missing-image/missing-image.jpg')">
            <div class="hover"></div>
            
            <div class="stickers"></div>
        </div>
    </a>
    <div>
        <h4><a href="../funghi-champ-bianchi-fiorone.html"><b>Funghi Champ. Bianchi Fiorone</b></a></h4>
        <p class="description">medium weight 0.500 Kg</p>
        <p class="right price"><b>2.19 €</b></p>
        <p class="right unitPrice">4.39 € per kg</p>
    </div>
    <div class="contButton">
    <a class="button bgRed white addToCart" href="#">Add</a>
</div>
</div><div class="left product prod108"
        data-name="Funghi Champignon Crema"
        data-price="2.40"
        data-id="33013"
        data-available="yes"
        data-category="6653"
        data-bestselling="">
    <a href="../funghi-champignon-crema.html">
        <div style="background-image: url('../../cdn.spesati.com/images/products/missing-image/missing-image.jpg')">
            <div class="hover"></div>
            
            <div class="stickers"></div>
        </div>
    </a>
    <div>
        <h4><a href="../funghi-champignon-crema.html"><b>Funghi Champignon Crema</b></a></h4>
        <p class="description">medium weight 0.500 Kg</p>
        <p class="right price"><b>2.40 €</b></p>
        <p class="right unitPrice">4.79 € per kg</p>
    </div>
    <div class="contButton">
    <a class="button bgRed white addToCart" href="#">Add</a>
</div>
</div><div class="left product prod109"
        data-name="Funghi Pioppini Conf."
        data-price="3.99"
        data-id="33016"
        data-available="yes"
        data-category="6653"
        data-bestselling="">
    <a href="../funghi-pioppini-conf.html">
        <div style="background-image: url('../../cdn.spesati.com/images/products/missing-image/missing-image.jpg')">
            <div class="hover"></div>
            
            <div class="stickers"></div>
        </div>
    </a>
    <div>
        <h4><a href="../funghi-pioppini-conf.html"><b>Funghi Pioppini Conf.</b></a></h4>
        <p class="description">0.25 Kg</p>
        <p class="right price"><b>3.99 €</b></p>
        <p class="right unitPrice">15.96 € per kg</p>
    </div>
    <div class="contButton">
    <a class="button bgRed white addToCart" href="#">Add</a>
</div>
</div><div class="left product prod110"
        data-name="Cicoria"
        data-price="2.59"
        data-id="78797"
        data-available="yes"
        data-category="6717"
        data-bestselling="">
    <a href="../cicoria.html">
        <div style="background-image: url('../../cdn.spesati.com/images/products/missing-image/missing-image.jpg')">
            <div class="hover"></div>
            
            <div class="stickers"></div>
        </div>
    </a>
    <div>
        <h4><a href="../cicoria.html"><b>Cicoria</b></a></h4>
        <p class="description">1 Kg</p>
        <p class="right price"><b>2.59 €</b></p>
        <p class="right unitPrice">2.59 € per kg</p>
    </div>
    <div class="contButton">
    <a class="button bgRed white addToCart" href="#">Add</a>
</div>
</div><div class="left product prod111"
        data-name="Funghi Poker Conf."
        data-price="2.99"
        data-id="33018"
        data-available="yes"
        data-category="6653"
        data-bestselling="">
    <a href="../funghi-poker-conf.html">
        <div style="background-image: url('../../cdn.spesati.com/images/products/missing-image/missing-image.jpg')">
            <div class="hover"></div>
            
            <div class="stickers"></div>
        </div>
    </a>
    <div>
        <h4><a href="../funghi-poker-conf.html"><b>Funghi Poker Conf.</b></a></h4>
        <p class="description">0.3 Kg</p>
        <p class="right price"><b>2.99 €</b></p>
        <p class="right unitPrice">9.96 € per kg</p>
    </div>
    <div class="contButton">
    <a class="button bgRed white addToCart" href="#">Add</a>
</div>
</div><div class="left product prod112"
        data-name="Insalata Indivia Belga Sfusa"
        data-price="2.18"
        data-id="33034"
        data-available="yes"
        data-category="6637"
        data-bestselling="1">
    <a href="../insalata-indivia-belga-sfusa.html">
        <div style="background-image: url('../../cdn.spesati.com/images/products/missing-image/missing-image.jpg')">
            <div class="hover"></div>
            <p class="arrow bgRed white">Best Seller</p>
            <div class="stickers"></div>
        </div>
    </a>
    <div>
        <h4><a href="../insalata-indivia-belga-sfusa.html"><b>Insalata Indivia Belga Sfusa</b></a></h4>
        <p class="description">medium weight 0.500 Kg</p>
        <p class="right price"><b>2.18 €</b></p>
        <p class="right unitPrice">4.35 € per kg</p>
    </div>
    <div class="contButton">
    <a class="button bgRed white addToCart" href="#">Add</a>
</div>
</div><div class="left product prod113"
        data-name="Insalata Lattuga Foglia Di Que"
        data-price="1.84"
        data-id="33040"
        data-available="yes"
        data-category="6637"
        data-bestselling="">
    <a href="../insalata-lattuga-foglia-di-que.html">
        <div style="background-image: url('../../cdn.spesati.com/images/products/missing-image/missing-image.jpg')">
            <div class="hover"></div>
            
            <div class="stickers"></div>
        </div>
    </a>
    <div>
        <h4><a href="../insalata-lattuga-foglia-di-que.html"><b>Insalata Lattuga Foglia Di Que</b></a></h4>
        <p class="description">medium weight 0.500 Kg</p>
        <p class="right price"><b>1.84 €</b></p>
        <p class="right unitPrice">3.69 € per kg</p>
    </div>
    <div class="contButton">
    <a class="button bgRed white addToCart" href="#">Add</a>
</div>
</div><div class="left product prod114"
        data-name="Insalata Indivia Scarola"
        data-price="0.99"
        data-id="33046"
        data-available="yes"
        data-category="6637"
        data-bestselling="">
    <a href="../insalata-indivia-scarola.html">
        <div style="background-image: url('../../cdn.spesati.com/images/products/missing-image/missing-image.jpg')">
            <div class="hover"></div>
            
            <div class="stickers"></div>
        </div>
    </a>
    <div>
        <h4><a href="../insalata-indivia-scarola.html"><b>Insalata Indivia Scarola</b></a></h4>
        <p class="description">medium weight 0.500 Kg</p>
        <p class="right price"><b>0.99 €</b></p>
        <p class="right unitPrice">1.99 € per kg</p>
    </div>
    <div class="contButton">
    <a class="button bgRed white addToCart" href="#">Add</a>
</div>
</div><div class="left product prod115"
        data-name="Insalata Lattuga Cappuccina"
        data-price="1.48"
        data-id="33047"
        data-available="yes"
        data-category="6637"
        data-bestselling="">
    <a href="../insalata-lattuga-cappuccina.html">
        <div style="background-image: url('../../cdn.spesati.com/images/products/missing-image/missing-image.jpg')">
            <div class="hover"></div>
            
            <div class="stickers"></div>
        </div>
    </a>
    <div>
        <h4><a href="../insalata-lattuga-cappuccina.html"><b>Insalata Lattuga Cappuccina</b></a></h4>
        <p class="description">medium weight 0.500 Kg</p>
        <p class="right price"><b>1.48 €</b></p>
        <p class="right unitPrice">2.96 € per kg</p>
    </div>
    <div class="contButton">
    <a class="button bgRed white addToCart" href="#">Add</a>
</div>
</div><div class="left product prod116"
        data-name="Insalata Lattuga Pandizucchero"
        data-price="1.45"
        data-id="33052"
        data-available="yes"
        data-category="6637"
        data-bestselling="">
    <a href="../insalata-lattuga-pandizucchero.html">
        <div style="background-image: url('../../cdn.spesati.com/images/products/missing-image/missing-image.jpg')">
            <div class="hover"></div>
            
            <div class="stickers"></div>
        </div>
    </a>
    <div>
        <h4><a href="../insalata-lattuga-pandizucchero.html"><b>Insalata Lattuga Pandizucchero</b></a></h4>
        <p class="description">medium weight 0.500 Kg</p>
        <p class="right price"><b>1.45 €</b></p>
        <p class="right unitPrice">2.89 € per kg</p>
    </div>
    <div class="contButton">
    <a class="button bgRed white addToCart" href="#">Add</a>
</div>
</div><div class="left product prod117"
        data-name="Patate Lavate Cassa"
        data-price="2.38"
        data-id="33207"
        data-available="yes"
        data-category="6586"
        data-bestselling="">
    <a href="../patate-lavate-cassa.html">
        <div style="background-image: url('../../cdn.spesati.com/images/products/missing-image/missing-image.jpg')">
            <div class="hover"></div>
            
            <div class="stickers"></div>
        </div>
    </a>
    <div>
        <h4><a href="../patate-lavate-cassa.html"><b>Patate Lavate Cassa</b></a></h4>
        <p class="description">medium weight 2 Kg</p>
        <p class="right price"><b>2.38 €</b></p>
        <p class="right unitPrice">1.19 € per kg</p>
    </div>
    <div class="contButton">
    <a class="button bgRed white addToCart" href="#">Add</a>
</div>
</div><div class="left product prod118"
        data-name="Patate Agata 10kg"
        data-price="15.60"
        data-id="33214"
        data-available="yes"
        data-category="6586"
        data-bestselling="">
    <a href="../patate-agata-10kg.html">
        <div style="background-image: url('../../cdn.spesati.com/images/products/missing-image/missing-image.jpg')">
            <div class="hover"></div>
            
            <div class="stickers"></div>
        </div>
    </a>
    <div>
        <h4><a href="../patate-agata-10kg.html"><b>Patate Agata 10kg</b></a></h4>
        <p class="description">10 Kg</p>
        <p class="right price"><b>15.60 €</b></p>
        <p class="right unitPrice">1.56 € per kg</p>
    </div>
    <div class="contButton">
    <a class="button bgRed white addToCart" href="#">Add</a>
</div>
</div><div class="left product prod119"
        data-name="Patate Gavoi Sacco 4kg"
        data-price="6.99"
        data-id="33216"
        data-available="yes"
        data-category="6586"
        data-bestselling="">
    <a href="../patate-gavoi-sacco-4kg.html">
        <div style="background-image: url('../../cdn.spesati.com/images/products/missing-image/missing-image.jpg')">
            <div class="hover"></div>
            
            <div class="stickers"></div>
        </div>
    </a>
    <div>
        <h4><a href="../patate-gavoi-sacco-4kg.html"><b>Patate Gavoi Sacco 4kg</b></a></h4>
        <p class="description">3 Kg</p>
        <p class="right price"><b>6.99 €</b></p>
        <p class="right unitPrice">6.99 € per piece</p>
    </div>
    <div class="contButton">
    <a class="button bgRed white addToCart" href="#">Add</a>
</div>
</div><div class="left product prod120"
        data-name="Patate Bianche Sacco 4 Kg."
        data-price="4.59"
        data-id="33217"
        data-available="yes"
        data-category="6586"
        data-bestselling="1">
    <a href="../patate-bianche-sacco-4-kg.html">
        <div style="background-image: url('../../cdn.spesati.com/images/products/missing-image/missing-image.jpg')">
            <div class="hover"></div>
            <p class="arrow bgRed white">Best Seller</p>
            <div class="stickers"></div>
        </div>
    </a>
    <div>
        <h4><a href="../patate-bianche-sacco-4-kg.html"><b>Patate Bianche Sacco 4 Kg.</b></a></h4>
        <p class="description">4 Kg</p>
        <p class="right price"><b>4.59 €</b></p>
        <p class="right unitPrice">1.14 € per kg</p>
    </div>
    <div class="contButton">
    <a class="button bgRed white addToCart" href="#">Add</a>
</div>
</div><div class="left product prod121"
        data-name="Pomodoro San Marzano Cat II Prov Ita"
        data-price="1.89"
        data-id="5022"
        data-available="no"
        data-category="6703"
        data-bestselling="">
    <a href="../pomodoro-san-marzano-cat-ii-prov-ita.html">
        <div style="background-image: url('../../cdn.spesati.com/images/products/fl250/pomodoro-san-marzano-01.jpg')">
            <div class="hover"></div>
            
            <div class="stickers"></div>
        </div>
    </a>
    <div>
        <h4><a href="../pomodoro-san-marzano-cat-ii-prov-ita.html"><b>Pomodoro San Marzano Cat II Prov Ita</b></a></h4>
        <p class="description">medium weight 1 Kg</p>
        <p class="right price"><b>1.89 €</b></p>
        <p class="right unitPrice">1.89 € per kg</p>
    </div>
    <div class="notAvailable">
    <a class="button bgDarkGrey white" href="../pomodoro-san-marzano-cat-ii-prov-ita.html">Not available</a>
</div>
</div><div class="left product prod122"
        data-name="Pomodoro Piccadilly Cat II Prov Italia"
        data-price="1.29"
        data-id="5032"
        data-available="no"
        data-category="6703"
        data-bestselling="">
    <a href="../pomodoro-piccadilly-cat-ii-prov-italia.html">
        <div style="background-image: url('../../cdn.spesati.com/images/products/98060401/pomodoro-piccadilly-cat-01.jpg')">
            <div class="hover"></div>
            
            <div class="stickers"></div>
        </div>
    </a>
    <div>
        <h4><a href="../pomodoro-piccadilly-cat-ii-prov-italia.html"><b>Pomodoro Piccadilly Cat II Prov Italia</b></a></h4>
        <p class="description">medium weight 1 Kg</p>
        <p class="right price"><b>1.29 €</b></p>
        <p class="right unitPrice">1.29 € per kg</p>
    </div>
    <div class="notAvailable">
    <a class="button bgDarkGrey white" href="../pomodoro-piccadilly-cat-ii-prov-italia.html">Not available</a>
</div>
</div><div class="left product prod123"
        data-name="Aglio Cat.Ii Prov.Es"
        data-price="1.79"
        data-id="3172"
        data-available="no"
        data-category="6620"
        data-bestselling="">
    <a href="../aglio-catii-proves.html">
        <div style="background-image: url('../../cdn.spesati.com/images/products/98011002/aglio-catii-proves.jpg')">
            <div class="hover"></div>
            
            <div class="stickers"></div>
        </div>
    </a>
    <div>
        <h4><a href="../aglio-catii-proves.html"><b>Aglio Cat.Ii Prov.Es</b></a></h4>
        <p class="description">0.2 Kg</p>
        <p class="right price"><b>1.79 €</b></p>
        <p class="right unitPrice">8.95 € per kg</p>
    </div>
    <div class="notAvailable">
    <a class="button bgDarkGrey white" href="../aglio-catii-proves.html">Not available</a>
</div>
</div><div class="left product prod124"
        data-name="Pomodoro Tondo Insalata"
        data-price="2.59"
        data-id="3366"
        data-available="no"
        data-category="6703"
        data-bestselling="">
    <a href="../pomodoro-tondo-insalata.html">
        <div style="background-image: url('../../cdn.spesati.com/images/products/58357301/pom-tondi-insalata.jpg')">
            <div class="hover"></div>
            
            <div class="stickers"></div>
        </div>
    </a>
    <div>
        <h4><a href="../pomodoro-tondo-insalata.html"><b>Pomodoro Tondo Insalata</b></a></h4>
        <p class="description">medium weight 1 Kg</p>
        <p class="right price"><b>2.59 €</b></p>
        <p class="right unitPrice">2.59 € per kg</p>
    </div>
    <div class="notAvailable">
    <a class="button bgDarkGrey white" href="../pomodoro-tondo-insalata.html">Not available</a>
</div>
</div><div class="left product prod125"
        data-name="Pomodoro Grappolo 1"
        data-price="1.99"
        data-id="33334"
        data-available="no"
        data-category="6703"
        data-bestselling="">
    <a href="../pomodoro-grappolo-1.html">
        <div style="background-image: url('../../cdn.spesati.com/images/products/474135/pomodoro-grappolo-1-01.jpg')">
            <div class="hover"></div>
            
            <div class="stickers"></div>
        </div>
    </a>
    <div>
        <h4><a href="../pomodoro-grappolo-1.html"><b>Pomodoro Grappolo 1</b></a></h4>
        <p class="description">medium weight 1 Kg</p>
        <p class="right price"><b>1.99 €</b></p>
        <p class="right unitPrice">1.99 € per kg</p>
    </div>
    <div class="notAvailable">
    <a class="button bgDarkGrey white" href="../pomodoro-grappolo-1.html">Not available</a>
</div>
</div><div class="left product prod126"
        data-name="Pomodoro Oblungo"
        data-price="3.29"
        data-id="33319"
        data-available="no"
        data-category="6703"
        data-bestselling="">
    <a href="../pomodoro-oblungo.html">
        <div style="background-image: url('../../cdn.spesati.com/images/products/474112/pomodoro-oblungo-01.jpg')">
            <div class="hover"></div>
            
            <div class="stickers"></div>
        </div>
    </a>
    <div>
        <h4><a href="../pomodoro-oblungo.html"><b>Pomodoro Oblungo</b></a></h4>
        <p class="description">medium weight 1 Kg</p>
        <p class="right price"><b>3.29 €</b></p>
        <p class="right unitPrice">3.29 € per kg</p>
    </div>
    <div class="notAvailable">
    <a class="button bgDarkGrey white" href="../pomodoro-oblungo.html">Not available</a>
</div>
</div><div class="left product prod127"
        data-name="Pomodoro Camonium Conf.500 Gr"
        data-price="3.79"
        data-id="33318"
        data-available="no"
        data-category="6703"
        data-bestselling="2">
    <a href="../pomodoro-camonium-conf500-gr.html">
        <div style="background-image: url('../../cdn.spesati.com/images/products/474108/pomodoro-camonium-conf-01.jpg')">
            <div class="hover"></div>
            <p class="arrow bgRed white">Best Seller</p>
            <div class="stickers"></div>
        </div>
    </a>
    <div>
        <h4><a href="../pomodoro-camonium-conf500-gr.html"><b>Pomodoro Camonium Conf.500 Gr</b></a></h4>
        <p class="description">0.5 Kg</p>
        <p class="right price"><b>3.79 €</b></p>
        <p class="right unitPrice">7.58 € per kg</p>
    </div>
    <div class="notAvailable">
    <a class="button bgDarkGrey white" href="../pomodoro-camonium-conf500-gr.html">Not available</a>
</div>
</div><div class="left product prod128"
        data-name="Patate Crips4all Sfuse"
        data-price="3.38"
        data-id="33212"
        data-available="no"
        data-category="6586"
        data-bestselling="">
    <a href="../patate-crips4all-sfuse.html">
        <div style="background-image: url('../../cdn.spesati.com/images/products/473873/patate-crips4ll-conf-01.jpg')">
            <div class="hover"></div>
            
            <div class="stickers"></div>
        </div>
    </a>
    <div>
        <h4><a href="../patate-crips4all-sfuse.html"><b>Patate Crips4all Sfuse</b></a></h4>
        <p class="description">medium weight 2 Kg</p>
        <p class="right price"><b>3.38 €</b></p>
        <p class="right unitPrice">1.70 € per kg</p>
    </div>
    <div class="notAvailable">
    <a class="button bgDarkGrey white" href="../patate-crips4all-sfuse.html">Not available</a>
</div>
</div><div class="left product prod129"
        data-name="Melanzane Nere 2"
        data-price="2.89"
        data-id="33097"
        data-available="no"
        data-category="6613"
        data-bestselling="">
    <a href="../melanzane-nere-2.html">
        <div style="background-image: url('../../cdn.spesati.com/images/products/473536/melanzane-nere-2-01.jpg')">
            <div class="hover"></div>
            
            <div class="stickers"></div>
        </div>
    </a>
    <div>
        <h4><a href="../melanzane-nere-2.html"><b>Melanzane Nere 2</b></a></h4>
        <p class="description">medium weight 1 Kg</p>
        <p class="right price"><b>2.89 €</b></p>
        <p class="right unitPrice">2.89 € per kg</p>
    </div>
    <div class="notAvailable">
    <a class="button bgDarkGrey white" href="../melanzane-nere-2.html">Not available</a>
</div>
</div><div class="left product prod130"
        data-name="Insalata Lattuga Iceberg"
        data-price="1.15"
        data-id="33041"
        data-available="no"
        data-category="6637"
        data-bestselling="">
    <a href="../insalata-lattuga-iceberg.html">
        <div style="background-image: url('../../cdn.spesati.com/images/products/473415/insalata-lattuga-iceberg-01.jpg')">
            <div class="hover"></div>
            
            <div class="stickers"></div>
        </div>
    </a>
    <div>
        <h4><a href="../insalata-lattuga-iceberg.html"><b>Insalata Lattuga Iceberg</b></a></h4>
        <p class="description">medium weight 0.500 Kg</p>
        <p class="right price"><b>1.15 €</b></p>
        <p class="right unitPrice">2.29 € per kg</p>
    </div>
    <div class="notAvailable">
    <a class="button bgDarkGrey white" href="../insalata-lattuga-iceberg.html">Not available</a>
</div>
</div><div class="left product prod131"
        data-name="Cavolo Cinese 1"
        data-price="1.99"
        data-id="33039"
        data-available="no"
        data-category="6592"
        data-bestselling="">
    <a href="../cavolo-cinese-1.html">
        <div style="background-image: url('../../cdn.spesati.com/images/products/473406/cavolo-cinese-1-01.jpg')">
            <div class="hover"></div>
            
            <div class="stickers"></div>
        </div>
    </a>
    <div>
        <h4><a href="../cavolo-cinese-1.html"><b>Cavolo Cinese 1</b></a></h4>
        <p class="description">medium weight 1 Kg</p>
        <p class="right price"><b>1.99 €</b></p>
        <p class="right unitPrice">1.99 € per kg</p>
    </div>
    <div class="notAvailable">
    <a class="button bgDarkGrey white" href="../cavolo-cinese-1.html">Not available</a>
</div>
</div><div class="left product prod132"
        data-name="Cipolle Dorate 1kg"
        data-price="1.39"
        data-id="32958"
        data-available="no"
        data-category="6655"
        data-bestselling="">
    <a href="../cipolle-dorate-1kg.html">
        <div style="background-image: url('../../cdn.spesati.com/images/products/473188/cipolle-dorate-1kg-01.jpg')">
            <div class="hover"></div>
            
            <div class="stickers"></div>
        </div>
    </a>
    <div>
        <h4><a href="../cipolle-dorate-1kg.html"><b>Cipolle Dorate 1kg</b></a></h4>
        <p class="description">1 Kg</p>
        <p class="right price"><b>1.39 €</b></p>
        <p class="right unitPrice">1.39 € per kg</p>
    </div>
    <div class="notAvailable">
    <a class="button bgDarkGrey white" href="../cipolle-dorate-1kg.html">Not available</a>
</div>
</div><div class="left product prod133"
        data-name="Cicoria Catalogna"
        data-price="2.09"
        data-id="32924"
        data-available="no"
        data-category="6717"
        data-bestselling="">
    <a href="../cicoria-catalogna.html">
        <div style="background-image: url('../../cdn.spesati.com/images/products/473127/cicoria-catalogna-01.jpg')">
            <div class="hover"></div>
            
            <div class="stickers"></div>
        </div>
    </a>
    <div>
        <h4><a href="../cicoria-catalogna.html"><b>Cicoria Catalogna</b></a></h4>
        <p class="description">medium weight 0.700 Kg</p>
        <p class="right price"><b>2.09 €</b></p>
        <p class="right unitPrice">3.00 € per kg</p>
    </div>
    <div class="notAvailable">
    <a class="button bgDarkGrey white" href="../cicoria-catalogna.html">Not available</a>
</div>
</div><div class="left product prod134"
        data-name="Asparagi Coltivati 1"
        data-price="4.29"
        data-id="32875"
        data-available="no"
        data-category="6568"
        data-bestselling="">
    <a href="../asparagi-coltivati-1.html">
        <div style="background-image: url('../../cdn.spesati.com/images/products/473047/asparagi-coltivati-1-01.jpg')">
            <div class="hover"></div>
            
            <div class="stickers"></div>
        </div>
    </a>
    <div>
        <h4><a href="../asparagi-coltivati-1.html"><b>Asparagi Coltivati 1</b></a></h4>
        <p class="description">1 piece</p>
        <p class="right price"><b>4.29 €</b></p>
        <p class="right unitPrice">4.30 € per piece</p>
    </div>
    <div class="notAvailable">
    <a class="button bgDarkGrey white" href="../asparagi-coltivati-1.html">Not available</a>
</div>
</div><div class="left product prod135"
        data-name="Aglio Trecce"
        data-price="4.68"
        data-id="3173"
        data-available="no"
        data-category="6620"
        data-bestselling="">
    <a href="../aglio-trecce.html">
        <div style="background-image: url('../../cdn.spesati.com/images/products/2381601/aglio-trecce-cat.jpg')">
            <div class="hover"></div>
            
            <div class="stickers"></div>
        </div>
    </a>
    <div>
        <h4><a href="../aglio-trecce.html"><b>Aglio Trecce</b></a></h4>
        <p class="description">medium weight 0.200 Kg</p>
        <p class="right price"><b>4.68 €</b></p>
        <p class="right unitPrice">23.39 € per kg</p>
    </div>
    <div class="notAvailable">
    <a class="button bgDarkGrey white" href="../aglio-trecce.html">Not available</a>
</div>
</div><div class="left product prod136"
        data-name="Pomodoro Cherry 500gr."
        data-price="2.59"
        data-id="79033"
        data-available="no"
        data-category="6703"
        data-bestselling="">
    <a href="../pomodoro-cherry-500gr.html">
        <div style="background-image: url('../../cdn.spesati.com/images/products/missing-image/missing-image.jpg')">
            <div class="hover"></div>
            
            <div class="stickers"></div>
        </div>
    </a>
    <div>
        <h4><a href="../pomodoro-cherry-500gr.html"><b>Pomodoro Cherry 500gr.</b></a></h4>
        <p class="description">0.5 Kg</p>
        <p class="right price"><b>2.59 €</b></p>
        <p class="right unitPrice">5.18 € per kg</p>
    </div>
    <div class="notAvailable">
    <a class="button bgDarkGrey white" href="../pomodoro-cherry-500gr.html">Not available</a>
</div>
</div><div class="left product prod137"
        data-name="Asparagi Conf 250gr"
        data-price="3.89"
        data-id="79450"
        data-available="no"
        data-category="6568"
        data-bestselling="">
    <a href="../asparagi-conf-250gr.html">
        <div style="background-image: url('../../cdn.spesati.com/images/products/missing-image/missing-image.jpg')">
            <div class="hover"></div>
            
            <div class="stickers"></div>
        </div>
    </a>
    <div>
        <h4><a href="../asparagi-conf-250gr.html"><b>Asparagi Conf 250gr</b></a></h4>
        <p class="description">0.25 Kg</p>
        <p class="right price"><b>3.89 €</b></p>
        <p class="right unitPrice">15.56 € per kg</p>
    </div>
    <div class="notAvailable">
    <a class="button bgDarkGrey white" href="../asparagi-conf-250gr.html">Not available</a>
</div>
</div><div class="left product prod138"
        data-name="11874"
        data-price="1.97"
        data-id="84956"
        data-available="no"
        data-category="6570"
        data-bestselling="">
    <a href="../11874.html">
        <div style="background-image: url('../../cdn.spesati.com/images/products/missing-image/missing-image.jpg')">
            <div class="hover"></div>
            
            <div class="stickers"></div>
        </div>
    </a>
    <div>
        <h4><a href="../11874.html"><b>11874</b></a></h4>
        <p class="description">0.02 Kg</p>
        <p class="right price"><b>1.97 €</b></p>
        <p class="right unitPrice">98.44 € per kg</p>
    </div>
    <div class="notAvailable">
    <a class="button bgDarkGrey white" href="../11874.html">Not available</a>
</div>
</div><div class="left product prod139"
        data-name="11875"
        data-price="1.87"
        data-id="84959"
        data-available="no"
        data-category="6570"
        data-bestselling="">
    <a href="../11875.html">
        <div style="background-image: url('../../cdn.spesati.com/images/products/missing-image/missing-image.jpg')">
            <div class="hover"></div>
            
            <div class="stickers"></div>
        </div>
    </a>
    <div>
        <h4><a href="../11875.html"><b>11875</b></a></h4>
        <p class="description">0.03 Kg</p>
        <p class="right price"><b>1.87 €</b></p>
        <p class="right unitPrice">62.35 € per kg</p>
    </div>
    <div class="notAvailable">
    <a class="button bgDarkGrey white" href="../11875.html">Not available</a>
</div>
</div><div class="left product prod140"
        data-name="Patate Rosse Sacco 10 Kg"
        data-price="1.49"
        data-id="33221"
        data-available="no"
        data-category="6586"
        data-bestselling="">
    <a href="../patate-rosse-sacco-10-kg.html">
        <div style="background-image: url('../../cdn.spesati.com/images/products/missing-image/missing-image.jpg')">
            <div class="hover"></div>
            
            <div class="stickers"></div>
        </div>
    </a>
    <div>
        <h4><a href="../patate-rosse-sacco-10-kg.html"><b>Patate Rosse Sacco 10 Kg</b></a></h4>
        <p class="description">10 Kg</p>
        <p class="right price"><b>1.49 €</b></p>
        <p class="right unitPrice">1.49 € per piece</p>
    </div>
    <div class="notAvailable">
    <a class="button bgDarkGrey white" href="../patate-rosse-sacco-10-kg.html">Not available</a>
</div>
</div><div class="left product prod141"
        data-name="Patate Del Fucino I.g.p Cart C"
        data-price="1.99"
        data-id="33226"
        data-available="no"
        data-category="6586"
        data-bestselling="">
    <a href="../patate-del-fucino-igp-cart-c.html">
        <div style="background-image: url('../../cdn.spesati.com/images/products/missing-image/missing-image.jpg')">
            <div class="hover"></div>
            
            <div class="stickers"></div>
        </div>
    </a>
    <div>
        <h4><a href="../patate-del-fucino-igp-cart-c.html"><b>Patate Del Fucino I.g.p Cart C</b></a></h4>
        <p class="description">1 piece</p>
        <p class="right price"><b>1.99 €</b></p>
        <p class="right unitPrice">1.99 € per piece</p>
    </div>
    <div class="notAvailable">
    <a class="button bgDarkGrey white" href="../patate-del-fucino-igp-cart-c.html">Not available</a>
</div>
</div><div class="left product prod142"
        data-name="Patate Pasta Viola Conf .500 K"
        data-price="1.99"
        data-id="33227"
        data-available="no"
        data-category="6586"
        data-bestselling="">
    <a href="../patate-pasta-viola-conf-500-k.html">
        <div style="background-image: url('../../cdn.spesati.com/images/products/missing-image/missing-image.jpg')">
            <div class="hover"></div>
            
            <div class="stickers"></div>
        </div>
    </a>
    <div>
        <h4><a href="../patate-pasta-viola-conf-500-k.html"><b>Patate Pasta Viola Conf .500 K</b></a></h4>
        <p class="description">1 piece</p>
        <p class="right price"><b>1.99 €</b></p>
        <p class="right unitPrice">1.99 € per piece</p>
    </div>
    <div class="notAvailable">
    <a class="button bgDarkGrey white" href="../patate-pasta-viola-conf-500-k.html">Not available</a>
</div>
</div><div class="left product prod143"
        data-name="Pomodoro Picadilly Conf. 500gr"
        data-price="2.29"
        data-id="33316"
        data-available="no"
        data-category="6703"
        data-bestselling="">
    <a href="../pomodoro-picadilly-conf-500gr.html">
        <div style="background-image: url('../../cdn.spesati.com/images/products/missing-image/missing-image.jpg')">
            <div class="hover"></div>
            
            <div class="stickers"></div>
        </div>
    </a>
    <div>
        <h4><a href="../pomodoro-picadilly-conf-500gr.html"><b>Pomodoro Picadilly Conf. 500gr</b></a></h4>
        <p class="description">0.5 Kg</p>
        <p class="right price"><b>2.29 €</b></p>
        <p class="right unitPrice">4.58 € per kg</p>
    </div>
    <div class="notAvailable">
    <a class="button bgDarkGrey white" href="../pomodoro-picadilly-conf-500gr.html">Not available</a>
</div>
</div><div class="left product prod144"
        data-name="Pomodoro Datterino Conf.250gr"
        data-price="1.79"
        data-id="33329"
        data-available="no"
        data-category="6703"
        data-bestselling="">
    <a href="../pomodoro-datterino-conf250gr.html">
        <div style="background-image: url('../../cdn.spesati.com/images/products/missing-image/missing-image.jpg')">
            <div class="hover"></div>
            
            <div class="stickers"></div>
        </div>
    </a>
    <div>
        <h4><a href="../pomodoro-datterino-conf250gr.html"><b>Pomodoro Datterino Conf.250gr</b></a></h4>
        <p class="description">0.25 Kg</p>
        <p class="right price"><b>1.79 €</b></p>
        <p class="right unitPrice">7.16 € per kg</p>
    </div>
    <div class="notAvailable">
    <a class="button bgDarkGrey white" href="../pomodoro-datterino-conf250gr.html">Not available</a>
</div>
</div><div class="left product prod145"
        data-name="Rape Rosse"
        data-price="2.19"
        data-id="33366"
        data-available="no"
        data-category="6586"
        data-bestselling="">
    <a href="../rape-rosse.html">
        <div style="background-image: url('../../cdn.spesati.com/images/products/missing-image/missing-image.jpg')">
            <div class="hover"></div>
            
            <div class="stickers"></div>
        </div>
    </a>
    <div>
        <h4><a href="../rape-rosse.html"><b>Rape Rosse</b></a></h4>
        <p class="description">0.5 Kg</p>
        <p class="right price"><b>2.19 €</b></p>
        <p class="right unitPrice">4.38 € per kg</p>
    </div>
    <div class="notAvailable">
    <a class="button bgDarkGrey white" href="../rape-rosse.html">Not available</a>
</div>
</div><div class="left product prod146"
        data-name="Carote 3a Baby 200gr"
        data-price="2.49"
        data-id="32768"
        data-available="no"
        data-category="6595"
        data-bestselling="">
    <a href="../carote-3a-baby-200gr.html">
        <div style="background-image: url('../../cdn.spesati.com/images/products/missing-image/missing-image.jpg')">
            <div class="hover"></div>
            
            <div class="stickers"></div>
        </div>
    </a>
    <div>
        <h4><a href="../carote-3a-baby-200gr.html"><b>Carote 3a Baby 200gr</b></a></h4>
        <p class="description">0.2 Kg</p>
        <p class="right price"><b>2.49 €</b></p>
        <p class="right unitPrice">12.45 € per kg</p>
    </div>
    <div class="notAvailable">
    <a class="button bgDarkGrey white" href="../carote-3a-baby-200gr.html">Not available</a>
</div>
</div><div class="left product prod147"
        data-name="Rape Cotte"
        data-price="1.29"
        data-id="33368"
        data-available="no"
        data-category="6586"
        data-bestselling="">
    <a href="../rape-cotte.html">
        <div style="background-image: url('../../cdn.spesati.com/images/products/missing-image/missing-image.jpg')">
            <div class="hover"></div>
            
            <div class="stickers"></div>
        </div>
    </a>
    <div>
        <h4><a href="../rape-cotte.html"><b>Rape Cotte</b></a></h4>
        <p class="description">1 piece</p>
        <p class="right price"><b>1.29 €</b></p>
        <p class="right unitPrice">1.29 € per piece</p>
    </div>
    <div class="notAvailable">
    <a class="button bgDarkGrey white" href="../rape-cotte.html">Not available</a>
</div>
</div><div class="left product prod148"
        data-name="Ravanelli Rossi 10pz I It'"
        data-price="1.03"
        data-id="33372"
        data-available="no"
        data-category="6682"
        data-bestselling="">
    <a href="../ravanelli-rossi-10pz-i-it.html">
        <div style="background-image: url('../../cdn.spesati.com/images/products/missing-image/missing-image.jpg')">
            <div class="hover"></div>
            
            <div class="stickers"></div>
        </div>
    </a>
    <div>
        <h4><a href="../ravanelli-rossi-10pz-i-it.html"><b>Ravanelli Rossi 10pz I It'</b></a></h4>
        <p class="description">1 piece</p>
        <p class="right price"><b>1.03 €</b></p>
        <p class="right unitPrice">1.03 € per piece</p>
    </div>
    <div class="notAvailable">
    <a class="button bgDarkGrey white" href="../ravanelli-rossi-10pz-i-it.html">Not available</a>
</div>
</div><div class="left product prod149"
        data-name="Asparagi Coltivati 2"
        data-price="4.49"
        data-id="32876"
        data-available="no"
        data-category="6568"
        data-bestselling="">
    <a href="../asparagi-coltivati-2.html">
        <div style="background-image: url('../../cdn.spesati.com/images/products/missing-image/missing-image.jpg')">
            <div class="hover"></div>
            
            <div class="stickers"></div>
        </div>
    </a>
    <div>
        <h4><a href="../asparagi-coltivati-2.html"><b>Asparagi Coltivati 2</b></a></h4>
        <p class="description">1 piece</p>
        <p class="right price"><b>4.49 €</b></p>
        <p class="right unitPrice">4.49 € per piece</p>
    </div>
    <div class="notAvailable">
    <a class="button bgDarkGrey white" href="../asparagi-coltivati-2.html">Not available</a>
</div>
</div><div class="left product prod150"
        data-name="Barbabietole Rosse"
        data-price="0.99"
        data-id="32888"
        data-available="no"
        data-category="6586"
        data-bestselling="">
    <a href="../barbabietole-rosse.html">
        <div style="background-image: url('../../cdn.spesati.com/images/products/missing-image/missing-image.jpg')">
            <div class="hover"></div>
            
            <div class="stickers"></div>
        </div>
    </a>
    <div>
        <h4><a href="../barbabietole-rosse.html"><b>Barbabietole Rosse</b></a></h4>
        <p class="description">medium weight 0.500 Kg</p>
        <p class="right price"><b>0.99 €</b></p>
        <p class="right unitPrice">1.99 € per kg</p>
    </div>
    <div class="notAvailable">
    <a class="button bgDarkGrey white" href="../barbabietole-rosse.html">Not available</a>
</div>
</div><div class="left product prod151"
        data-name="Carciofi Vassoio 6 Teste"
        data-price="4.19"
        data-id="32897"
        data-available="no"
        data-category="6570"
        data-bestselling="">
    <a href="../carciofi-vassoio-6-teste.html">
        <div style="background-image: url('../../cdn.spesati.com/images/products/missing-image/missing-image.jpg')">
            <div class="hover"></div>
            
            <div class="stickers"></div>
        </div>
    </a>
    <div>
        <h4><a href="../carciofi-vassoio-6-teste.html"><b>Carciofi Vassoio 6 Teste</b></a></h4>
        <p class="description">1 piece</p>
        <p class="right price"><b>4.19 €</b></p>
        <p class="right unitPrice">4.19 € per piece</p>
    </div>
    <div class="notAvailable">
    <a class="button bgDarkGrey white" href="../carciofi-vassoio-6-teste.html">Not available</a>
</div>
</div><div class="left product prod152"
        data-name="Carciofi Spina 30 Pz"
        data-price="1.29"
        data-id="32900"
        data-available="no"
        data-category="6570"
        data-bestselling="">
    <a href="../carciofi-spina-30-pz.html">
        <div style="background-image: url('../../cdn.spesati.com/images/products/missing-image/missing-image.jpg')">
            <div class="hover"></div>
            
            <div class="stickers"></div>
        </div>
    </a>
    <div>
        <h4><a href="../carciofi-spina-30-pz.html"><b>Carciofi Spina 30 Pz</b></a></h4>
        <p class="description">30 pieces</p>
        <p class="right price"><b>1.29 €</b></p>
        <p class="right unitPrice">1.29 € per piece</p>
    </div>
    <div class="notAvailable">
    <a class="button bgDarkGrey white" href="../carciofi-spina-30-pz.html">Not available</a>
</div>
</div><div class="left product prod153"
        data-name="Carciofo Spinoso Dop"
        data-price="1.49"
        data-id="32901"
        data-available="no"
        data-category="6570"
        data-bestselling="">
    <a href="../carciofo-spinoso-dop.html">
        <div style="background-image: url('../../cdn.spesati.com/images/products/missing-image/missing-image.jpg')">
            <div class="hover"></div>
            
            <div class="stickers"></div>
        </div>
    </a>
    <div>
        <h4><a href="../carciofo-spinoso-dop.html"><b>Carciofo Spinoso Dop</b></a></h4>
        <p class="description">1 piece</p>
        <p class="right price"><b>1.49 €</b></p>
        <p class="right unitPrice">1.49 € per piece</p>
    </div>
    <div class="notAvailable">
    <a class="button bgDarkGrey white" href="../carciofo-spinoso-dop.html">Not available</a>
</div>
</div><div class="left product prod154"
        data-name="Zucche Halloween Conf."
        data-price="5.29"
        data-id="33456"
        data-available="no"
        data-category="5793"
        data-bestselling="">
    <a href="../zucche-halloween-conf.html">
        <div style="background-image: url('../../cdn.spesati.com/images/products/missing-image/missing-image.jpg')">
            <div class="hover"></div>
            
            <div class="stickers"></div>
        </div>
    </a>
    <div>
        <h4><a href="../zucche-halloween-conf.html"><b>Zucche Halloween Conf.</b></a></h4>
        <p class="description">1 Kg</p>
        <p class="right price"><b>5.29 €</b></p>
        <p class="right unitPrice">5.29 € per kg</p>
    </div>
    <div class="notAvailable">
    <a class="button bgDarkGrey white" href="../zucche-halloween-conf.html">Not available</a>
</div>
</div><div class="left product prod155"
        data-name="Carciofi Spina Testa"
        data-price="1.56"
        data-id="32902"
        data-available="no"
        data-category="6570"
        data-bestselling="">
    <a href="../carciofi-spina-testa.html">
        <div style="background-image: url('../../cdn.spesati.com/images/products/missing-image/missing-image.jpg')">
            <div class="hover"></div>
            
            <div class="stickers"></div>
        </div>
    </a>
    <div>
        <h4><a href="../carciofi-spina-testa.html"><b>Carciofi Spina Testa</b></a></h4>
        <p class="description">1 piece</p>
        <p class="right price"><b>1.56 €</b></p>
        <p class="right unitPrice">1.56 € per piece</p>
    </div>
    <div class="notAvailable">
    <a class="button bgDarkGrey white" href="../carciofi-spina-testa.html">Not available</a>
</div>
</div><div class="left product prod156"
        data-name="Ravanelli M-c"
        data-price="1.09"
        data-id="33567"
        data-available="no"
        data-category="6682"
        data-bestselling="">
    <a href="../ravanelli-m-c.html">
        <div style="background-image: url('../../cdn.spesati.com/images/products/missing-image/missing-image.jpg')">
            <div class="hover"></div>
            
            <div class="stickers"></div>
        </div>
    </a>
    <div>
        <h4><a href="../ravanelli-m-c.html"><b>Ravanelli M-c</b></a></h4>
        <p class="description">1 piece</p>
        <p class="right price"><b>1.09 €</b></p>
        <p class="right unitPrice">1.09 € per piece</p>
    </div>
    <div class="notAvailable">
    <a class="button bgDarkGrey white" href="../ravanelli-m-c.html">Not available</a>
</div>
</div><div class="left product prod157"
        data-name="Carote 3a Baby 250gr"
        data-price="1.89"
        data-id="34033"
        data-available="no"
        data-category="6595"
        data-bestselling="">
    <a href="../carote-3a-baby-250gr.html">
        <div style="background-image: url('../../cdn.spesati.com/images/products/missing-image/missing-image.jpg')">
            <div class="hover"></div>
            
            <div class="stickers"></div>
        </div>
    </a>
    <div>
        <h4><a href="../carote-3a-baby-250gr.html"><b>Carote 3a Baby 250gr</b></a></h4>
        <p class="description">0.25 Kg</p>
        <p class="right price"><b>1.89 €</b></p>
        <p class="right unitPrice">7.56 € per kg</p>
    </div>
    <div class="notAvailable">
    <a class="button bgDarkGrey white" href="../carote-3a-baby-250gr.html">Not available</a>
</div>
</div><div class="left product prod158"
        data-name="Carote Rondelle 250 Gr"
        data-price="2.13"
        data-id="34388"
        data-available="no"
        data-category="6595"
        data-bestselling="">
    <a href="../carote-rondelle-250-gr.html">
        <div style="background-image: url('../../cdn.spesati.com/images/products/missing-image/missing-image.jpg')">
            <div class="hover"></div>
            
            <div class="stickers"></div>
        </div>
    </a>
    <div>
        <h4><a href="../carote-rondelle-250-gr.html"><b>Carote Rondelle 250 Gr</b></a></h4>
        <p class="description">0.25 Kg</p>
        <p class="right price"><b>2.13 €</b></p>
        <p class="right unitPrice">8.51 € per kg</p>
    </div>
    <div class="notAvailable">
    <a class="button bgDarkGrey white" href="../carote-rondelle-250-gr.html">Not available</a>
</div>
</div><div class="left product prod159"
        data-name="Zucca A Cubi 250 Gr"
        data-price="2.49"
        data-id="34392"
        data-available="no"
        data-category="5793"
        data-bestselling="">
    <a href="../zucca-a-cubi-250-gr.html">
        <div style="background-image: url('../../cdn.spesati.com/images/products/missing-image/missing-image.jpg')">
            <div class="hover"></div>
            
            <div class="stickers"></div>
        </div>
    </a>
    <div>
        <h4><a href="../zucca-a-cubi-250-gr.html"><b>Zucca A Cubi 250 Gr</b></a></h4>
        <p class="description">0.25 Kg</p>
        <p class="right price"><b>2.49 €</b></p>
        <p class="right unitPrice">9.97 € per kg</p>
    </div>
    <div class="notAvailable">
    <a class="button bgDarkGrey white" href="../zucca-a-cubi-250-gr.html">Not available</a>
</div>
</div><div class="left product prod160"
        data-name="Melanzane Baby Conf"
        data-price="9.99"
        data-id="70260"
        data-available="no"
        data-category="6613"
        data-bestselling="">
    <a href="../melanzane-baby-conf.html">
        <div style="background-image: url('../../cdn.spesati.com/images/products/missing-image/missing-image.jpg')">
            <div class="hover"></div>
            
            <div class="stickers"></div>
        </div>
    </a>
    <div>
        <h4><a href="../melanzane-baby-conf.html"><b>Melanzane Baby Conf</b></a></h4>
        <p class="description">0.3 Kg</p>
        <p class="right price"><b>9.99 €</b></p>
        <p class="right unitPrice">33.30 € per kg</p>
    </div>
    <div class="notAvailable">
    <a class="button bgDarkGrey white" href="../melanzane-baby-conf.html">Not available</a>
</div>
</div><div class="left product prod161"
        data-name="Funghi Cardoncello Conf.500gr"
        data-price="8.99"
        data-id="72878"
        data-available="no"
        data-category="6653"
        data-bestselling="">
    <a href="../funghi-cardoncello-conf500gr.html">
        <div style="background-image: url('../../cdn.spesati.com/images/products/missing-image/missing-image.jpg')">
            <div class="hover"></div>
            
            <div class="stickers"></div>
        </div>
    </a>
    <div>
        <h4><a href="../funghi-cardoncello-conf500gr.html"><b>Funghi Cardoncello Conf.500gr</b></a></h4>
        <p class="description">0.5 Kg</p>
        <p class="right price"><b>8.99 €</b></p>
        <p class="right unitPrice">17.98 € per kg</p>
    </div>
    <div class="notAvailable">
    <a class="button bgDarkGrey white" href="../funghi-cardoncello-conf500gr.html">Not available</a>
</div>
</div><div class="left product prod162"
        data-name="Patate Bio Conf 1kg"
        data-price="3.58"
        data-id="75707"
        data-available="no"
        data-category="6586"
        data-bestselling="">
    <a href="../patate-bio-conf-1kg.html">
        <div style="background-image: url('../../cdn.spesati.com/images/products/missing-image/missing-image.jpg')">
            <div class="hover"></div>
            
            <div class="stickers"></div>
        </div>
    </a>
    <div>
        <h4><a href="../patate-bio-conf-1kg.html"><b>Patate Bio Conf 1kg</b></a></h4>
        <p class="description">1 Kg</p>
        <p class="right price"><b>3.58 €</b></p>
        <p class="right unitPrice">3.58 € per kg</p>
    </div>
    <div class="notAvailable">
    <a class="button bgDarkGrey white" href="../patate-bio-conf-1kg.html">Not available</a>
</div>
</div><div class="left product prod163"
        data-name="Bietole 2"
        data-price="1.39"
        data-id="77146"
        data-available="no"
        data-category="6597"
        data-bestselling="">
    <a href="../bietole-2.html">
        <div style="background-image: url('../../cdn.spesati.com/images/products/missing-image/missing-image.jpg')">
            <div class="hover"></div>
            
            <div class="stickers"></div>
        </div>
    </a>
    <div>
        <h4><a href="../bietole-2.html"><b>Bietole 2</b></a></h4>
        <p class="description">1 piece</p>
        <p class="right price"><b>1.39 €</b></p>
        <p class="right unitPrice">1.39 € per piece</p>
    </div>
    <div class="notAvailable">
    <a class="button bgDarkGrey white" href="../bietole-2.html">Not available</a>
</div>
</div><div class="left product prod164"
        data-name="Fave Fresche Conf."
        data-price="3.99"
        data-id="32991"
        data-available="no"
        data-category="431"
        data-bestselling="">
    <a href="../fave-fresche-conf.html">
        <div style="background-image: url('../../cdn.spesati.com/images/products/missing-image/missing-image.jpg')">
            <div class="hover"></div>
            
            <div class="stickers"></div>
        </div>
    </a>
    <div>
        <h4><a href="../fave-fresche-conf.html"><b>Fave Fresche Conf.</b></a></h4>
        <p class="description">0.5 Kg</p>
        <p class="right price"><b>3.99 €</b></p>
        <p class="right unitPrice">7.98 € per kg</p>
    </div>
    <div class="notAvailable">
    <a class="button bgDarkGrey white" href="../fave-fresche-conf.html">Not available</a>
</div>
</div><div class="left product prod165"
        data-name="Pom.kamarino N.free Conf.250gr"
        data-price="2.79"
        data-id="77263"
        data-available="no"
        data-category="6703"
        data-bestselling="">
    <a href="../pomkamarino-nfree-conf250gr.html">
        <div style="background-image: url('../../cdn.spesati.com/images/products/missing-image/missing-image.jpg')">
            <div class="hover"></div>
            
            <div class="stickers"></div>
        </div>
    </a>
    <div>
        <h4><a href="../pomkamarino-nfree-conf250gr.html"><b>Pom.kamarino N.free Conf.250gr</b></a></h4>
        <p class="description">0.25 Kg</p>
        <p class="right price"><b>2.79 €</b></p>
        <p class="right unitPrice">11.16 € per kg</p>
    </div>
    <div class="notAvailable">
    <a class="button bgDarkGrey white" href="../pomkamarino-nfree-conf250gr.html">Not available</a>
</div>
</div><div class="left product prod166"
        data-name="Pom.kalidoro N.free Conf.400gr"
        data-price="2.89"
        data-id="77266"
        data-available="no"
        data-category="6703"
        data-bestselling="">
    <a href="../pomkalidoro-nfree-conf400gr.html">
        <div style="background-image: url('../../cdn.spesati.com/images/products/missing-image/missing-image.jpg')">
            <div class="hover"></div>
            
            <div class="stickers"></div>
        </div>
    </a>
    <div>
        <h4><a href="../pomkalidoro-nfree-conf400gr.html"><b>Pom.kalidoro N.free Conf.400gr</b></a></h4>
        <p class="description">0.5 Kg</p>
        <p class="right price"><b>2.89 €</b></p>
        <p class="right unitPrice">5.78 € per kg</p>
    </div>
    <div class="notAvailable">
    <a class="button bgDarkGrey white" href="../pomkalidoro-nfree-conf400gr.html">Not available</a>
</div>
</div><div class="left product prod167"
        data-name="Pom.marzanino N.free Conf.300g"
        data-price="2.99"
        data-id="77269"
        data-available="no"
        data-category="6703"
        data-bestselling="">
    <a href="../pommarzanino-nfree-conf300g.html">
        <div style="background-image: url('../../cdn.spesati.com/images/products/missing-image/missing-image.jpg')">
            <div class="hover"></div>
            
            <div class="stickers"></div>
        </div>
    </a>
    <div>
        <h4><a href="../pommarzanino-nfree-conf300g.html"><b>Pom.marzanino N.free Conf.300g</b></a></h4>
        <p class="description">0.3 Kg</p>
        <p class="right price"><b>2.99 €</b></p>
        <p class="right unitPrice">9.96 € per kg</p>
    </div>
    <div class="notAvailable">
    <a class="button bgDarkGrey white" href="../pommarzanino-nfree-conf300g.html">Not available</a>
</div>
</div><div class="left product prod168"
        data-name="Pom.datterino Gial N.free 250g"
        data-price="2.89"
        data-id="77272"
        data-available="no"
        data-category="6703"
        data-bestselling="">
    <a href="../pomdatterino-gial-nfree-250g.html">
        <div style="background-image: url('../../cdn.spesati.com/images/products/missing-image/missing-image.jpg')">
            <div class="hover"></div>
            
            <div class="stickers"></div>
        </div>
    </a>
    <div>
        <h4><a href="../pomdatterino-gial-nfree-250g.html"><b>Pom.datterino Gial N.free 250g</b></a></h4>
        <p class="description">0.25 Kg</p>
        <p class="right price"><b>2.89 €</b></p>
        <p class="right unitPrice">11.56 € per kg</p>
    </div>
    <div class="notAvailable">
    <a class="button bgDarkGrey white" href="../pomdatterino-gial-nfree-250g.html">Not available</a>
</div>
</div><div class="left product prod169"
        data-name="Ravanelli 10"
        data-price="1.25"
        data-id="77394"
        data-available="no"
        data-category="6682"
        data-bestselling="">
    <a href="../ravanelli-10.html">
        <div style="background-image: url('../../cdn.spesati.com/images/products/missing-image/missing-image.jpg')">
            <div class="hover"></div>
            
            <div class="stickers"></div>
        </div>
    </a>
    <div>
        <h4><a href="../ravanelli-10.html"><b>Ravanelli 10</b></a></h4>
        <p class="description">1 piece</p>
        <p class="right price"><b>1.25 €</b></p>
        <p class="right unitPrice">1.25 € per piece</p>
    </div>
    <div class="notAvailable">
    <a class="button bgDarkGrey white" href="../ravanelli-10.html">Not available</a>
</div>
</div><div class="left product prod170"
        data-name="Insalata Indivia Belga Rossa C"
        data-price="3.29"
        data-id="33035"
        data-available="no"
        data-category="6637"
        data-bestselling="">
    <a href="../insalata-indivia-belga-rossa-c.html">
        <div style="background-image: url('../../cdn.spesati.com/images/products/missing-image/missing-image.jpg')">
            <div class="hover"></div>
            
            <div class="stickers"></div>
        </div>
    </a>
    <div>
        <h4><a href="../insalata-indivia-belga-rossa-c.html"><b>Insalata Indivia Belga Rossa C</b></a></h4>
        <p class="description">0.5 Kg</p>
        <p class="right price"><b>3.29 €</b></p>
        <p class="right unitPrice">6.58 € per kg</p>
    </div>
    <div class="notAvailable">
    <a class="button bgDarkGrey white" href="../insalata-indivia-belga-rossa-c.html">Not available</a>
</div>
</div><div class="left product prod171"
        data-name="Mais Pannocchie Conf Precotto"
        data-price="6.34"
        data-id="33085"
        data-available="no"
        data-category="1534"
        data-bestselling="">
    <a href="../mais-pannocchie-conf-precotto.html">
        <div style="background-image: url('../../cdn.spesati.com/images/products/missing-image/missing-image.jpg')">
            <div class="hover"></div>
            
            <div class="stickers"></div>
        </div>
    </a>
    <div>
        <h4><a href="../mais-pannocchie-conf-precotto.html"><b>Mais Pannocchie Conf Precotto</b></a></h4>
        <p class="description">1 piece</p>
        <p class="right price"><b>6.34 €</b></p>
        <p class="right unitPrice">6.34 € per piece</p>
    </div>
    <div class="notAvailable">
    <a class="button bgDarkGrey white" href="../mais-pannocchie-conf-precotto.html">Not available</a>
</div>
</div><div class="left product prod172"
        data-name="Patate Iodi 1.5kg"
        data-price="2.59"
        data-id="33208"
        data-available="no"
        data-category="6586"
        data-bestselling="">
    <a href="../patate-iodi-15kg.html">
        <div style="background-image: url('../../cdn.spesati.com/images/products/missing-image/missing-image.jpg')">
            <div class="hover"></div>
            
            <div class="stickers"></div>
        </div>
    </a>
    <div>
        <h4><a href="../patate-iodi-15kg.html"><b>Patate Iodi 1.5kg</b></a></h4>
        <p class="description">1.5 Kg</p>
        <p class="right price"><b>2.59 €</b></p>
        <p class="right unitPrice">1.73 € per kg</p>
    </div>
    <div class="notAvailable">
    <a class="button bgDarkGrey white" href="../patate-iodi-15kg.html">Not available</a>
</div>
</div><div class="left product prod173"
        data-name="Patate Crips4all Conf. 2kg"
        data-price="2.99"
        data-id="33211"
        data-available="no"
        data-category="6586"
        data-bestselling="">
    <a href="../patate-crips4all-conf-2kg.html">
        <div style="background-image: url('../../cdn.spesati.com/images/products/missing-image/missing-image.jpg')">
            <div class="hover"></div>
            
            <div class="stickers"></div>
        </div>
    </a>
    <div>
        <h4><a href="../patate-crips4all-conf-2kg.html"><b>Patate Crips4all Conf. 2kg</b></a></h4>
        <p class="description">2 Kg</p>
        <p class="right price"><b>2.99 €</b></p>
        <p class="right unitPrice">3.00 € per piece</p>
    </div>
    <div class="notAvailable">
    <a class="button bgDarkGrey white" href="../patate-crips4all-conf-2kg.html">Not available</a>
</div>
</div>        </div>
    </div>
</section>
<div class="footer">
    <div class="bgDarkGrey"></div>
    <footer>
        <div class="left bgDarkGrey">
            <a id="logoFooter" href="../index.html" class="estDynamic">
                <img src="../../cdn.spesati.com/images/layout/logo-eng.png" alt="Spesati.com" />
                <h2 class="red">Grocery Delivery</h2>
            </a>
            <a class="button bgRed white mobile" href="tel:390707968318">Phone order</a>
            <a class="button bgRed white desktop" href="../news/2020-04-07/news-on-spesati-the-telephone-order-service-is-active.html">Phone order</a>
            <a class="button bgRed white" href="../cdn-cgi/l/email-protection.html#036a6d656c437073667062776a2d606c6e">Send mail</a>
            <div id="social">
                <a class="left" href="https://www.facebook.com/spesati/" rel="external" target="_blank">
                    <span class="facebook bgRed fa-stack fa-lg">
                        <i class="fa fa-facebook fa-stack-1x "></i>
                    </span>
                </a>
                <a class="right" href="https://twitter.com/spesati" rel="external" target="_blank">
                    <span class="twitter bgRed fa-stack fa-lg">
                        <i class="fa fa-twitter fa-stack-1x "></i>
                    </span>
                </a>
            </div>
            <p>Copyright 2024 Spesati.com </p>
            
                    <p>All rights reserved</p>
                    <p>SPESATI SRL</p>
                    <p>Corso Vittorio Veneto 15/I, 07026, Olbia</p>
                    <p>CF e P.Iva: 02772380909</p>
                        </div>
        <div class="center bgRed">
            <div class="top">
                <h3>Categories</h3>
                <div class="col">
                    <ul>
                        <li>
                            <a href="#" class="estDynamic">On sale</a>
                        </li>
                        <li>
                            <a href="../fruit-and-vegetables.html" class="estDynamic">Fruit and vegetables</a>
                        </li>
                        <li>
                            <a href="../fresh-products.html" class="estDynamic">Fresh products</a>
                        </li>
                        <li>
                            <a href="../frozen-foods.html" class="estDynamic">Frozen foods</a>
                        </li>
                        <li>
                            <a href="../bread-and-pasta.html" class="estDynamic">Bread and pasta</a>
                        </li>
                        <li>
                            <a href="../meat.html" class="estDynamic">Meat</a>
                        </li>
                        <li>
                            <a href="../fish.html" class="estDynamic">Fish</a>
                        </li>
                    </ul>
                </div>
                <div class="col">
                    <ul>
                        <li>
                            <a href="../wine-beer-and-spirits.html" class="estDynamic">Wine beer and spirits</a>
                        </li>
                        <li>
                            <a href="../water-and-drinks.html" class="estDynamic">Water and drinks</a>
                        </li>
                        <li>
                            <a href="../sweets.html" class="estDynamic">Sweets</a>
                        </li>
                        <li>
                            <a href="../shelf.html" class="estDynamic">Cupboard</a>
                        </li>
                        <li>
                            <a href="../personal-care.html" class="estDynamic">Personal care</a>
                        </li>
                        <li>
                            <a href="../household-and-outdoors.html" class="estDynamic">Home and outdoors</a>
                        </li>
                        <li>
                            <a href="../pet.html" class="estDynamic">Pets</a>
                        </li>
                    </ul>
                </div>
                <div class="col">
                    <ul>
                        <li>
                            <a href="../technology.html" class="estDynamic">Technology</a>
                        </li>
                        <li>
                            <a href="../gluten-free.html" class="estDynamic">Gluten free</a>
                        </li>
                        <li>
                            <a href="../lactose-free.html" class="estDynamic">Lactose free</a>
                        </li>
                        <li>
                            <a href="../special.html" class="estDynamic">Special</a>
                        </li>
                        <li>
                            <a href="../sardinian-products.html" class="estDynamic">Sardinian products</a>
                        </li>
                    </ul>
                </div>
            </div>
            <div class="bottom bgRed">
                <div class="left">
                    <h3>Delivery payment</h3>
                    <div>
                        <i class="fa fa-money fa-3x" aria-hidden="true"></i>
                        <p>Cash</p>
                    </div>
                    <div>
                        <i class="fa fa-credit-card fa-3x" aria-hidden="true"></i>
                        <p>Bancomat or card</p>
                    </div>
                </div>
                <div class="right">
                    <h3>Online payment</h3>
                    <div>
                        <i class="fa fa-credit-card fa-3x" aria-hidden="true"></i>
                        <p>Credit or debit card <span class="red">online</span></p>
                    </div>
                    <div>
                        <i class="fa fa-paypal fa-3x" aria-hidden="true"></i>
                        <p>PayPal</p>
                    </div>
                    <div>
                        <i class="fa fa-university fa-3x" aria-hidden="true"></i>
                        <p>Bank transfer</p>
                    </div>
                </div>
            </div>
        </div>
        <div class="right bgRed">
            <div>
                <i class="fa fa-truck fa-flip-horizontal"></i>
                <a class="button bgYellow white" href="../delivery-prices.html">Delivery prices</a>
                
                    <h3>Home delivery:</h3>
                    <p><b>Monday to Saturday</b></p>
                    <p><b>9:00 to 20:00</b></p>
                    <p><b>Minimum order:</b> 29€</p>
                    <p><b>Delivery starting from:</b> 3,50€</p>
                            </div>
            <ul>
                <li>
                    <a href="../delivery-prices.html">Delivery prices</a>
                </li>
                <li>
                    <a href="../about.html">About</a>
                </li>
                <li>
                    <a href="../faq.html">Faq</a>
                </li>
                <li>
                    <a href="../customer-care.html">Support</a>
                </li>
                <li>
                    <a href="../news.html">Blog</a>
                </li>
                <li>
                    <a href="../terms-and-conditions.html">Conditions</a>
                </li>
                <li>
                    <a href="../privacy-policy.html">Privacy policy</a>
                </li>
                <li>
                    <a href="../legal-warranty.html">Legal guarantee</a>
                </li>
            </ul>
        </div>
    </footer>
    <div class="bgRed"></div>
</div>
<!--Start of Tawk.to Script-->
<script data-cfasync="false" src="../cdn-cgi/scripts/5c5dd728/cloudflare-static/email-decode.min.js"></script><script type="text/javascript">
var Tawk_API=Tawk_API||{}, Tawk_LoadStart=new Date();
(function(){
var s1=document.createElement("script"),s0=document.getElementsByTagName("script")[0];
s1.async=true;
s1.src='https://embed.tawk.to/59e86945c28eca75e4626ed9/default';
s1.charset='UTF-8';
s1.setAttribute('crossorigin','*');
s0.parentNode.insertBefore(s1,s0);
})();
</script>
<!--End of Tawk.to Script-->

<!-- Here are parked a few translatable strings, useful for Javascript rendering -->
<div id="js-texts" hidden>
    <input type="hidden" name="save_cart_notice" value="Saving your cart it will be possible to reload it next time you come for shopping">
    <input type="hidden" name="save_cart_notice_title" value="Want to save your cart?">
    <input type="hidden" name="save_cart_ok" value="Save">
    <input type="hidden" name="save_cart_ko" value="Don't Save">
    <input type="hidden" name="reload_cart" value="The Reload Order function allows you to top up your last cart to make a New Order. Warning: do not use this function to add products to the last order. At this time it is not possible to modify an order placed previously.">
</div>

<!-- new site and login popup -->
</body>
<!-- Mirrored from www.spesati.com/fruit-and-vegetables/vegetables by HTTrack Website Copier/3.x [XR&CO'2014], Fri, 23 Feb 2024 17:28:18 GMT -->
</html>