<!DOCTYPE html><html lang="en">
<!-- Mirrored from www.spesati.com/sweets/biscuits by HTTrack Website Copier/3.x [XR&CO'2014], Fri, 23 Feb 2024 18:27:37 GMT -->
<!-- Added by HTTrack --><meta http-equiv="content-type" content="text/html;charset=utf-8" /><!-- /Added by HTTrack -->
<head>
    <title>Biscuits - Sweets - Spesati.com</title>
    <meta http-equiv="Content-Type" content="text/html; charset=UTF-8" />
    <meta name="description" content="" />
    <meta name="keywords" content="" />
    <link href="../images/favicon.ico" rel="shortcut icon" type="image/x-icon" />
    <meta name="author" content="www.dodify.com" /><link rel="canonical" href="biscuits.html" /><link rel="alternate" hreflang="en" href="biscuits.html" /><link rel="alternate" hreflang="it" href="https://www.spesati.it/dolci/biscotti" /><link href="../../cdnjs.cloudflare.com/ajax/libs/meyer-reset/2.0/reset.min.css" rel="stylesheet" type="text/css" /><link href="../../cdnjs.cloudflare.com/ajax/libs/font-awesome/6.5.1/css/all.min.css" rel="stylesheet" type="text/css" /><link href="https://fonts.googleapis.com/css?family=Montserrat:400,700" rel="stylesheet" type="text/css" /><link href="../../cdnjs.cloudflare.com/ajax/libs/fancybox/2.1.5/jquery.fancybox.min.css" rel="stylesheet" type="text/css" /><link href="../style/mainbea6.css?v=7" rel="stylesheet" type="text/css" /><link href="../style/lightslider.css" rel="stylesheet" type="text/css" /><link href="../style/categories.css" rel="stylesheet" type="text/css" /><script src="../../cdnjs.cloudflare.com/ajax/libs/jquery/3.6.1/jquery.min.js" type="text/javascript"></script><script src="../../ajax.googleapis.com/ajax/libs/jquery/1.11.0/jquery.min.js" type="text/javascript"></script><script src="http://unpkg.com/@floating-ui/core@0.4.0" type="text/javascript"></script><script src="http://unpkg.com/@floating-ui/dom@0.2.0" type="text/javascript"></script><script src="../../cdnjs.cloudflare.com/ajax/libs/fancybox/2.1.5/jquery.fancybox.min.js" type="text/javascript"></script><script src="../js/menu.js" type="text/javascript"></script><script src="../js/interfaceb6f5.js?v=10" type="text/javascript"></script><script src="../js/spesati.lightslider.min.js" type="text/javascript"></script><meta name="viewport" content="width=device-width, initial-scale=1, maximum-scale=1" /><meta name = "format-detection" content = "telephone=no">
<!-- Facebook Pixel Code -->
<script>
  !function(f,b,e,v,n,t,s)
  {if(f.fbq)return;n=f.fbq=function(){n.callMethod?
  n.callMethod.apply(n,arguments):n.queue.push(arguments)};
  if(!f._fbq)f._fbq=n;n.push=n;n.loaded=!0;n.version='2.0';
  n.queue=[];t=b.createElement(e);t.async=!0;
  t.src=v;s=b.getElementsByTagName(e)[0];
  s.parentNode.insertBefore(t,s)}(window, document,'script',
  '../../connect.facebook.net/en_US/fbevents.js');
  fbq('init', '792335014180667');
  fbq('track', 'PageView');
</script>
<noscript>
    <img height="1" width="1" style="display:none" src="https://www.facebook.com/tr?id=792335014180667&amp;ev=PageView&amp;noscript=1" />
</noscript>
<!-- End Facebook Pixel Code -->

<!-- GA4 -->
<script async src="https://www.googletagmanager.com/gtag/js?id=G-SSS6NRNXL0"></script>
<script>
  window.dataLayer = window.dataLayer || [];
  function gtag(){dataLayer.push(arguments);}
  gtag('js', new Date());
  gtag('config', 'AW-976671669');
  gtag('config', 'G-SSS6NRNXL0');
</script>
<!-- Elements for PWA deploy -->
<link rel="manifest" href="../manifest.json">
<meta name="theme-color" media="(prefers-color-scheme: light)" content="white">
<meta name="theme-color" media="(prefers-color-scheme: dark)"  content="black">
<link href=../images/icon-192.png rel=apple-touch-icon sizes="192x192">
<!-- Establishment logic -->
<script>var pageEstablishment = "Olbia"; var estDefaultPages = true</script>
    <!--[if lt IE 9]>
        <script src="https://cdnjs.cloudflare.com/ajax/libs/html5shiv/3.7.3/html5shiv.min.js" type="text/javascript"></script>
    <![endif]--><script type="text/javascript">
$(document).ready(function() {
    // Check if exists cookie
    if(document.cookie.indexOf("cookieAccepted") < 0) {
        var cookieText = '<div id=\"cookie\"><p>This site uses cookies. Cookies are used for ads personalisation. <a href=\"/privacy-policy\">More info</a></p><button id=\"cookieConsent\" type=\"button\">Accept</button></div>';
        $("body").append($(
            cookieText
        ));
        $('#cookie').css({
            'width'           : '100%',
            'text-align'      : 'center',
            'color'           : '#FFFFFF',
            'background-color': '#000000', 
            'opacity'         : '.8', 
            'position'        : 'fixed', 
            'bottom'          : '0',
            'padding'         : '.5em 0',
            'z-index'         : '999'
        });
        $('#cookie > *').css({
            'display': 'inline'
        });
        $('#cookie a').css({
            'color'          : '#FFFFFF',
            'text-decoration': 'underline',
            'margin-right'   : '2%'
        });
        $('#cookieConsent').click(function() {
            // Set cookie
            var expiry = new Date();
            expiry.setTime(expiry.getTime() + (365 * 24 * 60 * 60 * 1000));
            document.cookie = "cookieAccepted=yes; expires=" + expiry.toGMTString() + "; path=/; domain=.spesati.com";
            $('#cookie').css({'display': 'none'});
        });
    }
});
</script></head><body><script type="text/javascript">
    var addText = "Add";
    var slider  = null;
    $(document).ready(function() {
        slider = $('#cartSlider').lightSlider({
            controls: false,
            item:13,
            loop:false,
            slideMove:1,
            easing: 'cubic-bezier(0.25, 0, 0.25, 1)',
            speed:600,
            responsive : [
                {
                    breakpoint:1400,
                    settings: {
                        item:12,
                        slideMove:1,
                    }
                },
                {
                    breakpoint:1200,
                    settings: {
                        item:11,
                        slideMove:1,
                    }
                },
                {
                    breakpoint:1080,
                    settings: {
                        item:14,
                        slideMove:1,
                    }
                },
                {
                    breakpoint:800,
                    settings: {
                        item:12,
                        slideMove:1,
                    }
                }
            ]
        });
        $('.lSPager').css("display","none");
        $('.lSAction').css("display","block");
        $('#goToPrevSlide').on('click', function () {
            slider.goToPrevSlide();
        });
        $('#goToNextSlide').on('click', function () {
            slider.goToNextSlide();
        });
    });

</script>
<div id="header" class="bgYellow">
    <header>
        <a class="menu" href="#"><i class="fa red fa-bars fa-2x"></i></a>
        <a id="logo" class="colLeft estDynamic" href="../index.html">
            <img src="../../cdn.spesati.com/images/layout/logo-eng.png" alt="Spesati.com" />
            <h2 class="red">Grocery Delivery</h2>
        </a>
        <div class="colRight">
            <div id="controls" class="right">
                <p id="establishmentControls">
                    <span class="establishmentWarning"><i class="fa-solid fa-triangle-exclamation red" title="Stai visualizzando i prodotti disponibili in una zona diversa. Se vuoi cambiare zona, cliccan qui"></i>&nbsp;&nbsp;</span>
                    Shopping from <b><a id="establishment" href="#"></a></b> <span id="estAddress">for </span> <a href="../change-establishment.html">(<i class="fa-solid fa-pencil"></i> Change)</a> <span class="establishmentWarning">but viewing <b>Olbia</b></span>
                </p>
                <p><a href="https://www.spesati.it/dolci/biscotti" class="black switch-site">Versione italiana</a></p>                
            </div>
            <div>
                <form id="search" action="https://www.spesati.com/search" method="post" class="left">
                    <fieldset>
                        <div>
                            <input type="text" name="searchBox" id="searchBox" placeholder="Search for a product"></input>
                            <input id="searchButton" type="submit" name="searchButton" class="button bgRed white left" value="Find" />
                        </div>
                    </fieldset>
                </form>
                <div class="center left">
                    <a class="button bgRed white log-in" href="../login.html">Login</a>
                    <a class="button bgRed white sign-up" href="../sign-up.html">Sign up</a>
                    <a class="button bgRed white profile" href="../profile.html">Profile</a>
                    <a class="button bgRed white log-out" href="../index.html" data-endpoint-check-cart="https://api.spesati.com/cart/check">Logout</a>
                </div>
                <div class="right user-function-icons">
                    <a class="red left account"><i class="fa fa-user fa-3x"></i></a>
                    <div id="dropdown">
                        <a class="log-in button bgRed white" href="../login.html">Login</a>
                        <a class="sign-up button bgRed white" href="../sign-up.html">Sign up</a>
                        <a class="profile button bgRed white" href="../profile.html">Profile</a>
                        <a class="log-out button bgRed white" href="../index.html">Logout</a>
                    </div>

                    <div class="cart left">
                        <i class="fa fa-sm fa-shopping-cart red" aria-hidden="true" id="shipping-cart-button"></i>
                        <p id="cartQuantity"></p>
                    </div>

                    <a class="right" href="../cart.html"><p class="black" id="cartTotal"></p></a>
                </div>
            </div>
                            <div id="previewCart">
                    <i id="goToPrevSlide" class="yellow fa fa-angle-left fa-2x" aria-hidden="true"></i>
                    <div><ul id="cartSlider"></ul></div>
                    <i id="goToNextSlide" class="yellow fa fa-angle-right fa-2x" aria-hidden="true"></i>
                </div>
                    </div>
    </header>

    <div id="shipping-cart-options" data-inited="false">
        <a href="../cart.html" class="goto-cart">checkout</a>
        <a href="#" data-endpoint-auth="https://api.spesati.com/cart/save" data-endpoint-noauth="/login" class="save-cart">save</a>
        <a href="#" data-endpoint-auth="https://api.spesati.com/cart/load" class="load-cart">load</a>
    </div>
</div>
<div id="menuCategoriesMobile" class="mobile bgRed">
    <div class="closeMenu">
        <i class="fa fa-times fa-2x white"></i>
        Close
    </div>
    <ul class="bgRed white">
        <div id="langMobile" class="right">
        <a href="https://www.spesati.it/dolci/biscotti" class="white switch-site"><p>Versione italiana</p></a>    </div>
        <li><a>Categories</a>
            <ul class="bgWhite">
                <li>
                    <img src="../../cdn.spesati.com/images/menu/on-sale.png"/>
                    On sale                    <i class="fa fa-angle-down" aria-hidden="true"></i>
                    <ul class="sub-menu">
                    <li>
    <a href="../tacchino-fesa-a-fette.html">Tacchino Fesa A Fette</a>
</li><li>
    <a href="../amaro-montenegro-15lt.html">Amaro Montenegro 1,5lt</a>
</li><li>
    <a href="../carbone-di-legna-sacco-10kg.html">Carbone Di Legna Sacco 10Kg</a>
</li><li>
    <a href="../filu-e-ferru-silvio-carta-70cl.html">Filu E Ferru Silvio Carta 70Cl</a>
</li><li>
    <a href="../braciole-suino-con-cotenna.html">Braciole Suino Con Cotenna</a>
</li><li>
    <a href="../bovino-adulto-polpa.html">Bovino Adulto Polpa</a>
</li><li>
    <a href="../vino-la-palma-cannonau-le-bombarde.html">Vino La Palma Cannonau Le Bombarde</a>
</li><li>
    <a href="../fettine-sceltissime-bovino-adulto.html">Fettine Sceltissime Bovino Adulto</a>
</li><li>
    <a href="../suino-fettine-scelte.html">Suino Fettine Scelte</a>
</li><li>
    <a href="../lavazza-caffe-qualita-rossa-2x250gr.html">Lavazza Caffé Qualità Rossa 2x250gr</a>
</li>                        <li>
                            <a class="estDynamic" href="../on-offer.html">All products on sale</a>
                        </li>
                    </ul>
                </li>
                <li>
                    <img src="../../cdn.spesati.com/images/menu/gift.png"/>
                    Gifts                    <i class="fa fa-angle-down" aria-hidden="true"></i>
                    <ul class="sub-menu">
                        <li>
    <a href="../gift-card-da-150.html">Gift Card Da 150</a>
</li><li>
    <a href="../gift-card-da-100.html">Gift Card Da 100</a>
</li><li>
    <a href="../gift-card-da-50.html">Gift Card Da 50</a>
</li><li>
    <a href="../gift-card-da-25.html">Gift Card Da 25</a>
</li>                        <li>
                            <a class="estDynamic" href="../gift.html">All products in the gifts category</a>
                        </li>
                    </ul>
                </li>
                <li>
                    <img src="../../cdn.spesati.com/images/menu/gift-card.png"/>
                    Gift card and discounts                    <i class="fa fa-angle-down" aria-hidden="true"></i>
                    <ul class="sub-menu">
                        <li>
    <a href="../gift-card-da-150.html">Gift Card Da 150</a>
</li><li>
    <a href="../gift-card-da-100.html">Gift Card Da 100</a>
</li><li>
    <a href="../gift-card-da-50.html">Gift Card Da 50</a>
</li><li>
    <a href="../gift-card-da-25.html">Gift Card Da 25</a>
</li>                    </ul>
                </li>
                <li>
                    <img src="../../cdn.spesati.com/images/menu/fuit-and-vegetables.png"/>
                    Fruit and vegetables                    <i class="fa fa-angle-down" aria-hidden="true"></i>
                    <ul class="sub-menu">
                        <li>
                            <a class="estDynamic" href="../fruit-and-vegetables/pulses-and-beans.html">Cereals and pulses and beans</a>
                        </li>
                        <li>
                            <a class="estDynamic" href="../fruit-and-vegetables/fruit.html">Fruit</a>
                        </li>
                        <li>
                            <a class="estDynamic" href="../fruit-and-vegetables/canned-fruit.html">Canned fruit</a>
                        </li>
                        <li>
                            <a class="estDynamic" href="../fruit-and-vegetables/dried-fruit.html">Dried fruit</a>
                        </li>
                        <li>
                            <a class="estDynamic" href="../fruit-and-vegetables/ready-salads.html">Ready salads</a>
                        </li>
                        <li>
                            <a class="estDynamic" href="../fruit-and-vegetables/fresh-spices.html">Fresh spices</a>
                        </li>
                        <li>
                            <a class="estDynamic" href="../fruit-and-vegetables/vegetables.html">Vegetables and soy</a>
                        </li>
                    </ul>
                </li>
                <li>
                    <img src="../../cdn.spesati.com/images/menu/fresh-products.png"/>
                    Fresh products                    <i class="fa fa-angle-down" aria-hidden="true"></i>
                    <ul class="sub-menu">
                        <li>
                            <a class="estDynamic" href="../fresh-products/margarine-and-butter.html">Butter and margarine</a>
                        </li>
                        <li>
                            <a class="estDynamic" href="../fresh-products/danone.html">Danone</a>
                        </li>
                        <li>
                            <a class="estDynamic" href="../fresh-products/dessert.html">Dessert</a>
                        </li>
                        <li>
                            <a class="estDynamic" href="../fresh-products/sweets.html">Sweets</a>
                        </li>
                        <li>
                            <a class="estDynamic" href="../fresh-products/dairy-products.html">Dairy product</a>
                        </li>
                        <li>
                            <a class="estDynamic" href="../fresh-products/bakery.html">Yeast</a>
                        </li>
                        <li>
                            <a class="estDynamic" href="../fresh-products/mascarpone.html">Mascarpone</a>
                        </li>
                        <li>
                            <a class="estDynamic" href="../fresh-products/snacks.html">Snacks</a>
                        </li>
                        <li>
                            <a class="estDynamic" href="../fresh-products/mozzarella.html">Mozzarella</a>
                        </li>
                        <li>
                            <a class="estDynamic" href="../fresh-products/pasta.html">Pasta</a>
                        </li>
                        <li>
                            <a class="estDynamic" href="../fresh-products/pesto-and-sauces.html">Pesto and sauces</a>
                        </li>
                        <li>
                            <a class="estDynamic" href="../fresh-products/ricotta-and-cheese.html">Ricotta and cheese</a>
                        </li>
                        <li>
                            <a class="estDynamic" href="../fresh-products/cured-meat.html">Cured meat</a>
                        </li>
                        <li>
                            <a class="estDynamic" href="../fresh-products/wurstel.html">Würstel</a>
                        </li>
                        <li>
                            <a class="estDynamic" href="../fresh-products/yogurt.html">Yogurt</a>
                        </li>
                    </ul>
                </li>
                <li>
                    <img src="../../cdn.spesati.com/images/menu/frozen-foods.png"/>
                    Frozen foods                    <i class="fa fa-angle-down" aria-hidden="true"></i>
                    <ul class="sub-menu">
                        <li>
                            <a class="estDynamic" href="../frozen-foods/meat.html">Meat</a>
                        </li>
                        <li>
                            <a class="estDynamic" href="../frozen-foods/ice-creams.html">Ice cream and sweet</a>
                        </li>
                        <li>
                            <a class="estDynamic" href="../frozen-foods/pasta.html">Pasta</a>
                        </li>
                        <li>
                            <a class="estDynamic" href="../frozen-foods/fish.html">Fish</a>
                        </li>
                        <li>
                            <a class="estDynamic" href="../frozen-foods/ready-meals.html">Ready meals</a>
                        </li>
                        <li>
                            <a class="estDynamic" href="../frozen-foods/pizzas.html">Pizzas</a>
                        </li>
                        <li>
                            <a class="estDynamic" href="../frozen-foods/vegetables.html">Vegetables and soy</a>
                        </li>
                    </ul>
                </li>
                <li>
                    <img src="../../cdn.spesati.com/images/menu/bread-and-pasta.png"/>
                    Bread and pasta                    <i class="fa fa-angle-down" aria-hidden="true"></i>
                    <ul class="sub-menu">
                        <li>
                            <a class="estDynamic" href="../bread-and-pasta/crackers.html">Crackers</a>
                        </li>
                        <li>
                            <a class="estDynamic" href="../bread-and-pasta/rusks.html">Rusks</a>
                        </li>
                        <li>
                            <a class="estDynamic" href="../bread-and-pasta/white-bread.html">White bread</a>
                        </li>
                        <li>
                            <a class="estDynamic" href="../bread-and-pasta/local-bread.html">Local bread</a>
                        </li>
                        <li>
                            <a class="estDynamic" href="../bread-and-pasta/soft-bread.html">Soft bread</a>
                        </li>
                        <li>
                            <a class="estDynamic" href="../bread-and-pasta/sardinian-bread.html">Sardinian bread</a>
                        </li>
                        <li>
                            <a class="estDynamic" href="../bread-and-pasta/bakery.html">Bakery</a>
                        </li>
                        <li>
                            <a class="estDynamic" href="../bread-and-pasta/pasta.html">Pasta</a>
                        </li>
                        <li>
                            <a class="estDynamic" href="../bread-and-pasta/fresh-pasta.html">Fresh pasta</a>
                        </li>
                    </ul>
                </li>
                <li>
                    <img src="../../cdn.spesati.com/images/menu/meat.png"/>
                    Meat                    <i class="fa fa-angle-down" aria-hidden="true"></i>
                    <ul class="sub-menu">
                        <li>
                            <a class="estDynamic" href="../meat/beef.html">Beef</a>
                        </li>
                        <li>
                            <a class="estDynamic" href="../meat/goat.html">Goat</a>
                        </li>
                        <li>
                            <a class="estDynamic" href="../meat/packaged-meat.html">Packaged meat</a>
                        </li>
                        <li>
                            <a class="estDynamic" href="../meat/rabbit.html">Rabbit</a>
                        </li>
                        <li>
                            <a class="estDynamic" href="../meat/horse.html">Horse</a>
                        </li>
                        <li>
                            <a class="estDynamic" href="../meat/pork.html">Pork</a>
                        </li>
                        <li>
                            <a class="estDynamic" href="../meat/lamb.html">Lamb</a>
                        </li>
                        <li>
                            <a class="estDynamic" href="../meat/poultry.html">Poultry</a>
                        </li>
                    </ul>
                </li>
                <li>
                    <img src="../../cdn.spesati.com/images/menu/fish.png"/>
                    Fish                    <i class="fa fa-angle-down" aria-hidden="true"></i>
                    <ul class="sub-menu">
                        <li>
                            <a class="estDynamic" href="../fish/fresh-water.html">Fresh water</a>
                        </li>
                        <li>
                            <a class="estDynamic" href="../fish/salt-water.html">Salt water</a>
                        </li>
                        <li>
                            <a class="estDynamic" href="../fish/mussels.html">Mussels</a>
                        </li>
                        <li>
                            <a class="estDynamic" href="../fish/dried-and-salted.html">Dried and salted</a>
                        </li>
                        <li>
                            <a class="estDynamic" href="../fish/seafood-salad.html">Seafood salad</a>
                        </li>
                        <li>
                            <a class="estDynamic" href="../fish/prepared.html">Prepared</a>
                        </li>
                        <li>
                            <a class="estDynamic" href="../fish/specialty.html">Specialty</a>
                        </li>   
                        <li>
                            <a class="estDynamic" href="../fish/tuna-and-salmon.html">Tuna and salmon</a>
                        </li>
                    </ul>
                </li>
                <li>
                    <img src="../../cdn.spesati.com/images/menu/alcohol.png"/>
                    Wine beer and spirits                    <i class="fa fa-angle-down" aria-hidden="true"></i>
                    <ul class="sub-menu">
                        <li>
                            <a class="estDynamic" href="../wine-beer-and-spirits/spirits-and-liquors.html">Alcohol</a>
                        </li>
                        <li>
                            <a class="estDynamic" href="../wine-beer-and-spirits/bitters.html">Bitters</a>
                        </li>
                        <li>
                            <a class="estDynamic" href="../wine-beer-and-spirits/aperatif.html">Aperatifs</a>
                        </li>
                        <li>
                            <a class="estDynamic" href="../wine-beer-and-spirits/beer.html">Beer</a>
                        </li>
                        <li>
                            <a class="estDynamic" href="../wine-beer-and-spirits/creams.html">Creams</a>
                        </li>
                        <li>
                            <a class="estDynamic" href="../wine-beer-and-spirits/spirits.html">Spirits</a>
                        </li>
                        <li>
                            <a class="estDynamic" href="../wine-beer-and-spirits/liquors.html">Liquors</a>
                        </li>
                        <li>
                            <a class="estDynamic" href="../wine-beer-and-spirits/white-wine.html">White wine</a>
                        </li>
                        <li>
                            <a class="estDynamic" href="../wine-beer-and-spirits/prosecco-wine.html">Prosecco wine</a>
                        </li>
                        <li>
                            <a class="estDynamic" href="../wine-beer-and-spirits/rose-wine.html">Rose wine</a>
                        </li>
                        <li>
                            <a class="estDynamic" href="../wine-beer-and-spirits/red-wine.html">Red wine</a>
                        </li>
                        <li>
                            <a class="estDynamic" href="../wine-beer-and-spirits/specialty-wine.html">Special wine</a>
                        </li>
                        <li>
                            <a class="estDynamic" href="../wine-beer-and-spirits/sparkling-wine.html">Sparkling wine</a>
                        </li>
                        <li>
                            <a class="estDynamic" href="../wine-beer-and-spirits/vermentino-wine.html">Vermentino wine</a>
                        </li>
                    </ul>
                </li>
                <li>
                    <img src="../../cdn.spesati.com/images/menu/water-and-drinks.png"/>
                    Water and drinks                    <i class="fa fa-angle-down" aria-hidden="true"></i>
                    <ul class="sub-menu">
                        <li>
                            <a class="estDynamic" href="../water-and-drinks/san-martino.html">San Martino</a>
                        </li>
                        <li>
                            <a class="estDynamic" href="../water-and-drinks/water.html">Water</a>
                        </li>
                        <li>
                            <a class="estDynamic" href="../water-and-drinks/alpro.html">Alpro</a>
                        </li>
                        <li>
                            <a class="estDynamic" href="../water-and-drinks/fizzy-drinks.html">Fizzy drinks</a>
                        </li>
                        <li>
                            <a class="estDynamic" href="../water-and-drinks/coca-cola.html">Coca-Cola</a>
                        </li>
                        <li>
                            <a class="estDynamic" href="../water-and-drinks/energy-drink.html">Energy drink</a>
                        </li>
                        <li>
                            <a class="estDynamic" href="../water-and-drinks/syrups.html">Syrups</a>
                        </li>
                        <li>
                            <a class="estDynamic" href="../water-and-drinks/supplements.html">Supplements</a>
                        </li>
                        <li>
                            <a class="estDynamic" href="../water-and-drinks/instant-drinks.html">Instant drinks</a>
                        </li>
                        <li>
                            <a class="estDynamic" href="../water-and-drinks/juice.html">Juice</a>
                        </li>
                        <li>
                            <a class="estDynamic" href="../water-and-drinks/tea.html">Tea</a>
                        </li>
                    </ul>
                </li>
                <li>
                    <img src="../../cdn.spesati.com/images/menu/sweets.png"/>
                    Sweets                    <i class="fa fa-angle-down" aria-hidden="true"></i>
                    <ul class="sub-menu">
                        <li>
                            <a class="estDynamic" href="bars-and-snacks.html">Bars and snacks</a>
                        </li>
                        <li>
                            <a class="estDynamic" href="biscuits.html">Biscuits</a>
                        </li>
                        <li>
                            <a class="estDynamic" href="brioches.html">Brioches</a>
                        </li>
                        <li>
                            <a class="estDynamic" href="candy-and-chewing-gum.html">Candy and chewing gum</a>
                        </li>
                        <li>
                            <a class="estDynamic" href="cereals.html">Cereals</a>
                        </li>
                        <li>
                            <a class="estDynamic" href="chocolate.html">Chocolate</a>
                        </li>
                        <li>
                            <a class="estDynamic" href="spreadable-creams.html">Spreads</a>
                        </li>
                        <li>
                            <a class="estDynamic" href="dessert-toppings.html">Dessert toppings</a>
                        </li>
                        <li>
                            <a class="estDynamic" href="jam.html">Jam</a>
                        </li>
                        <li>
                            <a class="estDynamic" href="honey.html">Honey</a>
                        </li>
                        <li>
                            <a class="estDynamic" href="panettoni-and-pandoro.html">Panettone and pandoro</a>
                        </li>
                        <li>
                            <a class="estDynamic" href="pastry.html">Pastry</a>
                        </li>
                        <li>
                            <a class="estDynamic" href="instant-dessert.html">Prepared</a>
                        </li>
                        <li>
                            <a class="estDynamic" href="cakes-and-pies.html">Cakes and pies</a>
                        </li>
                        <li>
                            <a class="estDynamic" href="easter-eggs-and-doves.html">Easter eggs and doves</a>
                        </li>
                    </ul>
                </li>
                <li>
                    <img src="../../cdn.spesati.com/images/menu/shelf.png"/>
                    Cupboard                    <i class="fa fa-angle-down" aria-hidden="true"></i>
                    <ul class="sub-menu">
                        <li>
                            <a class="estDynamic" href="../shelf/coffee.html">Coffee</a>
                        </li>
                        <li>
                            <a class="estDynamic" href="../shelf/gift-baskets.html">Gift baskets</a>
                        </li>
                        <li>
                            <a class="estDynamic" href="../shelf/stock-cubes.html">Nuts and preparations</a>
                        </li>
                        <li>
                            <a class="estDynamic" href="../shelf/flour-and-baking.html">Flour and baking</a>
                        </li>
                        <li>
                            <a class="estDynamic" href="../shelf/milk.html">Milk</a>
                        </li>
                        <li>
                            <a class="estDynamic" href="../shelf/oil-salt-vinegar.html">Oil, vinegar and salt</a>
                        </li>
                        <li>
                            <a class="estDynamic" href="../shelf/cream-and-bechamel.html">Cream and bechamel</a>
                        </li>
                        <li>
                            <a class="estDynamic" href="../shelf/crisps-and-pretzels.html">Crisps and pretzels</a>
                        </li>
                        <li>
                            <a class="estDynamic" href="../shelf/baby-and-infants-products.html">Early childhood products</a>
                        </li>
                        <li>
                            <a class="estDynamic" href="../shelf/rice.html">Rice</a>
                        </li>
                        <li>
                            <a class="estDynamic" href="../shelf/tins-and-preserves.html">Tins and Preserves</a>
                        </li>
                        <li>
                            <a class="estDynamic" href="../shelf/spices.html">Spices</a>
                        </li>
                        <li>
                            <a class="estDynamic" href="../shelf/sauces.html">Sauces</a>
                        </li>
                        <li>
                            <a class="estDynamic" href="../shelf/tea-and-infusions.html">Tea and infusions</a>
                        </li>
                        <li>
                            <a class="estDynamic" href="../shelf/eggs.html">Eggs</a>
                        </li>
                        <li>
                            <a class="estDynamic" href="../shelf/sugar-and-sweeteners.html">Sugar and sweeteners</a>
                        </li>
                    </ul>
                </li>
                <li>
                    <img src="../../cdn.spesati.com/images/menu/personal-care.png"/>
                    Personal care                    <i class="fa fa-angle-down" aria-hidden="true"></i>
                    <ul class="sub-menu">
                        <li>
                            <a class="estDynamic" href="../personal-care/accessories-and-cotton.html">Accessories and cotton</a>
                        </li>
                        <li>
                            <a class="estDynamic" href="../personal-care/feminine-care-incontinence-and-baby-diapers.html">Feminine incontinence and diapers</a>
                        </li>
                        <li>
                            <a class="estDynamic" href="../personal-care/shower-gel.html">Shower gel</a>
                        </li>
                        <li>
                            <a class="estDynamic" href="../personal-care/creams.html">Creams</a>
                        </li>
                        <li>
                            <a class="estDynamic" href="../personal-care/deodorant.html">Deodorant</a>
                        </li>
                        <li>
                            <a class="estDynamic" href="../personal-care/hair-removal.html">Hair removal</a>
                        </li>
                        <li>
                            <a class="estDynamic" href="../personal-care/disinfectants.html">Disinfectants</a>
                        </li>
                        <li>
                            <a class="estDynamic" href="../personal-care/oral-hygiene.html">Oral hygiene</a>
                        </li>
                        <li>
                            <a class="estDynamic" href="../personal-care/supplements-and-multivitamins.html">Supplements and multivitamins</a>
                        </li>
                        <li>
                            <a class="estDynamic" href="../personal-care/first-aid.html">First aid label</a>
                        </li>
                        <li>
                            <a class="estDynamic" href="../personal-care/beard-products.html">Beard products</a>
                        </li>
                        <li>
                            <a class="estDynamic" href="../personal-care/hairs-products.html">Hair products</a>
                        </li>
                        <li>
                            <a class="estDynamic" href="../personal-care/perfume.html">Perfumes</a>
                        </li>
                        <li>
                            <a class="estDynamic" href="../personal-care/wipes.html">Wipes</a>
                        </li>
                        <li>
                            <a class="estDynamic" href="../personal-care/soaps-and-body-wash.html">Soaps and body wash</a>
                        </li>
                        <li>
                            <a class="estDynamic" href="../personal-care/shampoo-and-conditioner.html">Shampoo and conditioner</a>
                        </li>
                    </ul>
                </li>
                <li>
                    <img src="../../cdn.spesati.com/images/menu/pellet-and-home.png"/>
                    Home and outdoors                    <i class="fa fa-angle-down" aria-hidden="true"></i>
                    <ul class="sub-menu">
                        <li>
                            <a class="estDynamic" href="../household-and-outdoors/distilled-water.html">Distilled water</a>
                        </li>
                        <li>
                            <a class="estDynamic" href="../household-and-outdoors/car-products.html">Cars</a>
                        </li>
                        <li>
                            <a class="estDynamic" href="../household-and-outdoors/bin-bags-and-buckets.html">Bin bags and buckets</a>
                        </li>
                        <li>
                            <a class="estDynamic" href="../household-and-outdoors/bleach-and-stain-removers.html">Bleach and stain removers</a>
                        </li>
                        <li>
                            <a class="estDynamic" href="../household-and-outdoors/candles.html">Candles</a>
                        </li>
                        <li>
                            <a class="estDynamic" href="../household-and-outdoors/kitchen-roll.html">Kitchen roll</a>
                        </li>
                        <li>
                            <a class="estDynamic" href="../household-and-outdoors/air-fresheners.html">Air fresheners</a>
                        </li>
                        <li>
                            <a class="estDynamic" href="../household-and-outdoors/laundry-accessories-and-detergent.html">Laundry detergent</a>
                        </li>
                        <li>
                            <a class="estDynamic" href="../household-and-outdoors/dishwasher-and-washing-up.html">Dishwasher and washing up</a>
                        </li>
                        <li>
                            <a class="estDynamic" href="../household-and-outdoors/gardening.html">Gardening</a>
                        </li>
                        <li>
                            <a class="estDynamic" href="../household-and-outdoors/light-bulbs-and-batteries.html">Lightbulbs and batteries</a>
                        </li>
                        <li>
                            <a class="estDynamic" href="../household-and-outdoors/pellet-and-bbq.html">Pellet and BBQ</a>
                        </li>
                        <li>
                            <a class="estDynamic" href="../household-and-outdoors/bathroom-products.html">Bathroom products</a>
                        </li>
                        <li>
                            <a class="estDynamic" href="../household-and-outdoors/home-and-furniture-products.html">Home and furniture products</a>
                        </li>
                        <li>
                            <a class="estDynamic" href="../household-and-outdoors/kitchen-products.html">Kitchen products</a>
                        </li>
                        <li>
                            <a class="estDynamic" href="../household-and-outdoors/window-and-floor-cleaners.html">Window and floor cleaner</a>
                        </li>
                        <li>
                            <a class="estDynamic" href="../household-and-outdoors/repellents.html">Repellents</a>
                        </li>
                        <li>
                            <a class="estDynamic" href="../household-and-outdoors/disposable-tableware.html">Disposable tableware</a>
                        </li>
                    </ul>
                </li>
                <li>
                    <img src="../../cdn.spesati.com/images/menu/animals.png"/>
                    Pets                    <i class="fa fa-angle-down" aria-hidden="true"></i>
                    <ul class="sub-menu">
                        <li>
                            <a class="estDynamic" href="../pets/pet-food-other-animals.html">Other animals pet food</a>
                        </li>
                        <li>
                            <a class="estDynamic" href="../pets/pet-food-dogs.html">Pet food dogs</a>
                        </li>
                        <li>
                            <a class="estDynamic" href="../pets/pet-food-cats.html">Pet food cats</a>
                        </li>
                        <li>
                            <a class="estDynamic" href="../pets/hygiene-and-cleaning.html">Hygiene and cleaning</a>
                        </li>
                    </ul>
                </li>
                <li>
                    <img src="../../cdn.spesati.com/images/menu/technology.png"/>
                    Technology                    <i class="fa fa-angle-down" aria-hidden="true"></i>
                    <ul class="sub-menu">
                        <li>
                            <a class="estDynamic" href="../technology/accessories.html">Accessories</a>
                        </li>
                        <li>
                            <a class="estDynamic" href="../technology/computer.html">Computer</a>
                        </li>
                        <li>
                            <a class="estDynamic" href="../technology/telephones.html">Telephones</a>
                        </li>
                        <li>
                            <a class="estDynamic" href="../technology/tv.html">TV</a>
                        </li>
                    </ul>
                </li>
                <li>
                    <img src="../../cdn.spesati.com/images/menu/gluten-free.png"/>
                    Gluten free                    <i class="fa fa-angle-down" aria-hidden="true"></i>
                    <ul class="sub-menu">
                        <li>
                            <a class="estDynamic" href="../gluten-free/frozen-foods.html">Frozen foods</a>
                        </li>
                        <li>
                            <a class="estDynamic" href="../gluten-free/beer.html">Beer</a>
                        </li>
                        <li>
                            <a class="estDynamic" href="../gluten-free/sweets.html">Sweets</a>
                        </li>
                        <li>
                            <a class="estDynamic" href="../gluten-free/bread-and-pasta.html">Bread and pasta</a>
                        </li>
                        <li>
                            <a class="estDynamic" href="../gluten-free/shelf.html">Cupboard</a>
                        </li>
                    </ul>
                </li>
                <li>
                    <img src="../../cdn.spesati.com/images/menu/lactose-free.png"/>
                    Lactose free                    <i class="fa fa-angle-down" aria-hidden="true"></i>
                    <ul class="sub-menu">
                        <li>
                            <a class="estDynamic" href="../lactose-free/frozen-foods.html">Frozen foods</a>
                        </li>
                        <li>
                            <a class="estDynamic" href="../lactose-free/sweets.html">Sweets</a>
                        </li>
                        <li>
                            <a class="estDynamic" href="../lactose-free/dairy-product.html">Dairy product</a>
                        </li>
                        <li>
                            <a class="estDynamic" href="../lactose-free/shelf.html">Cupboard</a>
                        </li>
                    </ul>
                </li>
                <li>
                    <img src="../../cdn.spesati.com/images/menu/special.png"/>
                    Special                    <i class="fa fa-angle-down" aria-hidden="true"></i>
                    <ul class="sub-menu">
                        <li>
                            <a class="estDynamic" href="../special/alpro.html">Alpro</a>
                        </li>
                        <li>
                            <a class="estDynamic" href="../special/organic.html">Biological</a>
                        </li>
                        <li>
                            <a class="estDynamic" href="../special/meat.html">Meat</a>
                        </li>
                        <li>
                            <a class="estDynamic" href="../special/wholegrain.html">Wholegrain</a>
                        </li>
                        <li>
                            <a class="estDynamic" href="../special/bread-and-pasta.html">Bread and pasta</a>
                        </li>
                        <li>
                            <a class="estDynamic" href="../special/vegan.html">Vegan</a>
                        </li>
                    </ul>
                </li>
                <li>
                    <img src="../../cdn.spesati.com/images/menu/sardinian-products.png"/>
                    Sardinian products                    <i class="fa fa-angle-down" aria-hidden="true"></i>
                    <ul class="sub-menu">
                        <li>
                            <a class="estDynamic" href="../sardinian-products/drinks.html">Drinks</a>
                        </li>
                        <li>
                            <a class="estDynamic" href="../sardinian-products/meat.html">Meat</a>
                        </li>
                        <li>
                            <a class="estDynamic" href="../sardinian-products/sweets.html">Sweets</a>
                        </li>
                        <li>
                            <a class="estDynamic" href="../sardinian-products/fruit-and-vegetables.html">Fruit and vegetables</a>
                        </li>
                        <li>
                            <a class="estDynamic" href="../sardinian-products/ichnusa.html">Ichnusa</a>
                        </li>
                        <li>
                            <a class="estDynamic" href="../sardinian-products/dairy-product.html">Dairy product</a>
                        </li>
                        <li>
                            <a class="estDynamic" href="../sardinian-products/bread-and-pasta.html">Bread and pasta</a>
                        </li>
                        <li>
                            <a class="estDynamic" href="../sardinian-products/fish.html">Fish</a>
                        </li>
                        <li>
                            <a class="estDynamic" href="../sardinian-products/cured-meat.html">Cured meat</a>
                        </li>
                        <li>
                            <a class="estDynamic" href="../sardinian-products/shelf.html">Cupboard</a>
                        </li>
                        <li>
                            <a class="estDynamic" href="../sardinian-products/vermentino-wine.html">Vermentino wine</a>
                        </li>
                        <li>
                            <a class="estDynamic" href="../sardinian-products/wine-beer-and-spirits.html">Wine beer and spirits</a>
                        </li>
                    </ul>
                </li>
            </ul>
        </li>
        <li>
            <a href="../about.html">About</a>
        </li>
        <li>
            <a href="../faq.html">Faq</a>
        </li>
        <li>
            <a href="../customer-care.html">Support</a>
        </li>
        <li>
            <a href="../news.html">Blog</a>
        </li>
        <li>
            <a href="../terms-and-conditions.html">Conditions</a>
        </li>
        <li>
            <a href="../privacy-policy.html">Privacy policy</a>
        </li>
        <li>
            <a href="../login.html">Login</a>
        </li>
        <li>
             <a href="../sign-up.html">Sign up</a>
        </li>
    </ul>
</div><section class="first">
    <div id="menuCategories" class="colLeft">
    <ul id="main_nav" >
        <li>
            <a class="estDynamic" href="../on-offer.html">
               <img src="../../cdn.spesati.com/images/menu/on-sale.png"/>
               On sale            </a>
            <i class="fa fa-angle-right" aria-hidden="true"></i>
            <ul class="sub-menu">
                <li>
    <a href="../tacchino-fesa-a-fette.html" class="estDynamic">Tacchino Fesa A Fette</a>
</li><li>
    <a href="../amaro-montenegro-15lt.html" class="estDynamic">Amaro Montenegro 1,5lt</a>
</li><li>
    <a href="../carbone-di-legna-sacco-10kg.html" class="estDynamic">Carbone Di Legna Sacco 10Kg</a>
</li><li>
    <a href="../filu-e-ferru-silvio-carta-70cl.html" class="estDynamic">Filu E Ferru Silvio Carta 70Cl</a>
</li><li>
    <a href="../braciole-suino-con-cotenna.html" class="estDynamic">Braciole Suino Con Cotenna</a>
</li><li>
    <a href="../bovino-adulto-polpa.html" class="estDynamic">Bovino Adulto Polpa</a>
</li><li>
    <a href="../vino-la-palma-cannonau-le-bombarde.html" class="estDynamic">Vino La Palma Cannonau Le Bombarde</a>
</li><li>
    <a href="../fettine-sceltissime-bovino-adulto.html" class="estDynamic">Fettine Sceltissime Bovino Adulto</a>
</li><li>
    <a href="../suino-fettine-scelte.html" class="estDynamic">Suino Fettine Scelte</a>
</li><li>
    <a href="../lavazza-caffe-qualita-rossa-2x250gr.html" class="estDynamic">Lavazza Caffé Qualità Rossa 2x250gr</a>
</li>                <li>
                    <a class="estDynamic" href="../on-offer.html">All products on sale</a>
                </li>
            </ul>
        </li>
        <li>
            <a class="estDynamic" href="../gift.html">
               <img src="../../cdn.spesati.com/images/menu/gift.png"/>
               Gifts            </a>
            <i class="fa fa-angle-right" aria-hidden="true"></i>
            <ul class="sub-menu">
                <li>
    <a href="../gift-card-da-150.html" class="estDynamic">Gift Card Da 150</a>
</li><li>
    <a href="../gift-card-da-100.html" class="estDynamic">Gift Card Da 100</a>
</li><li>
    <a href="../gift-card-da-50.html" class="estDynamic">Gift Card Da 50</a>
</li><li>
    <a href="../gift-card-da-25.html" class="estDynamic">Gift Card Da 25</a>
</li>                <li>
                    <a class="estDynamic" href="../gift.html">All products in the gifts category</a>
                </li>
            </ul>
        </li>
        <li>
            <a class="estDynamic" href="../gift-card.html">
               <img src="../../cdn.spesati.com/images/menu/gift-card.png"/>
               Gift card and discounts            </a>
            <i class="fa fa-angle-right" aria-hidden="true"></i>
            <ul class="sub-menu">
                <li>
    <a href="../gift-card-da-150.html">Gift Card Da 150</a>
</li><li>
    <a href="../gift-card-da-100.html">Gift Card Da 100</a>
</li><li>
    <a href="../gift-card-da-50.html">Gift Card Da 50</a>
</li><li>
    <a href="../gift-card-da-25.html">Gift Card Da 25</a>
</li>            </ul>
        </li>
        <li>
            <a class="estDynamic" href="../fruit-and-vegetables.html">
               <img src="../../cdn.spesati.com/images/menu/fuit-and-vegetables.png"/>
               Fruit and vegetables           </a>
            <i class="fa fa-angle-right" aria-hidden="true"></i>
            <ul class="sub-menu">
                <li>
                    <a class="estDynamic" href="../fruit-and-vegetables/pulses-and-beans.html">Cereals and pulses and beans</a>
                </li>
                <li>
                    <a class="estDynamic" href="../fruit-and-vegetables/fruit.html">Fruit</a>
                </li>
                <li>
                    <a class="estDynamic" href="../fruit-and-vegetables/canned-fruit.html">Canned fruit</a>
                </li>
                <li>
                    <a class="estDynamic" href="../fruit-and-vegetables/dried-fruit.html">Dried fruit</a>
                </li>
                <li>
                    <a class="estDynamic" href="../fruit-and-vegetables/ready-salads.html">Ready salads</a>
                </li>
                <li>
                    <a class="estDynamic" href="../fruit-and-vegetables/fresh-spices.html">Fresh spices</a>
                </li>
                <li>
                    <a class="estDynamic" href="../fruit-and-vegetables/vegetables.html">Vegetables and soy</a>
                </li>
            </ul>
        </li>
        <li>
            <a class="estDynamic" href="../fresh-products.html">
                <img src="../../cdn.spesati.com/images/menu/fresh-products.png"/>
                Fresh products            </a>
            <i class="fa fa-angle-right" aria-hidden="true"></i>
            <ul class="sub-menu">
                <li>
                    <a class="estDynamic" href="../fresh-products/margarine-and-butter.html">Butter and margarine</a>
                </li>
                <li>
                    <a class="estDynamic" href="../fresh-products/danone.html">Danone</a>
                </li>
                <li>
                    <a class="estDynamic" href="../fresh-products/dessert.html">Dessert</a>
                </li>
                <li>
                    <a class="estDynamic" href="../fresh-products/sweets.html">Sweets</a>
                </li>
                <li>
                    <a class="estDynamic" href="../fresh-products/dairy-products.html">Dairy product</a>
                </li>
                <li>
                    <a class="estDynamic" href="../fresh-products/bakery.html">Yeast</a>
                </li>
                <li>
                    <a class="estDynamic" href="../fresh-products/mascarpone.html">Mascarpone</a>
                </li>
                <li>
                    <a class="estDynamic" href="../fresh-products/snacks.html">Snacks</a>
                </li>
                <li>
                    <a class="estDynamic" href="../fresh-products/mozzarella.html">Mozzarella</a>
                </li>
                <li>
                    <a class="estDynamic" href="../fresh-products/pasta.html">Pasta</a>
                </li>
                <li>
                    <a class="estDynamic" href="../fresh-products/pesto-and-sauces.html">Pesto and sauces</a>
                </li>
                <li>
                    <a class="estDynamic" href="../fresh-products/ricotta-and-cheese.html">Ricotta and cheese</a>
                </li>
                <li>
                    <a class="estDynamic" href="../fresh-products/cured-meat.html">Cured meat</a>
                </li>
                <li>
                    <a class="estDynamic" href="../fresh-products/wurstel.html">Würstel</a>
                </li>
                <li>
                    <a class="estDynamic" href="../fresh-products/yogurt.html">Yogurt</a>
                </li>
            </ul>
        </li>
        <li>
            <a class="estDynamic" href="../frozen-foods.html">
                <img src="../../cdn.spesati.com/images/menu/frozen-foods.png"/>
                Frozen foods            </a>
            <i class="fa fa-angle-right" aria-hidden="true"></i>
            <ul class="sub-menu">
                <li>
                    <a class="estDynamic" href="../frozen-foods/meat.html">Meat</a>
                </li>
                <li>
                    <a class="estDynamic" href="../frozen-foods/ice-creams.html">Ice cream and sweet</a>
                </li>
                <li>
                    <a class="estDynamic" href="../frozen-foods/pasta.html">Pasta</a>
                </li>
                <li>
                    <a class="estDynamic" href="../frozen-foods/fish.html">Fish</a>
                </li>
                <li>
                    <a class="estDynamic" href="../frozen-foods/ready-meals.html">Ready meals</a>
                </li>
                <li>
                    <a class="estDynamic" href="../frozen-foods/pizzas.html">Pizzas</a>
                </li>
                <li>
                    <a class="estDynamic" href="../frozen-foods/vegetables.html">Vegetables and soy</a>
                </li>
            </ul>
        </li>
        <li>
            <a class="estDynamic" href="../bread-and-pasta.html">
                <img src="../../cdn.spesati.com/images/menu/bread-and-pasta.png"/>
                Bread and pasta            </a>
            <i class="fa fa-angle-right" aria-hidden="true"></i>
            <ul class="sub-menu">
                <li>
                    <a class="estDynamic" href="../bread-and-pasta/crackers.html">Crackers</a>
                </li>
                <li>
                    <a class="estDynamic" href="../bread-and-pasta/rusks.html">Rusks</a>
                </li>
                <li>
                    <a class="estDynamic" href="../bread-and-pasta/white-bread.html">White bread</a>
                </li>
                <li>
                    <a class="estDynamic" href="../bread-and-pasta/local-bread.html">Local bread</a>
                </li>
                <li>
                    <a class="estDynamic" href="../bread-and-pasta/soft-bread.html">Soft bread</a>
                </li>
                <li>
                    <a class="estDynamic" href="../bread-and-pasta/sardinian-bread.html">Sardinian bread</a>
                </li>
                <li>
                    <a class="estDynamic" href="../bread-and-pasta/bakery.html">Bakery</a>
                </li>
                <li>
                    <a class="estDynamic" href="../bread-and-pasta/pasta.html">Pasta</a>
                </li>
                <li>
                    <a class="estDynamic" href="../bread-and-pasta/fresh-pasta.html">Fresh pasta</a>
                </li>
            </ul>
        </li>
        <li>
            <a class="estDynamic" href="../meat.html">
                <img src="../../cdn.spesati.com/images/menu/meat.png"/>
                Meat            </a>
            <i class="fa fa-angle-right" aria-hidden="true"></i>
            <ul class="sub-menu">
                <li>
                    <a class="estDynamic" href="../meat/beef.html">Beef</a>
                </li>
                <li>
                    <a class="estDynamic" href="../meat/goat.html">Goat</a>
                </li>
                <li>
                    <a class="estDynamic" href="../meat/packaged-meat.html">Packaged meat</a>
                </li>
                <li>
                    <a class="estDynamic" href="../meat/rabbit.html">Rabbit</a>
                </li>
                <li>
                    <a class="estDynamic" href="../meat/horse.html">Horse</a>
                </li>
                <li>
                    <a class="estDynamic" href="../meat/pork.html">Pork</a>
                </li>
                <li>
                    <a class="estDynamic" href="../meat/lamb.html">Lamb</a>
                </li>
                <li>
                    <a class="estDynamic" href="../meat/poultry.html">Poultry</a>
                </li>
            </ul>
        </li>
        <li>
            <a class="estDynamic" href="../fish.html">
                <img src="../../cdn.spesati.com/images/menu/fish.png"/>
                Fish            </a>
            <i class="fa fa-angle-right" aria-hidden="true"></i>
            <ul class="sub-menu">
                <li>
                    <a class="estDynamic" href="../fish/fresh-water.html">Fresh water</a>
                </li>
                <li>
                    <a class="estDynamic" href="../fish/salt-water.html">Salt water</a>
                </li>
                <li>
                    <a class="estDynamic" href="../fish/mussels.html">Mussels</a>
                </li>
                <li>
                    <a class="estDynamic" href="../fish/dried-and-salted.html">Dried and salted</a>
                </li>
                <li>
                    <a class="estDynamic" href="../fish/seafood-salad.html">Seafood salad</a>
                </li>
                <li>
                    <a class="estDynamic" href="../fish/prepared.html">Prepared</a>
                </li>
                <li>
                    <a class="estDynamic" href="../fish/specialty.html">Specialty</a>
                </li>   
                <li>
                    <a class="estDynamic" href="../fish/tuna-and-salmon.html">Tuna and salmon</a>
                </li>
            </ul>
        </li>
        <li>
            <a class="estDynamic" href="../wine-beer-and-spirits.html">
                <img src="../../cdn.spesati.com/images/menu/alcohol.png"/>
                Wine beer and spirits            </a>
            <i class="fa fa-angle-right" aria-hidden="true"></i>
            <ul class="sub-menu">
                <li>
                    <a class="estDynamic" href="../wine-beer-and-spirits/spirits-and-liquors.html">Alcohol</a>
                </li>
                <li>
                    <a class="estDynamic" href="../wine-beer-and-spirits/bitters.html">Bitters</a>
                </li>
                <li>
                    <a class="estDynamic" href="../wine-beer-and-spirits/aperatif.html">Aperatifs</a>
                </li>
                <li>
                    <a class="estDynamic" href="../wine-beer-and-spirits/beer.html">Beer</a>
                </li>
                <li>
                    <a class="estDynamic" href="../wine-beer-and-spirits/creams.html">Creams</a>
                </li>
                <li>
                    <a class="estDynamic" href="../wine-beer-and-spirits/spirits.html">Spirits</a>
                </li>
                <li>
                    <a class="estDynamic" href="../wine-beer-and-spirits/liquors.html">Liquors</a>
                </li>
                <li>
                    <a class="estDynamic" href="../wine-beer-and-spirits/white-wine.html">White wine</a>
                </li>
                <li>
                    <a class="estDynamic" href="../wine-beer-and-spirits/prosecco-wine.html">Prosecco wine</a>
                </li>
                <li>
                    <a class="estDynamic" href="../wine-beer-and-spirits/rose-wine.html">Rose wine</a>
                </li>
                <li>
                    <a class="estDynamic" href="../wine-beer-and-spirits/red-wine.html">Red wine</a>
                </li>
                <li>
                    <a class="estDynamic" href="../wine-beer-and-spirits/specialty-wine.html">Special wine</a>
                </li>
                <li>
                    <a class="estDynamic" href="../wine-beer-and-spirits/sparkling-wine.html">Sparkling wine</a>
                </li>
                <li>
                    <a class="estDynamic" href="../wine-beer-and-spirits/vermentino-wine.html">Vermentino wine</a>
                </li>
            </ul>
        </li>
        <li>
            <a class="estDynamic" href="../water-and-drinks.html">
                <img src="../../cdn.spesati.com/images/menu/water-and-drinks.png"/>
                Water and drinks            </a>
            <i class="fa fa-angle-right" aria-hidden="true"></i>
            <ul class="sub-menu">
                <li>
                    <a class="estDynamic" href="../water-and-drinks/san-martino.html">San Martino</a>
                </li>
                <li>
                    <a class="estDynamic" href="../water-and-drinks/water.html">Water</a>
                </li>
                <li>
                    <a class="estDynamic" href="../water-and-drinks/alpro.html">Alpro</a>
                </li>
                <li>
                    <a class="estDynamic" href="../water-and-drinks/fizzy-drinks.html">Fizzy drinks</a>
                </li>
                <li>
                    <a class="estDynamic" href="../water-and-drinks/coca-cola.html">Coca-Cola</a>
                </li>
                <li>
                    <a class="estDynamic" href="../water-and-drinks/energy-drink.html">Energy drink</a>
                </li>
                <li>
                    <a class="estDynamic" href="../water-and-drinks/syrups.html">Syrups</a>
                </li>
                <li>
                    <a class="estDynamic" href="../water-and-drinks/supplements.html">Supplements</a>
                </li>
                <li>
                    <a class="estDynamic" href="../water-and-drinks/instant-drinks.html">Instant drinks</a>
                </li>
                <li>
                    <a class="estDynamic" href="../water-and-drinks/juice.html">Juice</a>
                </li>
                <li>
                    <a class="estDynamic" href="../water-and-drinks/tea.html">Tea</a>
                </li>
            </ul>
        </li>
        <li>
            <a class="estDynamic" href="../sweets.html">
                <img src="../../cdn.spesati.com/images/menu/sweets.png"/>
                Sweets            </a>
            <i class="fa fa-angle-right" aria-hidden="true"></i>
            <ul class="sub-menu">
                <li>
                    <a class="estDynamic" href="bars-and-snacks.html">Bars and snacks</a>
                </li>
                <li>
                    <a class="estDynamic" href="biscuits.html">Biscuits</a>
                </li>
                <li>
                    <a class="estDynamic" href="brioches.html">Brioches</a>
                </li>
                <li>
                    <a class="estDynamic" href="candy-and-chewing-gum.html">Candy and chewing gum</a>
                </li>
                <li>
                    <a class="estDynamic" href="cereals.html">Cereals</a>
                </li>
                <li>
                    <a class="estDynamic" href="chocolate.html">Chocolate</a>
                </li>
                <li>
                    <a class="estDynamic" href="spreadable-creams.html">Spreads</a>
                </li>
                <li>
                    <a class="estDynamic" href="dessert-toppings.html">Dessert toppings</a>
                </li>
                <li>
                    <a class="estDynamic" href="jam.html">Jam</a>
                </li>
                <li>
                    <a class="estDynamic" href="honey.html">Honey</a>
                </li>
                <li>
                    <a class="estDynamic" href="panettoni-and-pandoro.html">Panettone and pandoro</a>
                </li>
                <li>
                    <a class="estDynamic" href="pastry.html">Pastry</a>
                </li>
                <li>
                    <a class="estDynamic" href="instant-dessert.html">Prepared</a>
                </li>
                <li>
                    <a class="estDynamic" href="cakes-and-pies.html">Cakes and pies</a>
                </li>
                <li>
                    <a class="estDynamic" href="easter-eggs-and-doves.html">Easter eggs and doves</a>
                </li>
            </ul>
        </li>
        <li>
            <a class="estDynamic" href="../shelf.html">
                <img src="../../cdn.spesati.com/images/menu/shelf.png"/>
                Cupboard            </a>
            <i class="fa fa-angle-right" aria-hidden="true"></i>
            <ul class="sub-menu">
                <li>
                    <a class="estDynamic" href="../shelf/coffee.html">Coffee</a>
                </li>
                <li>
                    <a class="estDynamic" href="../shelf/gift-baskets.html">Gift baskets</a>
                </li>
                <li>
                    <a class="estDynamic" href="../shelf/stock-cubes.html">Nuts and preparations</a>
                </li>
                <li>
                    <a class="estDynamic" href="../shelf/flour-and-baking.html">Flour and baking</a>
                </li>
                <li>
                    <a class="estDynamic" href="../shelf/milk.html">Milk</a>
                </li>
                <li>
                    <a class="estDynamic" href="../shelf/oil-salt-vinegar.html">Oil, vinegar and salt</a>
                </li>
                <li>
                    <a class="estDynamic" href="../shelf/cream-and-bechamel.html">Cream and bechamel</a>
                </li>
                <li>
                    <a class="estDynamic" href="../shelf/crisps-and-pretzels.html">Crisps and pretzels</a>
                </li>
                <li>
                    <a class="estDynamic" href="../shelf/baby-and-infants-products.html">Early childhood products</a>
                </li>
                <li>
                    <a class="estDynamic" href="../shelf/rice.html">Rice</a>
                </li>
                <li>
                    <a class="estDynamic" href="../shelf/tins-and-preserves.html">Tins and Preserves</a>
                </li>
                <li>
                    <a class="estDynamic" href="../shelf/spices.html">Spices</a>
                </li>
                <li>
                    <a class="estDynamic" href="../shelf/sauces.html">Sauces</a>
                </li>
                <li>
                    <a class="estDynamic" href="../shelf/tea-and-infusions.html">Tea and infusions</a>
                </li>
                <li>
                    <a class="estDynamic" href="../shelf/eggs.html">Eggs</a>
                </li>
                <li>
                    <a class="estDynamic" href="../shelf/sugar-and-sweeteners.html">Sugar and sweeteners</a>
                </li>
            </ul>
        </li>
        <li>
            <a class="estDynamic" href="../personal-care.html">
                <img src="../../cdn.spesati.com/images/menu/personal-care.png"/>
                Personal care            </a>
            <i class="fa fa-angle-right" aria-hidden="true"></i>
            <ul class="sub-menu">
                <li>
                    <a class="estDynamic" href="../personal-care/accessories-and-cotton.html">Accessories and cotton</a>
                </li>
                <li>
                    <a class="estDynamic" href="../personal-care/feminine-care-incontinence-and-baby-diapers.html">Feminine incontinence and diapers</a>
                </li>
                <li>
                    <a class="estDynamic" href="../personal-care/shower-gel.html">Shower gel</a>
                </li>
                <li>
                    <a class="estDynamic" href="../personal-care/creams.html">Creams</a>
                </li>
                <li>
                    <a class="estDynamic" href="../personal-care/deodorant.html">Deodorant</a>
                </li>
                <li>
                    <a class="estDynamic" href="../personal-care/hair-removal.html">Hair removal</a>
                </li>
                <li>
                    <a class="estDynamic" href="../personal-care/disinfectants.html">Disinfectants</a>
                </li>
                <li>
                    <a class="estDynamic" href="../personal-care/oral-hygiene.html">Oral hygiene</a>
                </li>
                <li>
                    <a class="estDynamic" href="../personal-care/supplements-and-multivitamins.html">Supplements and multivitamins</a>
                </li>
                <li>
                    <a class="estDynamic" href="../personal-care/first-aid.html">First aid label</a>
                </li>
                <li>
                    <a class="estDynamic" href="../personal-care/beard-products.html">Beard products</a>
                </li>
                <li>
                    <a class="estDynamic" href="../personal-care/hairs-products.html">Hair products</a>
                </li>
                <li>
                    <a class="estDynamic" href="../personal-care/perfume.html">Perfumes</a>
                </li>
                <li>
                    <a class="estDynamic" href="../personal-care/wipes.html">Wipes</a>
                </li>
                <li>
                    <a class="estDynamic" href="../personal-care/soaps-and-body-wash.html">Soaps and body wash</a>
                </li>
                <li>
                    <a class="estDynamic" href="../personal-care/shampoo-and-conditioner.html">Shampoo and conditioner</a>
                </li>
            </ul>
        </li>
        <li>
            <a class="estDynamic" href="../household-and-outdoors.html">
                <img src="../../cdn.spesati.com/images/menu/pellet-and-home.png"/>
                Home and outdoors 
            </a>
            <i class="fa fa-angle-right" aria-hidden="true"></i>
            <ul class="sub-menu">
                <li>
                    <a class="estDynamic" href="../household-and-outdoors/distilled-water.html">Distilled water</a>
                </li>
                <li>
                    <a class="estDynamic" href="../household-and-outdoors/car-products.html">Cars</a>
                </li>
                <li>
                    <a class="estDynamic" href="../household-and-outdoors/bin-bags-and-buckets.html">Bin bags and buckets</a>
                </li>
                <li>
                    <a class="estDynamic" href="../household-and-outdoors/bleach-and-stain-removers.html">Bleach and stain removers</a>
                </li>
                <li>
                    <a class="estDynamic" href="../household-and-outdoors/candles.html">Candles</a>
                </li>
                <li>
                    <a class="estDynamic" href="../household-and-outdoors/kitchen-roll.html">Kitchen roll</a>
                </li>
                <li>
                    <a class="estDynamic" href="../household-and-outdoors/air-fresheners.html">Air fresheners</a>
                </li>
                <li>
                    <a class="estDynamic" href="../household-and-outdoors/laundry-accessories-and-detergent.html">Laundry detergent</a>
                </li>
                <li>
                    <a class="estDynamic" href="../household-and-outdoors/dishwasher-and-washing-up.html">Dishwasher and washing up</a>
                </li>
                <li>
                    <a class="estDynamic" href="../household-and-outdoors/gardening.html">Gardening</a>
                </li>
                <li>
                    <a class="estDynamic" href="../household-and-outdoors/light-bulbs-and-batteries.html">Lightbulbs and batteries</a>
                </li>
                <li>
                    <a class="estDynamic" href="../household-and-outdoors/pellet-and-bbq.html">Pellet and BBQ</a>
                </li>
                <li>
                    <a class="estDynamic" href="../household-and-outdoors/bathroom-products.html">Bathroom products</a>
                </li>
                <li>
                    <a class="estDynamic" href="../household-and-outdoors/home-and-furniture-products.html">Home and furniture products</a>
                </li>
                <li>
                    <a class="estDynamic" href="../household-and-outdoors/kitchen-products.html">Kitchen products</a>
                </li>
                <li>
                    <a class="estDynamic" href="../household-and-outdoors/window-and-floor-cleaners.html">Window and floor cleaner</a>
                </li>
                <li>
                    <a class="estDynamic" href="../household-and-outdoors/repellents.html">Repellents</a>
                </li>
                <li>
                    <a class="estDynamic" href="../household-and-outdoors/disposable-tableware.html">Disposable tableware</a>
                </li>
            </ul>
        </li>
        <li>
            <a class="estDynamic" href="../pet.html">
                <img src="../../cdn.spesati.com/images/menu/animals.png"/>
                Pets            </a>
            <i class="fa fa-angle-right" aria-hidden="true"></i>
            <ul class="sub-menu">
                <li>
                    <a class="estDynamic" href="../pets/pet-food-other-animals.html">Other animals pet food</a>
                </li>
                <li>
                    <a class="estDynamic" href="../pets/pet-food-dogs.html">Pet food dogs</a>
                </li>
                <li>
                    <a class="estDynamic" href="../pets/pet-food-cats.html">Pet food cats</a>
                </li>
                <li>
                    <a class="estDynamic" href="../pets/hygiene-and-cleaning.html">Hygiene and cleaning</a>
                </li>
            </ul>
        </li>
        <li>
            <a class="estDynamic" href="../technology.html">
                <img src="../../cdn.spesati.com/images/menu/technology.png"/>
                Technology            </a>
            <i class="fa fa-angle-right" aria-hidden="true"></i>
            <ul class="sub-menu">
                <li>
                    <a class="estDynamic" href="../technology/accessories.html">Accessories</a>
                </li>
                <li>
                    <a class="estDynamic" href="../technology/computer.html">Computer</a>
                </li>
                <li>
                    <a class="estDynamic" href="../technology/telephones.html">Telephones</a>
                </li>
                <li>
                    <a class="estDynamic" href="../technology/tv.html">TV</a>
                </li>
            </ul>
        </li>
        <li>
            <a class="estDynamic" href="../gluten-free.html">
                <img src="../../cdn.spesati.com/images/menu/gluten-free.png"/>
                Gluten free            </a>
            <i class="fa fa-angle-right" aria-hidden="true"></i>
            <ul class="sub-menu">
                <li>
                    <a class="estDynamic" href="../gluten-free/frozen-foods.html">Frozen foods</a>
                </li>
                <li>
                    <a class="estDynamic" href="../gluten-free/beer.html">Beer</a>
                </li>
                <li>
                    <a class="estDynamic" href="../gluten-free/sweets.html">Sweets</a>
                </li>
                <li>
                    <a class="estDynamic" href="../gluten-free/bread-and-pasta.html">Bread and pasta</a>
                </li>
                <li>
                    <a class="estDynamic" href="../gluten-free/shelf.html">Cupboard</a>
                </li>
            </ul>
        </li>
        <li>
            <a class="estDynamic" href="../lactose-free.html">
                <img src="../../cdn.spesati.com/images/menu/lactose-free.png"/>
                Lactose free            </a>
            <i class="fa fa-angle-right" aria-hidden="true"></i>
            <ul class="sub-menu">
                <li>
                    <a class="estDynamic" href="../lactose-free/frozen-foods.html">Frozen foods</a>
                </li>
                <li>
                    <a class="estDynamic" href="../lactose-free/sweets.html">Sweets</a>
                </li>
                <li>
                    <a class="estDynamic" href="../lactose-free/dairy-product.html">Dairy product</a>
                </li>
                <li>
                    <a class="estDynamic" href="../lactose-free/shelf.html">Cupboard</a>
                </li>
            </ul>
        </li>
        <li>
            <a class="estDynamic" href="../special.html">
                <img src="../../cdn.spesati.com/images/menu/special.png"/>
                Special            </a>
            <i class="fa fa-angle-right" aria-hidden="true"></i>
            <ul class="sub-menu">
                <li>
                    <a class="estDynamic" href="../special/alpro.html">Alpro</a>
                </li>
                <li>
                    <a class="estDynamic" href="../special/organic.html">Biological</a>
                </li>
                <li>
                    <a class="estDynamic" href="../special/meat.html">Meat</a>
                </li>
                <li>
                    <a class="estDynamic" href="../special/wholegrain.html">Wholegrain</a>
                </li>
                <li>
                    <a class="estDynamic" href="../special/bread-and-pasta.html">Bread and pasta</a>
                </li>
                <li>
                    <a class="estDynamic" href="../special/vegan.html">Vegan</a>
                </li>
            </ul>
        </li>
        <li>
            <a class="estDynamic" href="../sardinian-products.html">
                <img src="../../cdn.spesati.com/images/menu/sardinian-products.png"/>
                Sardinian products            </a>
            <i class="fa fa-angle-right" aria-hidden="true"></i>
            <ul class="sub-menu">
                <li>
                    <a class="estDynamic" href="../sardinian-products/drinks.html">Drinks</a>
                </li>
                <li>
                    <a class="estDynamic" href="../sardinian-products/meat.html">Meat</a>
                </li>
                <li>
                    <a class="estDynamic" href="../sardinian-products/sweets.html">Sweets</a>
                </li>
                <li>
                    <a class="estDynamic" href="../sardinian-products/fruit-and-vegetables.html">Fruit and vegetables</a>
                </li>
                <li>
                    <a class="estDynamic" href="../sardinian-products/ichnusa.html">Ichnusa</a>
                </li>
                <li>
                    <a class="estDynamic" href="../sardinian-products/dairy-product.html">Dairy product</a>
                </li>
                <li>
                    <a class="estDynamic" href="../sardinian-products/bread-and-pasta.html">Bread and pasta</a>
                </li>
                <li>
                    <a class="estDynamic" href="../sardinian-products/fish.html">Fish</a>
                </li>
                <li>
                    <a class="estDynamic" href="../sardinian-products/cured-meat.html">Cured meat</a>
                </li>
                <li>
                    <a class="estDynamic" href="../sardinian-products/shelf.html">Cupboard</a>
                </li>
                <li>
                    <a class="estDynamic" href="../sardinian-products/vermentino-wine.html">Vermentino wine</a>
                </li>
                <li>
                    <a class="estDynamic" href="../sardinian-products/wine-beer-and-spirits.html">Wine beer and spirits</a>
                </li>
            </ul>
        </li>
    </ul>
</div>    <div class="colRight">
        <div class="title mobile">
	<a href="../sweets.html"><i class="fa red fa-angle-left fa-3x mobile" aria-hidden="true"></i></a>
	<h2>
		<b>
			biscuits		</b>
	</h2>
</div>

<div class="breadcrumb bgGrey internal">
	<p>
		<b>
			<a href="../index.html">Home</a>
												&gt; <a href="../sweets.html">Sweets</a>
																&gt; Biscuits									</b>
	</p>
	<div>
		<p>Order by</p>
		<select name="orderProd" id="orderProd">
			<option disabled="disabled" selected="selected">- Choose -</option>
			<option value="nameAsc">Name (A - Z)</option>
			<option value="nameDes">Name (Z - A)</option>
			<option value="priceHigh">Price - High to low</option>
			<option value="priceLow">Price - Low to high</option>
			<option value="soldAsc">Best Selling</option>
			<option value="available">Availability</option>
		</select>
	</div>
</div>
        <div class="containerProduct">
            <script type='text/javascript'>var track = '{"event":"ViewContent", "type":"category", "id":"Dolciumi", "subids":["Biscotti"], "url":"https://www.spesati.com/sweets/biscuits"}';</script>
<script>
gtag('event', 'select_content', {content_type: 'category', item_id: 'Dolciumi'});gtag('event', 'select_content', {content_type: 'category', item_id: 'Biscotti'});
</script>
<div class="left product prod1"
        data-name="Sfogliatine Midi Zuccherate 200Gr"
        data-price="1.63"
        data-id="5812"
        data-available="yes"
        data-category="2229"
        data-bestselling="1">
    <a href="../sfogliatine-midi-zuccherate-200gr.html">
        <div style="background-image: url('../../cdn.spesati.com/images/products/110101/sfogliatine-midi-zuccherate-01.jpg')">
            <div class="hover"></div>
            <p class="arrow bgRed white">Best Seller</p>
            <div class="stickers"></div>
        </div>
    </a>
    <div>
        <h4><a href="../sfogliatine-midi-zuccherate-200gr.html"><b>Sfogliatine Midi Zuccherate 200Gr</b></a></h4>
        <p class="description">0.2 Kg</p>
        <p class="right price"><b>1.63 €</b></p>
        <p class="right unitPrice">8.17 € per kg</p>
    </div>
    <div class="contButton">
    <a class="button bgRed white addToCart" href="#">Add</a>
</div>
</div><div class="left product prod2"
        data-name="Bisc Walker Chocolate Chuck"
        data-price="5.35"
        data-id="34734"
        data-available="yes"
        data-category="2229"
        data-bestselling="">
    <a href="../bisc-walker-chocolate-chuck.html">
        <div style="background-image: url('../../cdn.spesati.com/images/products/000650257/walkers-belgian-chocolate-crunk-biscuits-150-g-01.png')">
            <div class="hover"></div>
            
            <div class="stickers"></div>
        </div>
    </a>
    <div>
        <h4><a href="../bisc-walker-chocolate-chuck.html"><b>Bisc Walker Chocolate Chuck</b></a></h4>
        <p class="description">Walkers Belgian Chocolate Crunk Biscuits 150 g</p>
        <p class="right price"><b>5.35 €</b></p>
        <p class="right unitPrice">35.67 € per kg</p>
    </div>
    <div class="contButton">
    <a class="button bgRed white addToCart" href="#">Add</a>
</div>
</div><div class="left product prod3"
        data-name="Bisc Ferr Nutella Biscuit 304g"
        data-price="3.55"
        data-id="62994"
        data-available="yes"
        data-category="2229"
        data-bestselling="">
    <a href="../bisc-ferr-nutella-biscuit-304g.html">
        <div style="background-image: url('../../cdn.spesati.com/images/products/000510649/nutella-biscuits-304-g-01.png')">
            <div class="hover"></div>
            
            <div class="stickers"></div>
        </div>
    </a>
    <div>
        <h4><a href="../bisc-ferr-nutella-biscuit-304g.html"><b>Bisc Ferr Nutella Biscuit 304g</b></a></h4>
        <p class="description">nutella biscuits 304 g</p>
        <p class="right price"><b>3.55 €</b></p>
        <p class="right unitPrice">11.84 € per kg</p>
    </div>
    <div class="contButton">
    <a class="button bgRed white addToCart" href="#">Add</a>
</div>
</div><div class="left product prod4"
        data-name="Mcvities Original Digestinve 400Gr"
        data-price="3.92"
        data-id="4854"
        data-available="yes"
        data-category="2229"
        data-bestselling="">
    <a href="../mcvities-original-digestinve-400gr.html">
        <div style="background-image: url('../../cdn.spesati.com/images/products/000502116/mcvities-digestives-the-original-400-g-01.png')">
            <div class="hover"></div>
            
            <div class="stickers"></div>
        </div>
    </a>
    <div>
        <h4><a href="../mcvities-original-digestinve-400gr.html"><b>Mcvities Original Digestinve 400Gr</b></a></h4>
        <p class="description">McVitie's Digestives the Original 400 g</p>
        <p class="right price"><b>3.92 €</b></p>
        <p class="right unitPrice">9.80 € per kg</p>
    </div>
    <div class="contButton">
    <a class="button bgRed white addToCart" href="#">Add</a>
</div>
</div><div class="left product prod5"
        data-name="Bisc Misura Frollino S-z 400gr"
        data-price="3.51"
        data-id="33827"
        data-available="yes"
        data-category="2229"
        data-bestselling="">
    <a href="../bisc-misura-frollino-s-z-400gr.html">
        <div style="background-image: url('../../cdn.spesati.com/images/products/000501756/misura-dolcesenza-biscotti-allo-yogurt-400-g-01.png')">
            <div class="hover"></div>
            
            <div class="stickers"></div>
        </div>
    </a>
    <div>
        <h4><a href="../bisc-misura-frollino-s-z-400gr.html"><b>Bisc Misura Frollino S-z 400gr</b></a></h4>
        <p class="description">Misura Dolcesenza Biscotti allo Yogurt 400 g</p>
        <p class="right price"><b>3.51 €</b></p>
        <p class="right unitPrice">8.77 € per kg</p>
    </div>
    <div class="contButton">
    <a class="button bgRed white addToCart" href="#">Add</a>
</div>
</div><div class="left product prod6"
        data-name="Bisc Misura Priv Riso Sof Caca"
        data-price="3.00"
        data-id="33826"
        data-available="yes"
        data-category="2229"
        data-bestselling="">
    <a href="../bisc-misura-priv-riso-sof-caca.html">
        <div style="background-image: url('../../cdn.spesati.com/images/products/000501753/misura-privolat-cacao-e-riso-soffiato-290-g-01.png')">
            <div class="hover"></div>
            
            <div class="stickers"></div>
        </div>
    </a>
    <div>
        <h4><a href="../bisc-misura-priv-riso-sof-caca.html"><b>Bisc Misura Priv Riso Sof Caca</b></a></h4>
        <p class="description">Misura Privolat Cacao e Riso Soffiato 290 g</p>
        <p class="right price"><b>3.00 €</b></p>
        <p class="right unitPrice">10.35 € per kg</p>
    </div>
    <div class="contButton">
    <a class="button bgRed white addToCart" href="#">Add</a>
</div>
</div><div class="left product prod7"
        data-name="Bisc Misura Privolat Miele 400"
        data-price="3.75"
        data-id="33825"
        data-available="yes"
        data-category="2229"
        data-bestselling="2">
    <a href="../bisc-misura-privolat-miele-400.html">
        <div style="background-image: url('../../cdn.spesati.com/images/products/000501752/misura-privolat-biscotti-al-miele-millefiori-400-g-01.png')">
            <div class="hover"></div>
            <p class="arrow bgRed white">Best Seller</p>
            <div class="stickers"></div>
        </div>
    </a>
    <div>
        <h4><a href="../bisc-misura-privolat-miele-400.html"><b>Bisc Misura Privolat Miele 400</b></a></h4>
        <p class="description">Misura Privolat Biscotti al Miele Millefiori 400 g</p>
        <p class="right price"><b>3.75 €</b></p>
        <p class="right unitPrice">9.37 € per kg</p>
    </div>
    <div class="contButton">
    <a class="button bgRed white addToCart" href="#">Add</a>
</div>
</div><div class="left product prod8"
        data-name="Bisc Ferrero Mc Vite's Dig 800"
        data-price="6.00"
        data-id="33779"
        data-available="yes"
        data-category="2229"
        data-bestselling="">
    <a href="../bisc-ferrero-mc-vites-dig-800.html">
        <div style="background-image: url('../../cdn.spesati.com/images/products/000500937/mcvities-digestives-the-original-2-x-400-g-01.png')">
            <div class="hover"></div>
            
            <div class="stickers"></div>
        </div>
    </a>
    <div>
        <h4><a href="../bisc-ferrero-mc-vites-dig-800.html"><b>Bisc Ferrero Mc Vite's Dig 800</b></a></h4>
        <p class="description">McVitie's Digestives the Original 2 x 400 g</p>
        <p class="right price"><b>6.00 €</b></p>
        <p class="right unitPrice">7.50 € per kg</p>
    </div>
    <div class="contButton">
    <a class="button bgRed white addToCart" href="#">Add</a>
</div>
</div><div class="left product prod9"
        data-name="Bisc Pavesi Gocciol Caram 300g"
        data-price="3.29"
        data-id="81633"
        data-available="yes"
        data-category="2229"
        data-bestselling="1">
    <a href="../bisc-pavesi-gocciol-caram-300g.html">
        <div style="background-image: url('../../cdn.spesati.com/images/products/000472894/pavesi-gocciole-caramel-biscotti-con-gocce-di-cioccolato-e-granella-di-caramello-300g-01.png')">
            <div class="hover"></div>
            <p class="arrow bgRed white">Best Seller</p>
            <div class="stickers"></div>
        </div>
    </a>
    <div>
        <h4><a href="../bisc-pavesi-gocciol-caram-300g.html"><b>Bisc Pavesi Gocciol Caram 300g</b></a></h4>
        <p class="description">Pavesi Gocciole Caramel Biscotti con Gocce di Cioccolato e Granella di Caramello 300g</p>
        <p class="right price"><b>3.29 €</b></p>
        <p class="right unitPrice">10.97 € per kg</p>
    </div>
    <div class="contButton">
    <a class="button bgRed white addToCart" href="#">Add</a>
</div>
</div><div class="left product prod10"
        data-name="Baiocchi Mulino B Pistac 168gr"
        data-price="3.19"
        data-id="85148"
        data-available="yes"
        data-category="2229"
        data-bestselling="">
    <a href="../baiocchi-mulino-b-pistac-168gr.html">
        <div style="background-image: url('../../cdn.spesati.com/images/products/000472892/mulino-bianco-baiocchi-biscotti-snack-farciti-con-crema-al-pistacchio-168g-01.png')">
            <div class="hover"></div>
            
            <div class="stickers"></div>
        </div>
    </a>
    <div>
        <h4><a href="../baiocchi-mulino-b-pistac-168gr.html"><b>Baiocchi Mulino B Pistac 168gr</b></a></h4>
        <p class="description">Mulino Bianco Baiocchi Biscotti Snack Farciti con Crema al Pistacchio 168g</p>
        <p class="right price"><b>3.19 €</b></p>
        <p class="right unitPrice">18.77 € per kg</p>
    </div>
    <div class="contButton">
    <a class="button bgRed white addToCart" href="#">Add</a>
</div>
</div><div class="left product prod11"
        data-name="Bisc Saiwa Oro 5 Cereali 420g"
        data-price="3.15"
        data-id="79203"
        data-available="yes"
        data-category="2229"
        data-bestselling="">
    <a href="../bisc-saiwa-oro-5-cereali-420g.html">
        <div style="background-image: url('../../cdn.spesati.com/images/products/000472840/oro-saiwa-biscotti-secchi-5-cereali-420-g-01.png')">
            <div class="hover"></div>
            
            <div class="stickers"></div>
        </div>
    </a>
    <div>
        <h4><a href="../bisc-saiwa-oro-5-cereali-420g.html"><b>Bisc Saiwa Oro 5 Cereali 420g</b></a></h4>
        <p class="description">Oro Saiwa biscotti secchi 5 Cereali - 420 g</p>
        <p class="right price"><b>3.15 €</b></p>
        <p class="right unitPrice">7.49 € per kg</p>
    </div>
    <div class="contButton">
    <a class="button bgRed white addToCart" href="#">Add</a>
</div>
</div><div class="left product prod12"
        data-name="Bisc Saiwa Oro Cioccoro 300gr"
        data-price="3.29"
        data-id="74970"
        data-available="yes"
        data-category="2229"
        data-bestselling="1">
    <a href="../bisc-saiwa-oro-cioccoro-300gr.html">
        <div style="background-image: url('../../cdn.spesati.com/images/products/000472380/oro-saiwa-cioccoro-biscotti-integrali-con-cacao-gocce-di-cioccolato-fiocchi-davena-300g-01.png')">
            <div class="hover"></div>
            <p class="arrow bgRed white">Best Seller</p>
            <div class="stickers"></div>
        </div>
    </a>
    <div>
        <h4><a href="../bisc-saiwa-oro-cioccoro-300gr.html"><b>Bisc Saiwa Oro Cioccoro 300gr</b></a></h4>
        <p class="description">Oro Saiwa Cioccoro - biscotti integrali con cacao, gocce di cioccolato, fiocchi d'avena - 300g</p>
        <p class="right price"><b>3.29 €</b></p>
        <p class="right unitPrice">10.97 € per kg</p>
    </div>
    <div class="contButton">
    <a class="button bgRed white addToCart" href="#">Add</a>
</div>
</div><div class="left product prod13"
        data-name="Bisc Ferrero Kinderini 250 G"
        data-price="3.69"
        data-id="88799"
        data-available="yes"
        data-category="2229"
        data-bestselling="">
    <a href="../bisc-ferrero-kinderini-250-g.html">
        <div style="background-image: url('../../cdn.spesati.com/images/products/000444708/kinder-kinderini-20-pezzi-250-g-01.png')">
            <div class="hover"></div>
            
            <div class="stickers"></div>
        </div>
    </a>
    <div>
        <h4><a href="../bisc-ferrero-kinderini-250-g.html"><b>Bisc Ferrero Kinderini 250 G</b></a></h4>
        <p class="description">Kinder Kinderini 20 pezzi 250 g</p>
        <p class="right price"><b>3.69 €</b></p>
        <p class="right unitPrice">14.76 € per kg</p>
    </div>
    <div class="contButton">
    <a class="button bgRed white addToCart" href="#">Add</a>
</div>
</div><div class="left product prod14"
        data-name="Bisc Mulino B Baioc Pistac 240"
        data-price="2.95"
        data-id="85130"
        data-available="yes"
        data-category="2229"
        data-bestselling="">
    <a href="../bisc-mulino-b-baioc-pistac-240.html">
        <div style="background-image: url('../../cdn.spesati.com/images/products/000443356/mulino-bianco-baiocchi-al-pistacchio-240g-01.png')">
            <div class="hover"></div>
            
            <div class="stickers"></div>
        </div>
    </a>
    <div>
        <h4><a href="../bisc-mulino-b-baioc-pistac-240.html"><b>Bisc Mulino B Baioc Pistac 240</b></a></h4>
        <p class="description">Mulino Bianco Baiocchi al Pistacchio 240g</p>
        <p class="right price"><b>2.95 €</b></p>
        <p class="right unitPrice">12.30 € per kg</p>
    </div>
    <div class="contButton">
    <a class="button bgRed white addToCart" href="#">Add</a>
</div>
</div><div class="left product prod15"
        data-name="Biscocioc Pavesi Ring Nocc 162"
        data-price="3.19"
        data-id="69954"
        data-available="yes"
        data-category="2229"
        data-bestselling="2">
    <a href="../biscocioc-pavesi-ring-nocc-162.html">
        <div style="background-image: url('../../cdn.spesati.com/images/products/000438421/ringo-snack-bisco-cioc-snack-con-nocciole-100-italiane-e-cereali-croccanti-6-porzioni-162g-01.png')">
            <div class="hover"></div>
            <p class="arrow bgRed white">Best Seller</p>
            <div class="stickers"></div>
        </div>
    </a>
    <div>
        <h4><a href="../biscocioc-pavesi-ring-nocc-162.html"><b>Biscocioc Pavesi Ring Nocc 162</b></a></h4>
        <p class="description">Ringo Snack Bisco Cioc Snack con Nocciole 100% Italiane e Cereali Croccanti 6 porzioni 162g</p>
        <p class="right price"><b>3.19 €</b></p>
        <p class="right unitPrice">19.94 € per kg</p>
    </div>
    <div class="contButton">
    <a class="button bgRed white addToCart" href="#">Add</a>
</div>
</div><div class="left product prod16"
        data-name="Biscocioc Pavesi Ring Latt 162"
        data-price="3.19"
        data-id="69951"
        data-available="yes"
        data-category="2229"
        data-bestselling="">
    <a href="../biscocioc-pavesi-ring-latt-162.html">
        <div style="background-image: url('../../cdn.spesati.com/images/products/000438420/ringo-snack-bisco-cioc-snack-con-latte-italiano-6-porzioni-162g-01.png')">
            <div class="hover"></div>
            
            <div class="stickers"></div>
        </div>
    </a>
    <div>
        <h4><a href="../biscocioc-pavesi-ring-latt-162.html"><b>Biscocioc Pavesi Ring Latt 162</b></a></h4>
        <p class="description">Ringo Snack Bisco Cioc Snack con Latte Italiano 6 porzioni 162g</p>
        <p class="right price"><b>3.19 €</b></p>
        <p class="right unitPrice">19.94 € per kg</p>
    </div>
    <div class="contButton">
    <a class="button bgRed white addToCart" href="#">Add</a>
</div>
</div><div class="left product prod17"
        data-name="Bisc Ferr Nutella Biscuit Tubo"
        data-price="2.55"
        data-id="78266"
        data-available="yes"
        data-category="2229"
        data-bestselling="1">
    <a href="../bisc-ferr-nutella-biscuit-tubo.html">
        <div style="background-image: url('../../cdn.spesati.com/images/products/000438374/nutella-biscuits-166-g-01.png')">
            <div class="hover"></div>
            <p class="arrow bgRed white">Best Seller</p>
            <div class="stickers"></div>
        </div>
    </a>
    <div>
        <h4><a href="../bisc-ferr-nutella-biscuit-tubo.html"><b>Bisc Ferr Nutella Biscuit Tubo</b></a></h4>
        <p class="description">nutella biscuits 166 g</p>
        <p class="right price"><b>2.55 €</b></p>
        <p class="right unitPrice">15.00 € per kg</p>
    </div>
    <div class="contButton">
    <a class="button bgRed white addToCart" href="#">Add</a>
</div>
</div><div class="left product prod18"
        data-name="Bisc Oreo Mini 160gr"
        data-price="2.39"
        data-id="67164"
        data-available="yes"
        data-category="2229"
        data-bestselling="1">
    <a href="../bisc-oreo-mini-160gr.html">
        <div style="background-image: url('../../cdn.spesati.com/images/products/000438294/oreo-mini-piccoli-biscotti-con-crema-alla-vaniglia-4x40g-01.png')">
            <div class="hover"></div>
            <p class="arrow bgRed white">Best Seller</p>
            <div class="stickers"></div>
        </div>
    </a>
    <div>
        <h4><a href="../bisc-oreo-mini-160gr.html"><b>Bisc Oreo Mini 160gr</b></a></h4>
        <p class="description">Oreo Mini, piccoli biscotti con crema alla vaniglia - 4x40g</p>
        <p class="right price"><b>2.39 €</b></p>
        <p class="right unitPrice">14.94 € per kg</p>
    </div>
    <div class="contButton">
    <a class="button bgRed white addToCart" href="#">Add</a>
</div>
</div><div class="left product prod19"
        data-name="Bisc Pavesi Gocciole Cocco 320"
        data-price="3.45"
        data-id="69936"
        data-available="yes"
        data-category="2229"
        data-bestselling="">
    <a href="../bisc-pavesi-gocciole-cocco-320.html">
        <div style="background-image: url('../../cdn.spesati.com/images/products/000438279/pavesi-gocciole-coconut-biscotti-con-gocce-di-cioccolato-fondente-e-cocco-320g-01.png')">
            <div class="hover"></div>
            
            <div class="stickers"></div>
        </div>
    </a>
    <div>
        <h4><a href="../bisc-pavesi-gocciole-cocco-320.html"><b>Bisc Pavesi Gocciole Cocco 320</b></a></h4>
        <p class="description">Pavesi Gocciole Coconut Biscotti con Gocce di Cioccolato Fondente e Cocco 320g</p>
        <p class="right price"><b>3.45 €</b></p>
        <p class="right unitPrice">10.78 € per kg</p>
    </div>
    <div class="contButton">
    <a class="button bgRed white addToCart" href="#">Add</a>
</div>
</div><div class="left product prod20"
        data-name="Snack Paves Pavesini Double 60"
        data-price="1.89"
        data-id="67074"
        data-available="yes"
        data-category="2229"
        data-bestselling="1">
    <a href="../snack-paves-pavesini-double-60.html">
        <div style="background-image: url('../../cdn.spesati.com/images/products/000438259/pavesi-pavesini-double-biscotti-con-fondo-di-cioccolato-60g-01.png')">
            <div class="hover"></div>
            <p class="arrow bgRed white">Best Seller</p>
            <div class="stickers"></div>
        </div>
    </a>
    <div>
        <h4><a href="../snack-paves-pavesini-double-60.html"><b>Snack Paves Pavesini Double 60</b></a></h4>
        <p class="description">Pavesi Pavesini Double Biscotti con Fondo di Cioccolato 60g</p>
        <p class="right price"><b>1.89 €</b></p>
        <p class="right unitPrice">31.49 € per kg</p>
    </div>
    <div class="contButton">
    <a class="button bgRed white addToCart" href="#">Add</a>
</div>
</div><div class="left product prod21"
        data-name="Bisc Mulino B Schiaccian 300gr"
        data-price="3.39"
        data-id="63756"
        data-available="yes"
        data-category="2229"
        data-bestselling="">
    <a href="../bisc-mulino-b-schiaccian-300gr.html">
        <div style="background-image: url('../../cdn.spesati.com/images/products/000438005/mulino-bianco-schiaccianoci-biscotti-con-frutta-secca-e-cioccolato-fondente-300g-01.png')">
            <div class="hover"></div>
            
            <div class="stickers"></div>
        </div>
    </a>
    <div>
        <h4><a href="../bisc-mulino-b-schiaccian-300gr.html"><b>Bisc Mulino B Schiaccian 300gr</b></a></h4>
        <p class="description">Mulino Bianco Schiaccianoci Biscotti con Frutta Secca e Cioccolato Fondente 300g</p>
        <p class="right price"><b>3.39 €</b></p>
        <p class="right unitPrice">11.30 € per kg</p>
    </div>
    <div class="contButton">
    <a class="button bgRed white addToCart" href="#">Add</a>
</div>
</div><div class="left product prod22"
        data-name="Bisc Oreo Banadas Ciocc 246gr"
        data-price="2.79"
        data-id="65013"
        data-available="yes"
        data-category="2229"
        data-bestselling="">
    <a href="../bisc-oreo-banadas-ciocc-246gr.html">
        <div style="background-image: url('../../cdn.spesati.com/images/products/000437869/oreo-banadas-246-g-01.png')">
            <div class="hover"></div>
            
            <div class="stickers"></div>
        </div>
    </a>
    <div>
        <h4><a href="../bisc-oreo-banadas-ciocc-246gr.html"><b>Bisc Oreo Banadas Ciocc 246gr</b></a></h4>
        <p class="description">Oreo Bañadas 246 g</p>
        <p class="right price"><b>2.79 €</b></p>
        <p class="right unitPrice">11.15 € per kg</p>
    </div>
    <div class="contButton">
    <a class="button bgRed white addToCart" href="#">Add</a>
</div>
</div><div class="left product prod23"
        data-name="Bisc Oreo Banadas Bianco 246g"
        data-price="3.18"
        data-id="65010"
        data-available="yes"
        data-category="2229"
        data-bestselling="">
    <a href="../bisc-oreo-banadas-bianco-246g.html">
        <div style="background-image: url('../../cdn.spesati.com/images/products/000437868/oreo-banadas-blanco-246-g-01.png')">
            <div class="hover"></div>
            
            <div class="stickers"></div>
        </div>
    </a>
    <div>
        <h4><a href="../bisc-oreo-banadas-bianco-246g.html"><b>Bisc Oreo Banadas Bianco 246g</b></a></h4>
        <p class="description">Oreo Bañadas Blanco 246 g</p>
        <p class="right price"><b>3.18 €</b></p>
        <p class="right unitPrice">12.71 € per kg</p>
    </div>
    <div class="contButton">
    <a class="button bgRed white addToCart" href="#">Add</a>
</div>
</div><div class="left product prod24"
        data-name="Taralli Nutrif S/g Multip 180g"
        data-price="5.09"
        data-id="77245"
        data-available="yes"
        data-category="2229"
        data-bestselling="">
    <a href="../taralli-nutrif-sg-multip-180g.html">
        <div style="background-image: url('../../cdn.spesati.com/images/products/000437397/nutrifree-ready-to-go-il-tarallo-6-porzioni-180-g-01.png')">
            <div class="hover"></div>
            
            <div class="stickers"><img class="left" src="../../cdn.spesati.com/images/layout/gluten-free.png" /></div>
        </div>
    </a>
    <div>
        <h4><a href="../taralli-nutrif-sg-multip-180g.html"><b>Taralli Nutrif S/g Multip 180g</b></a></h4>
        <p class="description">Nutrifree Ready to go! Il Tarallo 6 Porzioni 180 g</p>
        <p class="right price"><b>5.09 €</b></p>
        <p class="right unitPrice">28.28 € per kg</p>
    </div>
    <div class="contButton">
    <a class="button bgRed white addToCart" href="#">Add</a>
</div>
</div><div class="left product prod25"
        data-name="Bisc Mul B Mini F Cioc/lat 110"
        data-price="2.15"
        data-id="59445"
        data-available="yes"
        data-category="2229"
        data-bestselling="">
    <a href="../bisc-mul-b-mini-f-cioclat-110.html">
        <div style="background-image: url('../../cdn.spesati.com/images/products/000437362/mulino-bianco-mini-fette-con-cioccolato-al-latte-110-g-01.png')">
            <div class="hover"></div>
            
            <div class="stickers"></div>
        </div>
    </a>
    <div>
        <h4><a href="../bisc-mul-b-mini-f-cioclat-110.html"><b>Bisc Mul B Mini F Cioc/lat 110</b></a></h4>
        <p class="description">Mulino Bianco Mini Fette con Cioccolato al latte 110 g</p>
        <p class="right price"><b>2.15 €</b></p>
        <p class="right unitPrice">19.54 € per kg</p>
    </div>
    <div class="contButton">
    <a class="button bgRed white addToCart" href="#">Add</a>
</div>
</div><div class="left product prod26"
        data-name="Bisc Pan Di Stel Biscrema 168g"
        data-price="4.67"
        data-id="32840"
        data-available="yes"
        data-category="2229"
        data-bestselling="">
    <a href="../bisc-pan-di-stel-biscrema-168g.html">
        <div style="background-image: url('../../cdn.spesati.com/images/products/000437181/pan-di-stelle-biscotto-al-cacao-con-crema-al-cacao-nocciole-e-granella-di-biscotto-168g-01.png')">
            <div class="hover"></div>
            
            <div class="stickers"></div>
        </div>
    </a>
    <div>
        <h4><a href="../bisc-pan-di-stel-biscrema-168g.html"><b>Bisc Pan Di Stel Biscrema 168g</b></a></h4>
        <p class="description">Pan di Stelle Biscotto al Cacao con Crema al Cacao Nocciole e Granella di Biscotto 168g</p>
        <p class="right price"><b>4.67 €</b></p>
        <p class="right unitPrice">27.80 € per kg</p>
    </div>
    <div class="contButton">
    <a class="button bgRed white addToCart" href="#">Add</a>
</div>
</div><div class="left product prod27"
        data-name="Bisc Pavesi Pavesini Expo X20"
        data-price="16.03"
        data-id="27689"
        data-available="yes"
        data-category="2229"
        data-bestselling="">
    <a href="../bisc-pavesi-pavesini-expo-x20.html">
        <div style="background-image: url('../../cdn.spesati.com/images/products/000145025/pavesi-pavesini-classici-snack-goloso-biscotti-leggeri-per-colazione-tiramisu-monoporzione-25g-01.png')">
            <div class="hover"></div>
            
            <div class="stickers"></div>
        </div>
    </a>
    <div>
        <h4><a href="../bisc-pavesi-pavesini-expo-x20.html"><b>Bisc Pavesi Pavesini Expo X20</b></a></h4>
        <p class="description">Pavesi Pavesini Classici Snack Goloso Biscotti Leggeri per Colazione Tiramisù monoporzione 25g</p>
        <p class="right price"><b>16.03 €</b></p>
        <p class="right unitPrice">32.05 € per kg</p>
    </div>
    <div class="contButton">
    <a class="button bgRed white addToCart" href="#">Add</a>
</div>
</div><div class="left product prod28"
        data-name="Bisc Mulino B Settembrini 300g"
        data-price="3.76"
        data-id="72471"
        data-available="yes"
        data-category="2229"
        data-bestselling="2">
    <a href="../bisc-mulino-b-settembrini-300g.html">
        <div style="background-image: url('../../cdn.spesati.com/images/products/000144088/mulino-bianco-settembrini-biscotti-con-confettura-di-fichi-300g-01.png')">
            <div class="hover"></div>
            <p class="arrow bgRed white">Best Seller</p>
            <div class="stickers"></div>
        </div>
    </a>
    <div>
        <h4><a href="../bisc-mulino-b-settembrini-300g.html"><b>Bisc Mulino B Settembrini 300g</b></a></h4>
        <p class="description">Mulino Bianco Settembrini Biscotti con Confettura di Fichi 300g</p>
        <p class="right price"><b>3.76 €</b></p>
        <p class="right unitPrice">12.54 € per kg</p>
    </div>
    <div class="contButton">
    <a class="button bgRed white addToCart" href="#">Add</a>
</div>
</div><div class="left product prod29"
        data-name="Oreo Saiwa 220gr"
        data-price="2.25"
        data-id="27665"
        data-available="yes"
        data-category="2229"
        data-bestselling="1">
    <a href="../oreo-saiwa-220gr.html">
        <div style="background-image: url('../../cdn.spesati.com/images/products/000144085/oreo-original-biscotti-con-crema-alla-vaniglia-220g-01.png')">
            <div class="hover"></div>
            <p class="arrow bgRed white">Best Seller</p>
            <div class="stickers"></div>
        </div>
    </a>
    <div>
        <h4><a href="../oreo-saiwa-220gr.html"><b>Oreo Saiwa 220gr</b></a></h4>
        <p class="description">Oreo Original, biscotti con crema alla vaniglia - 220g</p>
        <p class="right price"><b>2.25 €</b></p>
        <p class="right unitPrice">10.23 € per kg</p>
    </div>
    <div class="contButton">
    <a class="button bgRed white addToCart" href="#">Add</a>
</div>
</div><div class="left product prod30"
        data-name="Barilla Biscotti Macine 350 Gr"
        data-price="2.29"
        data-id="4636"
        data-available="yes"
        data-category="2229"
        data-bestselling="">
    <a href="../barilla-biscotti-macine-350-gr.html">
        <div style="background-image: url('../../cdn.spesati.com/images/products/000144059/mulino-bianco-macine-con-panna-fresca-100-italiana-350g-01.png')">
            <div class="hover"></div>
            
            <div class="stickers"></div>
        </div>
    </a>
    <div>
        <h4><a href="../barilla-biscotti-macine-350-gr.html"><b>Barilla Biscotti Macine 350 Gr</b></a></h4>
        <p class="description">Mulino Bianco Macine con Panna Fresca 100% Italiana 350g</p>
        <p class="right price"><b>2.29 €</b></p>
        <p class="right unitPrice">6.55 € per kg</p>
    </div>
    <div class="contButton">
    <a class="button bgRed white addToCart" href="#">Add</a>
</div>
</div><div class="left product prod31"
        data-name="Barilla Biscotti Girotondi 350Gr"
        data-price="2.43"
        data-id="5817"
        data-available="yes"
        data-category="2229"
        data-bestselling="">
    <a href="../barilla-biscotti-girotondi-350gr.html">
        <div style="background-image: url('../../cdn.spesati.com/images/products/000144058/mulino-bianco-girotondi-biscotti-con-granelli-di-zucchero-di-canna-350g-01.png')">
            <div class="hover"></div>
            
            <div class="stickers"></div>
        </div>
    </a>
    <div>
        <h4><a href="../barilla-biscotti-girotondi-350gr.html"><b>Barilla Biscotti Girotondi 350Gr</b></a></h4>
        <p class="description">Mulino Bianco Girotondi Biscotti con Granelli di Zucchero di Canna 350g</p>
        <p class="right price"><b>2.43 €</b></p>
        <p class="right unitPrice">6.94 € per kg</p>
    </div>
    <div class="contButton">
    <a class="button bgRed white addToCart" href="#">Add</a>
</div>
</div><div class="left product prod32"
        data-name="Barilla Biscotti Tarallucci"
        data-price="2.29"
        data-id="4049"
        data-available="yes"
        data-category="2229"
        data-bestselling="3">
    <a href="../barilla-biscotti-tarallucci.html">
        <div style="background-image: url('../../cdn.spesati.com/images/products/000144056/mulino-bianco-tarallucci-biscotti-con-uova-fresche-100-italiane-350g-01.png')">
            <div class="hover"></div>
            <p class="arrow bgRed white">Best Seller</p>
            <div class="stickers"></div>
        </div>
    </a>
    <div>
        <h4><a href="../barilla-biscotti-tarallucci.html"><b>Barilla Biscotti Tarallucci</b></a></h4>
        <p class="description">Mulino Bianco Tarallucci Biscotti con Uova Fresche 100% italiane 350g</p>
        <p class="right price"><b>2.29 €</b></p>
        <p class="right unitPrice">6.55 € per kg</p>
    </div>
    <div class="contButton">
    <a class="button bgRed white addToCart" href="#">Add</a>
</div>
</div><div class="left product prod33"
        data-name="Buongrano Mulino Bianco Farina Integrale 350 Gr"
        data-price="2.25"
        data-id="6339"
        data-available="yes"
        data-category="2229"
        data-bestselling="">
    <a href="../buongrano-mulino-bianco-farina-integrale-350-gr.html">
        <div style="background-image: url('../../cdn.spesati.com/images/products/000144053/mulino-bianco-buongrano-biscotti-con-farro-integrale-croccante-350g-01.png')">
            <div class="hover"></div>
            
            <div class="stickers"></div>
        </div>
    </a>
    <div>
        <h4><a href="../buongrano-mulino-bianco-farina-integrale-350-gr.html"><b>Buongrano Mulino Bianco Farina Integrale 350 Gr</b></a></h4>
        <p class="description">Mulino Bianco Buongrano Biscotti con Farro Integrale Croccante 350g</p>
        <p class="right price"><b>2.25 €</b></p>
        <p class="right unitPrice">6.42 € per kg</p>
    </div>
    <div class="contButton">
    <a class="button bgRed white addToCart" href="#">Add</a>
</div>
</div><div class="left product prod34"
        data-name="Bisc Mulino B Scacchiere 330gr"
        data-price="3.05"
        data-id="75662"
        data-available="yes"
        data-category="2229"
        data-bestselling="">
    <a href="../bisc-mulino-b-scacchiere-330gr.html">
        <div style="background-image: url('../../cdn.spesati.com/images/products/000136362/mulino-bianco-biscotti-scacchieri-frolla-con-caramello-e-cioccolato-300g-01.png')">
            <div class="hover"></div>
            
            <div class="stickers"></div>
        </div>
    </a>
    <div>
        <h4><a href="../bisc-mulino-b-scacchiere-330gr.html"><b>Bisc Mulino B Scacchiere 330gr</b></a></h4>
        <p class="description">Mulino Bianco Biscotti Scacchieri Frolla con Caramello e Cioccolato 300g</p>
        <p class="right price"><b>3.05 €</b></p>
        <p class="right unitPrice">9.24 € per kg</p>
    </div>
    <div class="contButton">
    <a class="button bgRed white addToCart" href="#">Add</a>
</div>
</div><div class="left product prod35"
        data-name="Pav Ringo Biscocioc Lat 24x27g"
        data-price="16.46"
        data-id="67899"
        data-available="yes"
        data-category="2229"
        data-bestselling="">
    <a href="../pav-ringo-biscocioc-lat-24x27g.html">
        <div style="background-image: url('../../cdn.spesati.com/images/products/000119928/ringo-bisco-cioc-snack-con-latte-100-italiano-27g-01.png')">
            <div class="hover"></div>
            
            <div class="stickers"></div>
        </div>
    </a>
    <div>
        <h4><a href="../pav-ringo-biscocioc-lat-24x27g.html"><b>Pav Ringo Biscocioc Lat 24x27g</b></a></h4>
        <p class="description">Ringo Bisco Cioc Snack con Latte 100% italiano 27g</p>
        <p class="right price"><b>16.46 €</b></p>
        <p class="right unitPrice">25.32 € per kg</p>
    </div>
    <div class="contButton">
    <a class="button bgRed white addToCart" href="#">Add</a>
</div>
</div><div class="left product prod36"
        data-name="Pane Baul Nutrif Integ S/g 300"
        data-price="4.75"
        data-id="77089"
        data-available="yes"
        data-category="2229"
        data-bestselling="">
    <a href="../pane-baul-nutrif-integ-sg-300.html">
        <div style="background-image: url('../../cdn.spesati.com/images/products/000119745/nutrifree-panbauletto-con-farina-integrale-senza-glutine-300-g-01.png')">
            <div class="hover"></div>
            
            <div class="stickers"><img class="left" src="../../cdn.spesati.com/images/layout/gluten-free.png" /></div>
        </div>
    </a>
    <div>
        <h4><a href="../pane-baul-nutrif-integ-sg-300.html"><b>Pane Baul Nutrif Integ S/g 300</b></a></h4>
        <p class="description">Nutrifree PanBauletto con Farina Integrale Senza Glutine 300 g</p>
        <p class="right price"><b>4.75 €</b></p>
        <p class="right unitPrice">15.83 € per kg</p>
    </div>
    <div class="contButton">
    <a class="button bgRed white addToCart" href="#">Add</a>
</div>
</div><div class="left product prod37"
        data-name="Froll Galbus Zerogr S-gl 220gr"
        data-price="2.99"
        data-id="26879"
        data-available="yes"
        data-category="2229"
        data-bestselling="">
    <a href="../froll-galbus-zerogr-s-gl-220gr.html">
        <div style="background-image: url('../../cdn.spesati.com/images/products/000119279/galbusera-zerograno-senza-glutine-con-miele-millefiori-6-x-367-g-01.png')">
            <div class="hover"></div>
            
            <div class="stickers"><img class="left" src="../../cdn.spesati.com/images/layout/gluten-free.png" /></div>
        </div>
    </a>
    <div>
        <h4><a href="../froll-galbus-zerogr-s-gl-220gr.html"><b>Froll Galbus Zerogr S-gl 220gr</b></a></h4>
        <p class="description">Galbusera ZeroGrano Senza Glutine con Miele Millefiori 6 x 36,7 g</p>
        <p class="right price"><b>2.99 €</b></p>
        <p class="right unitPrice">13.59 € per kg</p>
    </div>
    <div class="contButton">
    <a class="button bgRed white addToCart" href="#">Add</a>
</div>
</div><div class="left product prod38"
        data-name="Biscotti Schar Choco Stick Senza Glutine 150Gr"
        data-price="4.79"
        data-id="6841"
        data-available="yes"
        data-category="2229"
        data-bestselling="">
    <a href="../biscotti-schar-choco-stick-senza-glutine-150gr.html">
        <div style="background-image: url('../../cdn.spesati.com/images/products/000119130/schaer-ciocko-sticks-150-g-01.png')">
            <div class="hover"></div>
            
            <div class="stickers"><img class="left" src="../../cdn.spesati.com/images/layout/gluten-free.png" /></div>
        </div>
    </a>
    <div>
        <h4><a href="../biscotti-schar-choco-stick-senza-glutine-150gr.html"><b>Biscotti Schar Choco Stick Senza Glutine 150Gr</b></a></h4>
        <p class="description">Schär Ciocko Sticks 150 g</p>
        <p class="right price"><b>4.79 €</b></p>
        <p class="right unitPrice">31.90 € per kg</p>
    </div>
    <div class="contButton">
    <a class="button bgRed white addToCart" href="#">Add</a>
</div>
</div><div class="left product prod39"
        data-name="Cookies Schar Choco Senza Glutine 200Gr"
        data-price="3.76"
        data-id="6855"
        data-available="yes"
        data-category="2229"
        data-bestselling="">
    <a href="../cookies-schar-choco-senza-glutine-200gr.html">
        <div style="background-image: url('../../cdn.spesati.com/images/products/000119128/schaer-choco-chip-cookies-200-g-01.png')">
            <div class="hover"></div>
            
            <div class="stickers"><img class="left" src="../../cdn.spesati.com/images/layout/gluten-free.png" /></div>
        </div>
    </a>
    <div>
        <h4><a href="../cookies-schar-choco-senza-glutine-200gr.html"><b>Cookies Schar Choco Senza Glutine 200Gr</b></a></h4>
        <p class="description">Schär Choco Chip Cookies 200 g</p>
        <p class="right price"><b>3.76 €</b></p>
        <p class="right unitPrice">18.79 € per kg</p>
    </div>
    <div class="contButton">
    <a class="button bgRed white addToCart" href="#">Add</a>
</div>
</div><div class="left product prod40"
        data-name="Biscotti Schar Avena Senza Glutine 130Gr"
        data-price="3.28"
        data-id="6835"
        data-available="yes"
        data-category="2229"
        data-bestselling="">
    <a href="../biscotti-schar-avena-senza-glutine-130gr.html">
        <div style="background-image: url('../../cdn.spesati.com/images/products/000119126/schaer-biscotto-allavena-2-x-65-g-01.png')">
            <div class="hover"></div>
            
            <div class="stickers"><img class="left" src="../../cdn.spesati.com/images/layout/gluten-free.png" /></div>
        </div>
    </a>
    <div>
        <h4><a href="../biscotti-schar-avena-senza-glutine-130gr.html"><b>Biscotti Schar Avena Senza Glutine 130Gr</b></a></h4>
        <p class="description">Schär Biscotto all'Avena 2 x 65 g</p>
        <p class="right price"><b>3.28 €</b></p>
        <p class="right unitPrice">25.26 € per kg</p>
    </div>
    <div class="contButton">
    <a class="button bgRed white addToCart" href="#">Add</a>
</div>
</div><div class="left product prod41"
        data-name="Biscotti Nipiol 800gr"
        data-price="6.99"
        data-id="26743"
        data-available="yes"
        data-category="2229"
        data-bestselling="">
    <a href="../biscotti-nipiol-800gr.html">
        <div style="background-image: url('../../cdn.spesati.com/images/products/000118187/nipiol-biscotti-ai-6-cereali-800-g-01.png')">
            <div class="hover"></div>
            
            <div class="stickers"></div>
        </div>
    </a>
    <div>
        <h4><a href="../biscotti-nipiol-800gr.html"><b>Biscotti Nipiol 800gr</b></a></h4>
        <p class="description">nipiol biscotti ai 6 cereali 800 g</p>
        <p class="right price"><b>6.99 €</b></p>
        <p class="right unitPrice">8.73 € per kg</p>
    </div>
    <div class="contButton">
    <a class="button bgRed white addToCart" href="#">Add</a>
</div>
</div><div class="left product prod42"
        data-name="Divella Biscotti Ottimini Riso Mais"
        data-price="1.95"
        data-id="1366"
        data-available="yes"
        data-category="2229"
        data-bestselling="">
    <a href="../divella-biscotti-ottimini-riso-mais.html">
        <div style="background-image: url('../../cdn.spesati.com/images/products/000117882/divella-fantasie-del-mattino-ottimini-con-riso-e-mais-400-g-01.png')">
            <div class="hover"></div>
            
            <div class="stickers"></div>
        </div>
    </a>
    <div>
        <h4><a href="../divella-biscotti-ottimini-riso-mais.html"><b>Divella Biscotti Ottimini Riso Mais</b></a></h4>
        <p class="description">Divella Fantasie del Mattino Ottimini con riso e mais 400 g</p>
        <p class="right price"><b>1.95 €</b></p>
        <p class="right unitPrice">4.87 € per kg</p>
    </div>
    <div class="contButton">
    <a class="button bgRed white addToCart" href="#">Add</a>
</div>
</div><div class="left product prod43"
        data-name="Barilla Frollino Senza Glutine"
        data-price="3.69"
        data-id="1345"
        data-available="yes"
        data-category="2229"
        data-bestselling="">
    <a href="../barilla-frollino-senza-glutine.html">
        <div style="background-image: url('../../cdn.spesati.com/images/products/000117134/mulino-bianco-armonia-fior-di-miele-biscotti-al-miele-millefiori-senza-glutine-e-lattosio-250-g-01.png')">
            <div class="hover"></div>
            
            <div class="stickers"><img class="left" src="../../cdn.spesati.com/images/layout/gluten-free.png" /></div>
        </div>
    </a>
    <div>
        <h4><a href="../barilla-frollino-senza-glutine.html"><b>Barilla Frollino Senza Glutine</b></a></h4>
        <p class="description">Mulino Bianco Armonia Fior di Miele Biscotti al Miele Millefiori Senza Glutine e Lattosio 250 g</p>
        <p class="right price"><b>3.69 €</b></p>
        <p class="right unitPrice">14.76 € per kg</p>
    </div>
    <div class="contButton">
    <a class="button bgRed white addToCart" href="#">Add</a>
</div>
</div><div class="left product prod44"
        data-name="Barilla Biscotti Nascondini 0.330 kg"
        data-price="2.85"
        data-id="1338"
        data-available="yes"
        data-category="2229"
        data-bestselling="">
    <a href="../barilla-biscotti-nascondini-0330-kg.html">
        <div style="background-image: url('../../cdn.spesati.com/images/products/000117017/mulino-bianco-nascondini-biscotti-con-cioccolato-da-mordere-330g-01.png')">
            <div class="hover"></div>
            
            <div class="stickers"></div>
        </div>
    </a>
    <div>
        <h4><a href="../barilla-biscotti-nascondini-0330-kg.html"><b>Barilla Biscotti Nascondini 0.330 kg</b></a></h4>
        <p class="description">Mulino Bianco Nascondini Biscotti con Cioccolato da Mordere 330g</p>
        <p class="right price"><b>2.85 €</b></p>
        <p class="right unitPrice">8.64 € per kg</p>
    </div>
    <div class="contButton">
    <a class="button bgRed white addToCart" href="#">Add</a>
</div>
</div><div class="left product prod45"
        data-name="Bisc Pavesi Ringo Noc Choc Fam"
        data-price="3.68"
        data-id="26494"
        data-available="yes"
        data-category="2229"
        data-bestselling="1">
    <a href="../bisc-pavesi-ringo-noc-choc-fam.html">
        <div style="background-image: url('../../cdn.spesati.com/images/products/000116869/ringo-nocciola-biscotti-farciti-con-crema-nocciola-e-cioccolato-snack-merenda-6-porzioni-330g-01.png')">
            <div class="hover"></div>
            <p class="arrow bgRed white">Best Seller</p>
            <div class="stickers"></div>
        </div>
    </a>
    <div>
        <h4><a href="../bisc-pavesi-ringo-noc-choc-fam.html"><b>Bisc Pavesi Ringo Noc Choc Fam</b></a></h4>
        <p class="description">Ringo Nocciola, Biscotti Farciti con Crema Nocciola e Cioccolato, Snack merenda 6 porzioni 330g</p>
        <p class="right price"><b>3.68 €</b></p>
        <p class="right unitPrice">11.88 € per kg</p>
    </div>
    <div class="contButton">
    <a class="button bgRed white addToCart" href="#">Add</a>
</div>
</div><div class="left product prod46"
        data-name="Bisc Mulino B Biscottone 700gr"
        data-price="3.49"
        data-id="26488"
        data-available="yes"
        data-category="2229"
        data-bestselling="4">
    <a href="../bisc-mulino-b-biscottone-700gr.html">
        <div style="background-image: url('../../cdn.spesati.com/images/products/000116823/mulino-bianco-biscottone-biscotti-con-latte-fresco-100-italiano-700g-01.png')">
            <div class="hover"></div>
            <p class="arrow bgRed white">Offer</p>
            <div class="stickers"></div>
        </div>
    </a>
    <div>
        <h4><a href="../bisc-mulino-b-biscottone-700gr.html"><b>Bisc Mulino B Biscottone 700gr</b></a></h4>
        <p class="description">Mulino Bianco Biscottone Biscotti con Latte Fresco 100% italiano 700g</p>
        <p class="left offer red">3.69 €</p>
<p class="right price"><b>3.49 €</b></p>
        <p class="right unitPrice">4.98 € per kg</p>
    </div>
    <div class="contButton">
    <a class="button bgRed white addToCart" href="#">Add</a>
</div>
</div><div class="left product prod47"
        data-name="Biscotti Schar Savoiardi Sardi Senza Glutine 200Gr"
        data-price="4.89"
        data-id="6842"
        data-available="yes"
        data-category="2229"
        data-bestselling="">
    <a href="../biscotti-schar-savoiardi-sardi-senza-glutine-200gr.html">
        <div style="background-image: url('../../cdn.spesati.com/images/products/000114951/schaer-savoiardi-200-g-01.png')">
            <div class="hover"></div>
            
            <div class="stickers"><img class="left" src="../../cdn.spesati.com/images/layout/gluten-free.png" /></div>
        </div>
    </a>
    <div>
        <h4><a href="../biscotti-schar-savoiardi-sardi-senza-glutine-200gr.html"><b>Biscotti Schar Savoiardi Sardi Senza Glutine 200Gr</b></a></h4>
        <p class="description">Schär Savoiardi 200 g</p>
        <p class="right price"><b>4.89 €</b></p>
        <p class="right unitPrice">24.45 € per kg</p>
    </div>
    <div class="contButton">
    <a class="button bgRed white addToCart" href="#">Add</a>
</div>
</div><div class="left product prod48"
        data-name="Barilla Fette Armonie Cereali 315Gr"
        data-price="2.85"
        data-id="4637"
        data-available="yes"
        data-category="2229"
        data-bestselling="">
    <a href="../barilla-fette-armonie-cereali-315gr.html">
        <div style="background-image: url('../../cdn.spesati.com/images/products/000114652/mulino-bianco-fette-biscottate-ai-cereali-315g-01.png')">
            <div class="hover"></div>
            
            <div class="stickers"></div>
        </div>
    </a>
    <div>
        <h4><a href="../barilla-fette-armonie-cereali-315gr.html"><b>Barilla Fette Armonie Cereali 315Gr</b></a></h4>
        <p class="description">Mulino Bianco Fette Biscottate ai Cereali 315g</p>
        <p class="right price"><b>2.85 €</b></p>
        <p class="right unitPrice">9.03 € per kg</p>
    </div>
    <div class="contButton">
    <a class="button bgRed white addToCart" href="#">Add</a>
</div>
</div><div class="left product prod49"
        data-name="Bisc Saiwa Oro S-glutine 200gr"
        data-price="3.09"
        data-id="25968"
        data-available="yes"
        data-category="2229"
        data-bestselling="">
    <a href="../bisc-saiwa-oro-s-glutine-200gr.html">
        <div style="background-image: url('../../cdn.spesati.com/images/products/000112518/oro-saiwa-biscotti-secchi-senza-glutine-6-x-3333-g-01.png')">
            <div class="hover"></div>
            
            <div class="stickers"><img class="left" src="../../cdn.spesati.com/images/layout/gluten-free.png" /></div>
        </div>
    </a>
    <div>
        <h4><a href="../bisc-saiwa-oro-s-glutine-200gr.html"><b>Bisc Saiwa Oro S-glutine 200gr</b></a></h4>
        <p class="description">Oro Saiwa biscotti secchi Senza Glutine  -  6 x 33,33 g</p>
        <p class="right price"><b>3.09 €</b></p>
        <p class="right unitPrice">15.46 € per kg</p>
    </div>
    <div class="contButton">
    <a class="button bgRed white addToCart" href="#">Add</a>
</div>
</div><div class="left product prod50"
        data-name="Saiwa Oreo Tubo Vaniglia"
        data-price="1.29"
        data-id="1428"
        data-available="yes"
        data-category="2229"
        data-bestselling="">
    <a href="../saiwa-oreo-tubo-vaniglia.html">
        <div style="background-image: url('../../cdn.spesati.com/images/products/000112473/oreo-original-biscotti-al-cacao-magro-ripieni-di-crema-al-gusto-vaniglia-154-g-01.png')">
            <div class="hover"></div>
            
            <div class="stickers"></div>
        </div>
    </a>
    <div>
        <h4><a href="../saiwa-oreo-tubo-vaniglia.html"><b>Saiwa Oreo Tubo Vaniglia</b></a></h4>
        <p class="description">Oreo Original, biscotti al cacao magro ripieni di crema al gusto vaniglia - 154 g</p>
        <p class="right price"><b>1.29 €</b></p>
        <p class="right unitPrice">8.38 € per kg</p>
    </div>
    <div class="contButton">
    <a class="button bgRed white addToCart" href="#">Add</a>
</div>
</div><div class="left product prod51"
        data-name="Biscotti Schar Petit Senza Glutine 165Gr"
        data-price="3.12"
        data-id="6848"
        data-available="yes"
        data-category="2229"
        data-bestselling="">
    <a href="../biscotti-schar-petit-senza-glutine-165gr.html">
        <div style="background-image: url('../../cdn.spesati.com/images/products/000112307/schaer-petit-biscotto-classico-4-x-41-g-01.png')">
            <div class="hover"></div>
            
            <div class="stickers"><img class="left" src="../../cdn.spesati.com/images/layout/gluten-free.png" /></div>
        </div>
    </a>
    <div>
        <h4><a href="../biscotti-schar-petit-senza-glutine-165gr.html"><b>Biscotti Schar Petit Senza Glutine 165Gr</b></a></h4>
        <p class="description">Schär Petit Biscotto Classico 4 x 41 g</p>
        <p class="right price"><b>3.12 €</b></p>
        <p class="right unitPrice">18.89 € per kg</p>
    </div>
    <div class="contButton">
    <a class="button bgRed white addToCart" href="#">Add</a>
</div>
</div><div class="left product prod52"
        data-name="Biscotti Milka Cookies Nut Xl 184Gr"
        data-price="3.05"
        data-id="4670"
        data-available="yes"
        data-category="2229"
        data-bestselling="">
    <a href="../biscotti-milka-cookies-nut-xl-184gr.html">
        <div style="background-image: url('../../cdn.spesati.com/images/products/000112247/milka-xl-cookies-nut-maxi-cookie-con-cioccolato-al-latte-milka-e-nocciole-184g-01.png')">
            <div class="hover"></div>
            
            <div class="stickers"></div>
        </div>
    </a>
    <div>
        <h4><a href="../biscotti-milka-cookies-nut-xl-184gr.html"><b>Biscotti Milka Cookies Nut Xl 184Gr</b></a></h4>
        <p class="description">Milka XL Cookies Nut, maxi cookie con cioccolato al latte Milka e nocciole - 184g</p>
        <p class="right price"><b>3.05 €</b></p>
        <p class="right unitPrice">16.58 € per kg</p>
    </div>
    <div class="contButton">
    <a class="button bgRed white addToCart" href="#">Add</a>
</div>
</div><div class="left product prod53"
        data-name="Biscotti Assortiti Gecchele 300Gr"
        data-price="3.68"
        data-id="6962"
        data-available="yes"
        data-category="2229"
        data-bestselling="">
    <a href="../biscotti-assortiti-gecchele-300gr.html">
        <div style="background-image: url('../../cdn.spesati.com/images/products/000111796/gecchele-allegria-biscotti-e-wafers-assortiti-300-g-01.png')">
            <div class="hover"></div>
            
            <div class="stickers"></div>
        </div>
    </a>
    <div>
        <h4><a href="../biscotti-assortiti-gecchele-300gr.html"><b>Biscotti Assortiti Gecchele 300Gr</b></a></h4>
        <p class="description">Gecchele Allegria Biscotti e Wafers Assortiti 300 g</p>
        <p class="right price"><b>3.68 €</b></p>
        <p class="right unitPrice">12.28 € per kg</p>
    </div>
    <div class="contButton">
    <a class="button bgRed white addToCart" href="#">Add</a>
</div>
</div><div class="left product prod54"
        data-name="Balocco Biscotti Pastefrolle"
        data-price="3.05"
        data-id="3744"
        data-available="yes"
        data-category="2229"
        data-bestselling="">
    <a href="../balocco-biscotti-pastefrolle.html">
        <div style="background-image: url('../../cdn.spesati.com/images/products/000111659/balocco-pastefrolle-700-g-01.png')">
            <div class="hover"></div>
            
            <div class="stickers"></div>
        </div>
    </a>
    <div>
        <h4><a href="../balocco-biscotti-pastefrolle.html"><b>Balocco Biscotti Pastefrolle</b></a></h4>
        <p class="description">Balocco Pastefrolle 700 g</p>
        <p class="right price"><b>3.05 €</b></p>
        <p class="right unitPrice">4.36 € per kg</p>
    </div>
    <div class="contButton">
    <a class="button bgRed white addToCart" href="#">Add</a>
</div>
</div><div class="left product prod55"
        data-name="Balocco Biscotti Ciambelle 700Gr"
        data-price="2.92"
        data-id="5802"
        data-available="yes"
        data-category="2229"
        data-bestselling="">
    <a href="../balocco-biscotti-ciambelle-700gr.html">
        <div style="background-image: url('../../cdn.spesati.com/images/products/000111658/balocco-ciambelle-700-g-01.png')">
            <div class="hover"></div>
            
            <div class="stickers"></div>
        </div>
    </a>
    <div>
        <h4><a href="../balocco-biscotti-ciambelle-700gr.html"><b>Balocco Biscotti Ciambelle 700Gr</b></a></h4>
        <p class="description">Balocco Ciambelle 700 g</p>
        <p class="right price"><b>2.92 €</b></p>
        <p class="right unitPrice">4.17 € per kg</p>
    </div>
    <div class="contButton">
    <a class="button bgRed white addToCart" href="#">Add</a>
</div>
</div><div class="left product prod56"
        data-name="Balocco Biscotti Cruschelle"
        data-price="3.05"
        data-id="1329"
        data-available="yes"
        data-category="2229"
        data-bestselling="">
    <a href="../balocco-biscotti-cruschelle.html">
        <div style="background-image: url('../../cdn.spesati.com/images/products/000111657/balocco-cruschelle-700-g-01.png')">
            <div class="hover"></div>
            
            <div class="stickers"></div>
        </div>
    </a>
    <div>
        <h4><a href="../balocco-biscotti-cruschelle.html"><b>Balocco Biscotti Cruschelle</b></a></h4>
        <p class="description">Balocco Cruschelle 700 g</p>
        <p class="right price"><b>3.05 €</b></p>
        <p class="right unitPrice">4.36 € per kg</p>
    </div>
    <div class="contButton">
    <a class="button bgRed white addToCart" href="#">Add</a>
</div>
</div><div class="left product prod57"
        data-name="Biscotti Balocco Zuppole 700Gr"
        data-price="3.05"
        data-id="6402"
        data-available="yes"
        data-category="2229"
        data-bestselling="">
    <a href="../biscotti-balocco-zuppole-700gr.html">
        <div style="background-image: url('../../cdn.spesati.com/images/products/000111656/balocco-zuppole-700-g-01.png')">
            <div class="hover"></div>
            
            <div class="stickers"></div>
        </div>
    </a>
    <div>
        <h4><a href="../biscotti-balocco-zuppole-700gr.html"><b>Biscotti Balocco Zuppole 700Gr</b></a></h4>
        <p class="description">Balocco Zuppole 700 g</p>
        <p class="right price"><b>3.05 €</b></p>
        <p class="right unitPrice">4.36 € per kg</p>
    </div>
    <div class="contButton">
    <a class="button bgRed white addToCart" href="#">Add</a>
</div>
</div><div class="left product prod58"
        data-name="Nippon Famiglia"
        data-price="2.59"
        data-id="3739"
        data-available="yes"
        data-category="2229"
        data-bestselling="">
    <a href="../nippon-famiglia.html">
        <div style="background-image: url('../../cdn.spesati.com/images/products/000111650/nippon-200-g-01.png')">
            <div class="hover"></div>
            
            <div class="stickers"></div>
        </div>
    </a>
    <div>
        <h4><a href="../nippon-famiglia.html"><b>Nippon Famiglia</b></a></h4>
        <p class="description">nippon 200 g</p>
        <p class="right price"><b>2.59 €</b></p>
        <p class="right unitPrice">12.93 € per kg</p>
    </div>
    <div class="contButton">
    <a class="button bgRed white addToCart" href="#">Add</a>
</div>
</div><div class="left product prod59"
        data-name="Pesche Esca Gianduja Vass 500g"
        data-price="8.49"
        data-id="25736"
        data-available="yes"
        data-category="2229"
        data-bestselling="">
    <a href="../pesche-esca-gianduja-vass-500g.html">
        <div style="background-image: url('../../cdn.spesati.com/images/products/000111615/esca-pesche-gianduia-500-g-01.png')">
            <div class="hover"></div>
            
            <div class="stickers"></div>
        </div>
    </a>
    <div>
        <h4><a href="../pesche-esca-gianduja-vass-500g.html"><b>Pesche Esca Gianduja Vass 500g</b></a></h4>
        <p class="description">Esca Pesche Gianduia 500 g</p>
        <p class="right price"><b>8.49 €</b></p>
        <p class="right unitPrice">16.98 € per kg</p>
    </div>
    <div class="contButton">
    <a class="button bgRed white addToCart" href="#">Add</a>
</div>
</div><div class="left product prod60"
        data-name="Saiwa Mikado Latte"
        data-price="2.15"
        data-id="4134"
        data-available="yes"
        data-category="2229"
        data-bestselling="1">
    <a href="../saiwa-mikado-latte.html">
        <div style="background-image: url('../../cdn.spesati.com/images/products/000111572/mikado-biscotto-ricoperto-di-cioccolato-al-latte-75g-01.png')">
            <div class="hover"></div>
            <p class="arrow bgRed white">Best Seller</p>
            <div class="stickers"></div>
        </div>
    </a>
    <div>
        <h4><a href="../saiwa-mikado-latte.html"><b>Saiwa Mikado Latte</b></a></h4>
        <p class="description">Mikado, biscotto ricoperto di cioccolato al latte - 75g</p>
        <p class="right price"><b>2.15 €</b></p>
        <p class="right unitPrice">2.87 € per kg</p>
    </div>
    <div class="contButton">
    <a class="button bgRed white addToCart" href="#">Add</a>
</div>
</div><div class="left product prod61"
        data-name="Milka choco wafer 180 gr"
        data-price="3.49"
        data-id="5107"
        data-available="yes"
        data-category="2229"
        data-bestselling="">
    <a href="../milka-choco-wafer-180-gr.html">
        <div style="background-image: url('../../cdn.spesati.com/images/products/000111515/milka-choco-wafer-merenda-al-cioccolato-al-latte-180g-01.png')">
            <div class="hover"></div>
            
            <div class="stickers"></div>
        </div>
    </a>
    <div>
        <h4><a href="../milka-choco-wafer-180-gr.html"><b>Milka choco wafer 180 gr</b></a></h4>
        <p class="description">Milka Choco Wafer, merenda al cioccolato al latte - 180g</p>
        <p class="right price"><b>3.49 €</b></p>
        <p class="right unitPrice">19.39 € per kg</p>
    </div>
    <div class="contButton">
    <a class="button bgRed white addToCart" href="#">Add</a>
</div>
</div><div class="left product prod62"
        data-name="Reginette Esca Vassoio 500gr"
        data-price="7.99"
        data-id="25674"
        data-available="yes"
        data-category="2229"
        data-bestselling="">
    <a href="../reginette-esca-vassoio-500gr.html">
        <div style="background-image: url('../../cdn.spesati.com/images/products/000111325/esca-reginette-500-g-01.png')">
            <div class="hover"></div>
            
            <div class="stickers"></div>
        </div>
    </a>
    <div>
        <h4><a href="../reginette-esca-vassoio-500gr.html"><b>Reginette Esca Vassoio 500gr</b></a></h4>
        <p class="description">Esca Reginette 500 g</p>
        <p class="right price"><b>7.99 €</b></p>
        <p class="right unitPrice">15.98 € per kg</p>
    </div>
    <div class="contButton">
    <a class="button bgRed white addToCart" href="#">Add</a>
</div>
</div><div class="left product prod63"
        data-name="Savoiardi Esca Busta 400gr"
        data-price="5.35"
        data-id="25673"
        data-available="yes"
        data-category="2229"
        data-bestselling="1">
    <a href="../savoiardi-esca-busta-400gr.html">
        <div style="background-image: url('../../cdn.spesati.com/images/products/000111324/esca-savoiardi-400-g-01.png')">
            <div class="hover"></div>
            <p class="arrow bgRed white">Best Seller</p>
            <div class="stickers"></div>
        </div>
    </a>
    <div>
        <h4><a href="../savoiardi-esca-busta-400gr.html"><b>Savoiardi Esca Busta 400gr</b></a></h4>
        <p class="description">Esca Savoiardi 400 g</p>
        <p class="right price"><b>5.35 €</b></p>
        <p class="right unitPrice">13.38 € per kg</p>
    </div>
    <div class="contButton">
    <a class="button bgRed white addToCart" href="#">Add</a>
</div>
</div><div class="left product prod64"
        data-name="Biscotti Milka Cookies Chocolate 184Gr"
        data-price="3.49"
        data-id="5816"
        data-available="yes"
        data-category="2229"
        data-bestselling="">
    <a href="../biscotti-milka-cookies-chocolate-184gr.html">
        <div style="background-image: url('../../cdn.spesati.com/images/products/000110253/milka-cookies-xl-maxi-cookie-con-cioccolato-al-latte-milka-184g-01.png')">
            <div class="hover"></div>
            
            <div class="stickers"></div>
        </div>
    </a>
    <div>
        <h4><a href="../biscotti-milka-cookies-chocolate-184gr.html"><b>Biscotti Milka Cookies Chocolate 184Gr</b></a></h4>
        <p class="description">Milka Cookies XL, maxi cookie con cioccolato al latte Milka - 184g</p>
        <p class="right price"><b>3.49 €</b></p>
        <p class="right unitPrice">18.96 € per kg</p>
    </div>
    <div class="contButton">
    <a class="button bgRed white addToCart" href="#">Add</a>
</div>
</div><div class="left product prod65"
        data-name="Frol Misura Privol Cioc 290gr"
        data-price="2.89"
        data-id="25509"
        data-available="yes"
        data-category="2229"
        data-bestselling="">
    <a href="../frol-misura-privol-cioc-290gr.html">
        <div style="background-image: url('../../cdn.spesati.com/images/products/000110241/misura-privolat-gocce-di-cioccolato-290-g-01.png')">
            <div class="hover"></div>
            
            <div class="stickers"></div>
        </div>
    </a>
    <div>
        <h4><a href="../frol-misura-privol-cioc-290gr.html"><b>Frol Misura Privol Cioc 290gr</b></a></h4>
        <p class="description">Misura Privolat Gocce di Cioccolato 290 g</p>
        <p class="right price"><b>2.89 €</b></p>
        <p class="right unitPrice">9.97 € per kg</p>
    </div>
    <div class="contButton">
    <a class="button bgRed white addToCart" href="#">Add</a>
</div>
</div><div class="left product prod66"
        data-name="Biscotti Galbusera Risosuriso Cioccolato Arancia 220Gr"
        data-price="3.19"
        data-id="6991"
        data-available="yes"
        data-category="2229"
        data-bestselling="">
    <a href="../biscotti-galbusera-risosuriso-cioccolato-arancia-220gr.html">
        <div style="background-image: url('../../cdn.spesati.com/images/products/000110094/galbusera-risosuriso-croccantezza-al-cacao-e-cereali-6-x-367-g-01.png')">
            <div class="hover"></div>
            
            <div class="stickers"></div>
        </div>
    </a>
    <div>
        <h4><a href="../biscotti-galbusera-risosuriso-cioccolato-arancia-220gr.html"><b>Biscotti Galbusera Risosuriso Cioccolato Arancia 220Gr</b></a></h4>
        <p class="description">Galbusera RisosuRiso Croccantezza al Cacao e Cereali! 6 x 36,7 g</p>
        <p class="right price"><b>3.19 €</b></p>
        <p class="right unitPrice">14.50 € per kg</p>
    </div>
    <div class="contButton">
    <a class="button bgRed white addToCart" href="#">Add</a>
</div>
</div><div class="left product prod67"
        data-name="Biscotti Galbusera Risosuriso Cereali Frutta 240Gr"
        data-price="3.19"
        data-id="6990"
        data-available="yes"
        data-category="2229"
        data-bestselling="">
    <a href="../biscotti-galbusera-risosuriso-cereali-frutta-240gr.html">
        <div style="background-image: url('../../cdn.spesati.com/images/products/000110093/galbusera-risosuriso-croccantezza-ai-cereali-6-x-40-g-01.png')">
            <div class="hover"></div>
            
            <div class="stickers"></div>
        </div>
    </a>
    <div>
        <h4><a href="../biscotti-galbusera-risosuriso-cereali-frutta-240gr.html"><b>Biscotti Galbusera Risosuriso Cereali Frutta 240Gr</b></a></h4>
        <p class="description">Galbusera RisosuRiso Croccantezza ai Cereali! 6 x 40 g</p>
        <p class="right price"><b>3.19 €</b></p>
        <p class="right unitPrice">13.29 € per kg</p>
    </div>
    <div class="contButton">
    <a class="button bgRed white addToCart" href="#">Add</a>
</div>
</div><div class="left product prod68"
        data-name="Biscotti Schar Frollini Hoops Senza Glutine 220Gr"
        data-price="3.13"
        data-id="6873"
        data-available="yes"
        data-category="2229"
        data-bestselling="">
    <a href="../biscotti-schar-frollini-hoops-senza-glutine-220gr.html">
        <div style="background-image: url('../../cdn.spesati.com/images/products/000110075/schaer-hoops-con-miele-220-g-01.png')">
            <div class="hover"></div>
            
            <div class="stickers"><img class="left" src="../../cdn.spesati.com/images/layout/gluten-free.png" /></div>
        </div>
    </a>
    <div>
        <h4><a href="../biscotti-schar-frollini-hoops-senza-glutine-220gr.html"><b>Biscotti Schar Frollini Hoops Senza Glutine 220Gr</b></a></h4>
        <p class="description">Schär Hoops con Miele 220 g</p>
        <p class="right price"><b>3.13 €</b></p>
        <p class="right unitPrice">14.21 € per kg</p>
    </div>
    <div class="contButton">
    <a class="button bgRed white addToCart" href="#">Add</a>
</div>
</div><div class="left product prod69"
        data-name="Bisc Gentil Novell Lat-mie 250"
        data-price="1.65"
        data-id="25483"
        data-available="yes"
        data-category="2229"
        data-bestselling="">
    <a href="../bisc-gentil-novell-lat-mie-250.html">
        <div style="background-image: url('../../cdn.spesati.com/images/products/000110051/gentilini-novellini-al-latte-e-miele-250-g-01.png')">
            <div class="hover"></div>
            
            <div class="stickers"></div>
        </div>
    </a>
    <div>
        <h4><a href="../bisc-gentil-novell-lat-mie-250.html"><b>Bisc Gentil Novell Lat-mie 250</b></a></h4>
        <p class="description">Gentilini Novellini al latte e miele 250 g</p>
        <p class="right price"><b>1.65 €</b></p>
        <p class="right unitPrice">6.60 € per kg</p>
    </div>
    <div class="contButton">
    <a class="button bgRed white addToCart" href="#">Add</a>
</div>
</div><div class="left product prod70"
        data-name="Biscotti Gentilini Osvego Malto Miele 250Gr"
        data-price="1.65"
        data-id="6494"
        data-available="yes"
        data-category="2229"
        data-bestselling="">
    <a href="../biscotti-gentilini-osvego-malto-miele-250gr.html">
        <div style="background-image: url('../../cdn.spesati.com/images/products/000110049/gentilini-osvego-al-malto-e-miele-250-g-01.png')">
            <div class="hover"></div>
            
            <div class="stickers"></div>
        </div>
    </a>
    <div>
        <h4><a href="../biscotti-gentilini-osvego-malto-miele-250gr.html"><b>Biscotti Gentilini Osvego Malto Miele 250Gr</b></a></h4>
        <p class="description">Gentilini Osvego al malto e miele 250 g</p>
        <p class="right price"><b>1.65 €</b></p>
        <p class="right unitPrice">6.60 € per litre</p>
    </div>
    <div class="contButton">
    <a class="button bgRed white addToCart" href="#">Add</a>
</div>
</div><div class="left product prod71"
        data-name="Tipico Savoiardi Di Fonni 350Gr"
        data-price="2.95"
        data-id="6140"
        data-available="yes"
        data-category="2229"
        data-bestselling="3">
    <a href="../tipico-savoiardi-di-fonni-350gr.html">
        <div style="background-image: url('../../cdn.spesati.com/images/products/000109610/tipico-savoiardone-di-sardegna-350-g-01.png')">
            <div class="hover"></div>
            <p class="arrow bgRed white">Best Seller</p>
            <div class="stickers"><img class="left" src="../../cdn.spesati.com/images/layout/sardinian.png" /></div>
        </div>
    </a>
    <div>
        <h4><a href="../tipico-savoiardi-di-fonni-350gr.html"><b>Tipico Savoiardi Di Fonni 350Gr</b></a></h4>
        <p class="description">Tipico Savoiardone di Sardegna 350 g</p>
        <p class="right price"><b>2.95 €</b></p>
        <p class="right unitPrice">8.43 € per kg</p>
    </div>
    <div class="contButton">
    <a class="button bgRed white addToCart" href="#">Add</a>
</div>
</div><div class="left product prod72"
        data-name="Wafer Balocco Latte 175Gr"
        data-price="1.41"
        data-id="7005"
        data-available="yes"
        data-category="2229"
        data-bestselling="">
    <a href="../wafer-balocco-latte-175gr.html">
        <div style="background-image: url('../../cdn.spesati.com/images/products/000109592/balocco-wafers-milk-vanilla-175-g-01.png')">
            <div class="hover"></div>
            
            <div class="stickers"></div>
        </div>
    </a>
    <div>
        <h4><a href="../wafer-balocco-latte-175gr.html"><b>Wafer Balocco Latte 175Gr</b></a></h4>
        <p class="description">Balocco Wafers Milk Vanilla 175 g</p>
        <p class="right price"><b>1.41 €</b></p>
        <p class="right unitPrice">8.05 € per kg</p>
    </div>
    <div class="contButton">
    <a class="button bgRed white addToCart" href="#">Add</a>
</div>
</div><div class="left product prod73"
        data-name="Wafer Balocco Nocciola 175Gr"
        data-price="1.41"
        data-id="7004"
        data-available="yes"
        data-category="2229"
        data-bestselling="">
    <a href="../wafer-balocco-nocciola-175gr.html">
        <div style="background-image: url('../../cdn.spesati.com/images/products/000109591/balocco-wafers-hazelnut-175-g-01.png')">
            <div class="hover"></div>
            
            <div class="stickers"></div>
        </div>
    </a>
    <div>
        <h4><a href="../wafer-balocco-nocciola-175gr.html"><b>Wafer Balocco Nocciola 175Gr</b></a></h4>
        <p class="description">Balocco Wafers Hazelnut 175 g</p>
        <p class="right price"><b>1.41 €</b></p>
        <p class="right unitPrice">8.05 € per kg</p>
    </div>
    <div class="contButton">
    <a class="button bgRed white addToCart" href="#">Add</a>
</div>
</div><div class="left product prod74"
        data-name="Saiwa Oro Promo 1 kg"
        data-price="4.25"
        data-id="1430"
        data-available="yes"
        data-category="2229"
        data-bestselling="">
    <a href="../saiwa-oro-promo-1-kg.html">
        <div style="background-image: url('../../cdn.spesati.com/images/products/000109539/oro-saiwa-biscotti-secchi-classici-1-kg-01.png')">
            <div class="hover"></div>
            
            <div class="stickers"></div>
        </div>
    </a>
    <div>
        <h4><a href="../saiwa-oro-promo-1-kg.html"><b>Saiwa Oro Promo 1 kg</b></a></h4>
        <p class="description">Oro Saiwa biscotti secchi Classici - 1 Kg</p>
        <p class="right price"><b>4.25 €</b></p>
        <p class="right unitPrice">4.25 € per kg</p>
    </div>
    <div class="contButton">
    <a class="button bgRed white addToCart" href="#">Add</a>
</div>
</div><div class="left product prod75"
        data-name="Bisc Saiwa Oro Famiglia 500gr"
        data-price="2.49"
        data-id="25460"
        data-available="yes"
        data-category="2229"
        data-bestselling="1">
    <a href="../bisc-saiwa-oro-famiglia-500gr.html">
        <div style="background-image: url('../../cdn.spesati.com/images/products/000109536/oro-saiwa-biscotti-secchi-classici-500-g-01.png')">
            <div class="hover"></div>
            <p class="arrow bgRed white">Best Seller</p>
            <div class="stickers"></div>
        </div>
    </a>
    <div>
        <h4><a href="../bisc-saiwa-oro-famiglia-500gr.html"><b>Bisc Saiwa Oro Famiglia 500gr</b></a></h4>
        <p class="description">Oro Saiwa biscotti secchi Classici - 500 g</p>
        <p class="right price"><b>2.49 €</b></p>
        <p class="right unitPrice">4.98 € per kg</p>
    </div>
    <div class="contButton">
    <a class="button bgRed white addToCart" href="#">Add</a>
</div>
</div><div class="left product prod76"
        data-name="Saiwa Oro Biscotti 250 gr"
        data-price="1.65"
        data-id="1429"
        data-available="yes"
        data-category="2229"
        data-bestselling="2">
    <a href="../saiwa-oro-biscotti-250-gr.html">
        <div style="background-image: url('../../cdn.spesati.com/images/products/000109535/oro-saiwa-biscotti-secchi-classici-250-g-01.png')">
            <div class="hover"></div>
            <p class="arrow bgRed white">Best Seller</p>
            <div class="stickers"></div>
        </div>
    </a>
    <div>
        <h4><a href="../saiwa-oro-biscotti-250-gr.html"><b>Saiwa Oro Biscotti 250 gr</b></a></h4>
        <p class="description">Oro Saiwa biscotti secchi Classici - 250 g</p>
        <p class="right price"><b>1.65 €</b></p>
        <p class="right unitPrice">6.60 € per kg</p>
    </div>
    <div class="contButton">
    <a class="button bgRed white addToCart" href="#">Add</a>
</div>
</div><div class="left product prod77"
        data-name="Biscotti Saiwa Oro Ciok Latte 250Gr"
        data-price="3.85"
        data-id="6898"
        data-available="yes"
        data-category="2229"
        data-bestselling="4">
    <a href="../biscotti-saiwa-oro-ciok-latte-250gr.html">
        <div style="background-image: url('../../cdn.spesati.com/images/products/000109525/oro-ciok-biscotto-con-tavoletta-di-cioccolato-al-latte-10-x-25-g-01.png')">
            <div class="hover"></div>
            <p class="arrow bgRed white">Best Seller</p>
            <div class="stickers"></div>
        </div>
    </a>
    <div>
        <h4><a href="../biscotti-saiwa-oro-ciok-latte-250gr.html"><b>Biscotti Saiwa Oro Ciok Latte 250Gr</b></a></h4>
        <p class="description">Oro Ciok biscotto con tavoletta di cioccolato al latte - 10 x 25 g</p>
        <p class="right price"><b>3.85 €</b></p>
        <p class="right unitPrice">15.40 € per kg</p>
    </div>
    <div class="contButton">
    <a class="button bgRed white addToCart" href="#">Add</a>
</div>
</div><div class="left product prod78"
        data-name="Wafer Balocco Cacao 175Gr"
        data-price="1.41"
        data-id="7003"
        data-available="yes"
        data-category="2229"
        data-bestselling="">
    <a href="../wafer-balocco-cacao-175gr.html">
        <div style="background-image: url('../../cdn.spesati.com/images/products/000109491/balocco-wafers-cocoa-175-g-01.png')">
            <div class="hover"></div>
            
            <div class="stickers"></div>
        </div>
    </a>
    <div>
        <h4><a href="../wafer-balocco-cacao-175gr.html"><b>Wafer Balocco Cacao 175Gr</b></a></h4>
        <p class="description">Balocco Wafers Cocoa 175 g</p>
        <p class="right price"><b>1.41 €</b></p>
        <p class="right unitPrice">8.05 € per kg</p>
    </div>
    <div class="contButton">
    <a class="button bgRed white addToCart" href="#">Add</a>
</div>
</div><div class="left product prod79"
        data-name="Bisc Saiwa Cruscoro Integ.400g"
        data-price="3.45"
        data-id="25452"
        data-available="yes"
        data-category="2229"
        data-bestselling="">
    <a href="../bisc-saiwa-cruscoro-integ400g.html">
        <div style="background-image: url('../../cdn.spesati.com/images/products/000109475/oro-saiwa-cruscoro-biscotti-integrali-con-zucchero-di-canna-400g-01.png')">
            <div class="hover"></div>
            
            <div class="stickers"></div>
        </div>
    </a>
    <div>
        <h4><a href="../bisc-saiwa-cruscoro-integ400g.html"><b>Bisc Saiwa Cruscoro Integ.400g</b></a></h4>
        <p class="description">Oro Saiwa Cruscoro - biscotti integrali con zucchero di canna - 400g</p>
        <p class="right price"><b>3.45 €</b></p>
        <p class="right unitPrice">8.62 € per kg</p>
    </div>
    <div class="contButton">
    <a class="button bgRed white addToCart" href="#">Add</a>
</div>
</div><div class="left product prod80"
        data-name="Loacker Wafers Cremkakao 175 Gr"
        data-price="2.29"
        data-id="4850"
        data-available="yes"
        data-category="2229"
        data-bestselling="2">
    <a href="../loacker-wafers-cremkakao-175-gr.html">
        <div style="background-image: url('../../cdn.spesati.com/images/products/000109455/loacker-wafer-classic-cremkakao-con-crema-al-cacao-e-cioccolato-175-g-01.png')">
            <div class="hover"></div>
            <p class="arrow bgRed white">Best Seller</p>
            <div class="stickers"></div>
        </div>
    </a>
    <div>
        <h4><a href="../loacker-wafers-cremkakao-175-gr.html"><b>Loacker Wafers Cremkakao 175 Gr</b></a></h4>
        <p class="description">Loacker Wafer Classic Cremkakao con crema al cacao e cioccolato 175 g</p>
        <p class="right price"><b>2.29 €</b></p>
        <p class="right unitPrice">13.09 € per kg</p>
    </div>
    <div class="contButton">
    <a class="button bgRed white addToCart" href="#">Add</a>
</div>
</div><div class="left product prod81"
        data-name="Loacker Wafers Vanille 175 Gr"
        data-price="2.29"
        data-id="4852"
        data-available="yes"
        data-category="2229"
        data-bestselling="">
    <a href="../loacker-wafers-vanille-175-gr.html">
        <div style="background-image: url('../../cdn.spesati.com/images/products/000109442/loacker-wafer-classic-vanilla-wafers-con-crema-alla-vaniglia-bourbon-175g-01.png')">
            <div class="hover"></div>
            
            <div class="stickers"></div>
        </div>
    </a>
    <div>
        <h4><a href="../loacker-wafers-vanille-175-gr.html"><b>Loacker Wafers Vanille 175 Gr</b></a></h4>
        <p class="description">Loacker Wafer Classic Vanilla wafers con crema alla vaniglia Bourbon 175g</p>
        <p class="right price"><b>2.29 €</b></p>
        <p class="right unitPrice">13.09 € per kg</p>
    </div>
    <div class="contButton">
    <a class="button bgRed white addToCart" href="#">Add</a>
</div>
</div><div class="left product prod82"
        data-name="Wafer Loacker Napolitaner 175g"
        data-price="2.29"
        data-id="25451"
        data-available="yes"
        data-category="2229"
        data-bestselling="3">
    <a href="../wafer-loacker-napolitaner-175g.html">
        <div style="background-image: url('../../cdn.spesati.com/images/products/000109440/loacker-wafer-classic-napolitaner-175g-con-crema-alla-nocciola-01.png')">
            <div class="hover"></div>
            <p class="arrow bgRed white">Best Seller</p>
            <div class="stickers"></div>
        </div>
    </a>
    <div>
        <h4><a href="../wafer-loacker-napolitaner-175g.html"><b>Wafer Loacker Napolitaner 175g</b></a></h4>
        <p class="description">Loacker Wafer Classic Napolitaner 175g con crema alla nocciola</p>
        <p class="right price"><b>2.29 €</b></p>
        <p class="right unitPrice">13.09 € per kg</p>
    </div>
    <div class="contButton">
    <a class="button bgRed white addToCart" href="#">Add</a>
</div>
</div><div class="left product prod83"
        data-name="Pavesi Togo Classic Latte"
        data-price="2.95"
        data-id="1421"
        data-available="yes"
        data-category="2229"
        data-bestselling="">
    <a href="../pavesi-togo-classic-latte.html">
        <div style="background-image: url('../../cdn.spesati.com/images/products/000109405/pavesi-togo-latte-snack-biscotto-ricoperto-con-cioccolato-al-latte-120g-01.png')">
            <div class="hover"></div>
            
            <div class="stickers"></div>
        </div>
    </a>
    <div>
        <h4><a href="../pavesi-togo-classic-latte.html"><b>Pavesi Togo Classic Latte</b></a></h4>
        <p class="description">Pavesi Togo Latte Snack Biscotto Ricoperto con Cioccolato al Latte 120g</p>
        <p class="right price"><b>2.95 €</b></p>
        <p class="right unitPrice">24.59 € per kg</p>
    </div>
    <div class="contButton">
    <a class="button bgRed white addToCart" href="#">Add</a>
</div>
</div><div class="left product prod84"
        data-name="Pavesi Ringo Cacao Tubo"
        data-price="1.29"
        data-id="6333"
        data-available="yes"
        data-category="2229"
        data-bestselling="">
    <a href="../pavesi-ringo-cacao-tubo.html">
        <div style="background-image: url('../../cdn.spesati.com/images/products/000109402/ringo-cacao-biscotti-farciti-con-crema-cacao-snack-merenda-tubo-con-piu-crema-165g-01.png')">
            <div class="hover"></div>
            <p class="arrow bgRed white">Offer</p>
            <div class="stickers"></div>
        </div>
    </a>
    <div>
        <h4><a href="../pavesi-ringo-cacao-tubo.html"><b>Pavesi Ringo Cacao Tubo</b></a></h4>
        <p class="description">Ringo Cacao Biscotti Farciti con Crema Cacao Snack Merenda Tubo, con più Crema, 165g</p>
        <p class="left offer red">1.69 €</p>
<p class="right price"><b>1.29 €</b></p>
        <p class="right unitPrice">7.82 € per kg</p>
    </div>
    <div class="contButton">
    <a class="button bgRed white addToCart" href="#">Add</a>
</div>
</div><div class="left product prod85"
        data-name="Pavesi Ringo Vaniglia Tubo"
        data-price="1.29"
        data-id="1420"
        data-available="yes"
        data-category="2229"
        data-bestselling="2">
    <a href="../pavesi-ringo-vaniglia-tubo.html">
        <div style="background-image: url('../../cdn.spesati.com/images/products/000109395/ringo-vaniglia-biscotti-farciti-con-crema-vaniglia-snack-merenda-tubo-con-piu-crema-165g-01.png')">
            <div class="hover"></div>
            <p class="arrow bgRed white">Offer</p>
            <div class="stickers"></div>
        </div>
    </a>
    <div>
        <h4><a href="../pavesi-ringo-vaniglia-tubo.html"><b>Pavesi Ringo Vaniglia Tubo</b></a></h4>
        <p class="description">Ringo Vaniglia Biscotti Farciti con Crema Vaniglia Snack Merenda Tubo, con più Crema, 165g</p>
        <p class="left offer red">1.69 €</p>
<p class="right price"><b>1.29 €</b></p>
        <p class="right unitPrice">7.82 € per kg</p>
    </div>
    <div class="contButton">
    <a class="button bgRed white addToCart" href="#">Add</a>
</div>
</div><div class="left product prod86"
        data-name="Ringo Famiglia Vaniglia"
        data-price="3.39"
        data-id="1426"
        data-available="yes"
        data-category="2229"
        data-bestselling="2">
    <a href="../ringo-famiglia-vaniglia.html">
        <div style="background-image: url('../../cdn.spesati.com/images/products/000109394/ringo-vaniglia-biscotti-farciti-con-crema-vaniglia-snack-merenda-6-porzioni-con-piu-crema-330g-01.png')">
            <div class="hover"></div>
            <p class="arrow bgRed white">Best Seller</p>
            <div class="stickers"></div>
        </div>
    </a>
    <div>
        <h4><a href="../ringo-famiglia-vaniglia.html"><b>Ringo Famiglia Vaniglia</b></a></h4>
        <p class="description">Ringo Vaniglia Biscotti Farciti con Crema Vaniglia Snack Merenda 6 porzioni, con più Crema, 330g</p>
        <p class="right price"><b>3.39 €</b></p>
        <p class="right unitPrice">10.27 € per kg</p>
    </div>
    <div class="contButton">
    <a class="button bgRed white addToCart" href="#">Add</a>
</div>
</div><div class="left product prod87"
        data-name="Ringo Famiglia Cacao"
        data-price="3.39"
        data-id="1352"
        data-available="yes"
        data-category="2229"
        data-bestselling="1">
    <a href="../ringo-famiglia-cacao.html">
        <div style="background-image: url('../../cdn.spesati.com/images/products/000109393/ringo-cacao-biscotti-farciti-con-crema-cacao-snack-merenda-6-porzioni-con-piu-crema-330g-01.png')">
            <div class="hover"></div>
            <p class="arrow bgRed white">Best Seller</p>
            <div class="stickers"></div>
        </div>
    </a>
    <div>
        <h4><a href="../ringo-famiglia-cacao.html"><b>Ringo Famiglia Cacao</b></a></h4>
        <p class="description">Ringo Cacao Biscotti Farciti con Crema Cacao Snack Merenda 6 porzioni, con più Crema, 330g</p>
        <p class="right price"><b>3.39 €</b></p>
        <p class="right unitPrice">10.27 € per kg</p>
    </div>
    <div class="contButton">
    <a class="button bgRed white addToCart" href="#">Add</a>
</div>
</div><div class="left product prod88"
        data-name="Pavesini Pavesi Caffe' 200gr"
        data-price="4.15"
        data-id="60870"
        data-available="yes"
        data-category="2229"
        data-bestselling="">
    <a href="../pavesini-pavesi-caffe-200gr.html">
        <div style="background-image: url('../../cdn.spesati.com/images/products/000109390/pavesi-pavesini-al-caffe-snack-goloso-biscotti-leggeri-per-colazione-tiramisu-200g-01.png')">
            <div class="hover"></div>
            
            <div class="stickers"></div>
        </div>
    </a>
    <div>
        <h4><a href="../pavesini-pavesi-caffe-200gr.html"><b>Pavesini Pavesi Caffe' 200gr</b></a></h4>
        <p class="description">Pavesi Pavesini al Caffè Snack Goloso Biscotti Leggeri per Colazione Tiramisù 200g</p>
        <p class="right price"><b>4.15 €</b></p>
        <p class="right unitPrice">4.16 € per piece</p>
    </div>
    <div class="contButton">
    <a class="button bgRed white addToCart" href="#">Add</a>
</div>
</div><div class="left product prod89"
        data-name="Pavesi Biscotti Le Gocciole"
        data-price="2.99"
        data-id="1418"
        data-available="yes"
        data-category="2229"
        data-bestselling="">
    <a href="../pavesi-biscotti-le-gocciole.html">
        <div style="background-image: url('../../cdn.spesati.com/images/products/000109382/pavesi-gocciole-chocolate-biscotti-con-gocce-di-cioccolato-500g-01.png')">
            <div class="hover"></div>
            
            <div class="stickers"></div>
        </div>
    </a>
    <div>
        <h4><a href="../pavesi-biscotti-le-gocciole.html"><b>Pavesi Biscotti Le Gocciole</b></a></h4>
        <p class="description">Pavesi Gocciole Chocolate Biscotti con Gocce di Cioccolato 500g</p>
        <p class="right price"><b>2.99 €</b></p>
        <p class="right unitPrice">5.98 € per kg</p>
    </div>
    <div class="contButton">
    <a class="button bgRed white addToCart" href="#">Add</a>
</div>
</div><div class="left product prod90"
        data-name="Bisc Piu Legg Magret Galbus350"
        data-price="3.39"
        data-id="25485"
        data-available="yes"
        data-category="2229"
        data-bestselling="">
    <a href="../bisc-piu-legg-magret-galbus350.html">
        <div style="background-image: url('../../cdn.spesati.com/images/products/000109271/galbusera-magretti-i-leggeri-con-orzo-e-mais-6-x-583-g-01.png')">
            <div class="hover"></div>
            
            <div class="stickers"></div>
        </div>
    </a>
    <div>
        <h4><a href="../bisc-piu-legg-magret-galbus350.html"><b>Bisc Piu Legg Magret Galbus350</b></a></h4>
        <p class="description">Galbusera Magretti i Leggeri con Orzo e Mais 6 x 58,3 g</p>
        <p class="right price"><b>3.39 €</b></p>
        <p class="right unitPrice">9.69 € per kg</p>
    </div>
    <div class="contButton">
    <a class="button bgRed white addToCart" href="#">Add</a>
</div>
</div><div class="left product prod91"
        data-name="Biscotti Buonicosi Galbusera Cerealcosi 300Gr"
        data-price="3.85"
        data-id="6988"
        data-available="yes"
        data-category="2229"
        data-bestselling="2">
    <a href="../biscotti-buonicosi-galbusera-cerealcosi-300gr.html">
        <div style="background-image: url('../../cdn.spesati.com/images/products/000109270/galbusera-buonicosi-senza-zuccheri-aggiunti-ai-4-cereali-e-ricco-di-fibre-6-x-50-g-01.png')">
            <div class="hover"></div>
            <p class="arrow bgRed white">Best Seller</p>
            <div class="stickers"></div>
        </div>
    </a>
    <div>
        <h4><a href="../biscotti-buonicosi-galbusera-cerealcosi-300gr.html"><b>Biscotti Buonicosi Galbusera Cerealcosi 300Gr</b></a></h4>
        <p class="description">Galbusera BuoniCosì Senza Zuccheri aggiunti ai 4 Cereali e Ricco di Fibre 6 x 50 g</p>
        <p class="right price"><b>3.85 €</b></p>
        <p class="right unitPrice">12.84 € per kg</p>
    </div>
    <div class="contButton">
    <a class="button bgRed white addToCart" href="#">Add</a>
</div>
</div><div class="left product prod92"
        data-name="Biscotti Buonicosi Galbusera 330Gr"
        data-price="3.85"
        data-id="6992"
        data-available="yes"
        data-category="2229"
        data-bestselling="">
    <a href="../biscotti-buonicosi-galbusera-330gr.html">
        <div style="background-image: url('../../cdn.spesati.com/images/products/000109268/galbusera-buonicosi-senza-zuccheri-aggiunti-con-uova-fresche-italiane-6-x-55-g-01.png')">
            <div class="hover"></div>
            
            <div class="stickers"></div>
        </div>
    </a>
    <div>
        <h4><a href="../biscotti-buonicosi-galbusera-330gr.html"><b>Biscotti Buonicosi Galbusera 330Gr</b></a></h4>
        <p class="description">Galbusera BuoniCosì Senza Zuccheri aggiunti con Uova Fresche Italiane 6 x 55 g</p>
        <p class="right price"><b>3.85 €</b></p>
        <p class="right unitPrice">11.67 € per kg</p>
    </div>
    <div class="contButton">
    <a class="button bgRed white addToCart" href="#">Add</a>
</div>
</div><div class="left product prod93"
        data-name="Barilla Pan Di Stelle Snack"
        data-price="3.85"
        data-id="1347"
        data-available="yes"
        data-category="2229"
        data-bestselling="">
    <a href="../barilla-pan-di-stelle-snack.html">
        <div style="background-image: url('../../cdn.spesati.com/images/products/000109198/pan-di-stelle-merenda-pan-di-spagna-al-cacao-e-crema-al-latte-280g-01.png')">
            <div class="hover"></div>
            
            <div class="stickers"></div>
        </div>
    </a>
    <div>
        <h4><a href="../barilla-pan-di-stelle-snack.html"><b>Barilla Pan Di Stelle Snack</b></a></h4>
        <p class="description">Pan di Stelle Merenda Pan di Spagna al Cacao e Crema al Latte 280g</p>
        <p class="right price"><b>3.85 €</b></p>
        <p class="right unitPrice">13.75 € per kg</p>
    </div>
    <div class="contButton">
    <a class="button bgRed white addToCart" href="#">Add</a>
</div>
</div><div class="left product prod94"
        data-name="Bisc Doria Bucaneve Class 400g"
        data-price="2.35"
        data-id="25426"
        data-available="yes"
        data-category="2229"
        data-bestselling="1">
    <a href="../bisc-doria-bucaneve-class-400g.html">
        <div style="background-image: url('../../cdn.spesati.com/images/products/000109155/doria-bucanevica-400-g-01.png')">
            <div class="hover"></div>
            <p class="arrow bgRed white">Best Seller</p>
            <div class="stickers"></div>
        </div>
    </a>
    <div>
        <h4><a href="../bisc-doria-bucaneve-class-400g.html"><b>Bisc Doria Bucaneve Class 400g</b></a></h4>
        <p class="description">Doria Bucanevica 400 g</p>
        <p class="right price"><b>2.35 €</b></p>
        <p class="right unitPrice">5.87 € per kg</p>
    </div>
    <div class="contButton">
    <a class="button bgRed white addToCart" href="#">Add</a>
</div>
</div><div class="left product prod95"
        data-name="Barilla Biscotti Cuor di Mela"
        data-price="3.25"
        data-id="3704"
        data-available="yes"
        data-category="2229"
        data-bestselling="1">
    <a href="../barilla-biscotti-cuor-di-mela.html">
        <div style="background-image: url('../../cdn.spesati.com/images/products/000109124/mulino-bianco-cuor-di-mela-biscotti-con-mele-100-italiane-300g-01.png')">
            <div class="hover"></div>
            <p class="arrow bgRed white">Best Seller</p>
            <div class="stickers"></div>
        </div>
    </a>
    <div>
        <h4><a href="../barilla-biscotti-cuor-di-mela.html"><b>Barilla Biscotti Cuor di Mela</b></a></h4>
        <p class="description">Mulino Bianco Cuor di Mela Biscotti con Mele 100% Italiane 300g</p>
        <p class="right price"><b>3.25 €</b></p>
        <p class="right unitPrice">10.84 € per kg</p>
    </div>
    <div class="contButton">
    <a class="button bgRed white addToCart" href="#">Add</a>
</div>
</div><div class="left product prod96"
        data-name="Barilla Canestrini Cacao"
        data-price="3.15"
        data-id="1343"
        data-available="yes"
        data-category="2229"
        data-bestselling="">
    <a href="../barilla-canestrini-cacao.html">
        <div style="background-image: url('../../cdn.spesati.com/images/products/000109117/mulino-bianco-canestrini-biscotti-con-zucchero-a-velo-200g-01.png')">
            <div class="hover"></div>
            
            <div class="stickers"></div>
        </div>
    </a>
    <div>
        <h4><a href="../barilla-canestrini-cacao.html"><b>Barilla Canestrini Cacao</b></a></h4>
        <p class="description">Mulino Bianco Canestrini Biscotti con Zucchero a Velo 200g</p>
        <p class="right price"><b>3.15 €</b></p>
        <p class="right unitPrice">15.75 € per kg</p>
    </div>
    <div class="contButton">
    <a class="button bgRed white addToCart" href="#">Add</a>
</div>
</div><div class="left product prod97"
        data-name="Barilla Baiocchi Sn Nocciola"
        data-price="4.49"
        data-id="4222"
        data-available="yes"
        data-category="2229"
        data-bestselling="2">
    <a href="../barilla-baiocchi-sn-nocciola.html">
        <div style="background-image: url('../../cdn.spesati.com/images/products/000109088/mulino-bianco-baiocchi-biscotti-snack-farciti-con-crema-alla-nocciola-e-cacao-336g-01.png')">
            <div class="hover"></div>
            <p class="arrow bgRed white">Best Seller</p>
            <div class="stickers"></div>
        </div>
    </a>
    <div>
        <h4><a href="../barilla-baiocchi-sn-nocciola.html"><b>Barilla Baiocchi Sn Nocciola</b></a></h4>
        <p class="description">Mulino Bianco Baiocchi Biscotti Snack Farciti con Crema alla Nocciola e Cacao 336g</p>
        <p class="right price"><b>4.49 €</b></p>
        <p class="right unitPrice">13.37 € per kg</p>
    </div>
    <div class="contButton">
    <a class="button bgRed white addToCart" href="#">Add</a>
</div>
</div><div class="left product prod98"
        data-name="Colussi Biscotti Gran Turchese 400G"
        data-price="2.99"
        data-id="5015"
        data-available="yes"
        data-category="2229"
        data-bestselling="">
    <a href="../colussi-biscotti-gran-turchese-400g.html">
        <div style="background-image: url('../../cdn.spesati.com/images/products/000109085/colussi-il-granturchese-400-g-01.png')">
            <div class="hover"></div>
            
            <div class="stickers"></div>
        </div>
    </a>
    <div>
        <h4><a href="../colussi-biscotti-gran-turchese-400g.html"><b>Colussi Biscotti Gran Turchese 400G</b></a></h4>
        <p class="description">Colussi il Granturchese 400 g</p>
        <p class="right price"><b>2.99 €</b></p>
        <p class="right unitPrice">7.48 € per kg</p>
    </div>
    <div class="contButton">
    <a class="button bgRed white addToCart" href="#">Add</a>
</div>
</div><div class="left product prod99"
        data-name="Bisc Mulino B Grancer Croc 230"
        data-price="2.05"
        data-id="4635"
        data-available="yes"
        data-category="2229"
        data-bestselling="4">
    <a href="../bisc-mulino-b-grancer-croc-230.html">
        <div style="background-image: url('../../cdn.spesati.com/images/products/000109037/gran-cereale-biscotti-gran-cereale-riso-e-cornflakes-biscotti-tubo-230-g-01.png')">
            <div class="hover"></div>
            <p class="arrow bgRed white">Best Seller</p>
            <div class="stickers"></div>
        </div>
    </a>
    <div>
        <h4><a href="../bisc-mulino-b-grancer-croc-230.html"><b>Bisc Mulino B Grancer Croc 230</b></a></h4>
        <p class="description">Gran Cereale Biscotti Gran cereale Riso e Cornflakes Biscotti Tubo 230 g</p>
        <p class="right price"><b>2.05 €</b></p>
        <p class="right unitPrice">8.91 € per kg</p>
    </div>
    <div class="contButton">
    <a class="button bgRed white addToCart" href="#">Add</a>
</div>
</div><div class="left product prod100"
        data-name="Barilla Biscotti Pan Di Stelle"
        data-price="2.85"
        data-id="1339"
        data-available="yes"
        data-category="2229"
        data-bestselling="3">
    <a href="../barilla-biscotti-pan-di-stelle.html">
        <div style="background-image: url('../../cdn.spesati.com/images/products/000109033/pan-di-stelle-biscotti-al-cacao-nocciole-special-edition-disney-wish-350g-01.png')">
            <div class="hover"></div>
            <p class="arrow bgRed white">Best Seller</p>
            <div class="stickers"></div>
        </div>
    </a>
    <div>
        <h4><a href="../barilla-biscotti-pan-di-stelle.html"><b>Barilla Biscotti Pan Di Stelle</b></a></h4>
        <p class="description">Pan di Stelle Biscotti al Cacao Nocciole Special Edition Disney Wish 350g</p>
        <p class="right price"><b>2.85 €</b></p>
        <p class="right unitPrice">9.50 € per kg</p>
    </div>
    <div class="contButton">
    <a class="button bgRed white addToCart" href="#">Add</a>
</div>
</div><div class="left product prod101"
        data-name="Bisc Mulino B Molinetti 700gr"
        data-price="3.49"
        data-id="25424"
        data-available="yes"
        data-category="2229"
        data-bestselling="">
    <a href="../bisc-mulino-b-molinetti-700gr.html">
        <div style="background-image: url('../../cdn.spesati.com/images/products/000109028/mulino-bianco-molinetti-biscotti-con-farina-integrale-e-grano-saraceno-800g-01.png')">
            <div class="hover"></div>
            <p class="arrow bgRed white">Offer</p>
            <div class="stickers"></div>
        </div>
    </a>
    <div>
        <h4><a href="../bisc-mulino-b-molinetti-700gr.html"><b>Bisc Mulino B Molinetti 700gr</b></a></h4>
        <p class="description">Mulino Bianco Molinetti Biscotti con Farina Integrale e Grano Saraceno 800g</p>
        <p class="left offer red">3.69 €</p>
<p class="right price"><b>3.49 €</b></p>
        <p class="right unitPrice">4.98 € per kg</p>
    </div>
    <div class="contButton">
    <a class="button bgRed white addToCart" href="#">Add</a>
</div>
</div><div class="left product prod102"
        data-name="Doria Biscotti Atene Pacco 500Gr"
        data-price="1.85"
        data-id="5014"
        data-available="yes"
        data-category="2229"
        data-bestselling="">
    <a href="../doria-biscotti-atene-pacco-500gr.html">
        <div style="background-image: url('../../cdn.spesati.com/images/products/000109025/doria-atene-500-g-01.png')">
            <div class="hover"></div>
            
            <div class="stickers"></div>
        </div>
    </a>
    <div>
        <h4><a href="../doria-biscotti-atene-pacco-500gr.html"><b>Doria Biscotti Atene Pacco 500Gr</b></a></h4>
        <p class="description">Doria Atene 500 g</p>
        <p class="right price"><b>1.85 €</b></p>
        <p class="right unitPrice">3.70 € per kg</p>
    </div>
    <div class="contButton">
    <a class="button bgRed white addToCart" href="#">Add</a>
</div>
</div><div class="left product prod103"
        data-name="Barilla Biscotti Macine 800 gr"
        data-price="3.49"
        data-id="1336"
        data-available="yes"
        data-category="2229"
        data-bestselling="2">
    <a href="../barilla-biscotti-macine-800-gr.html">
        <div style="background-image: url('../../cdn.spesati.com/images/products/000109018/mulino-bianco-macine-biscotti-con-panna-fresca-800g-01.png')">
            <div class="hover"></div>
            <p class="arrow bgRed white">Offer</p>
            <div class="stickers"></div>
        </div>
    </a>
    <div>
        <h4><a href="../barilla-biscotti-macine-800-gr.html"><b>Barilla Biscotti Macine 800 gr</b></a></h4>
        <p class="description">Mulino Bianco Macine Biscotti con Panna Fresca 800g</p>
        <p class="left offer red">3.69 €</p>
<p class="right price"><b>3.49 €</b></p>
        <p class="right unitPrice">4.37 € per kg</p>
    </div>
    <div class="contButton">
    <a class="button bgRed white addToCart" href="#">Add</a>
</div>
</div><div class="left product prod104"
        data-name="Barilla Biscotti Tarallucci 800 gr"
        data-price="3.49"
        data-id="1342"
        data-available="yes"
        data-category="2229"
        data-bestselling="">
    <a href="../barilla-biscotti-tarallucci-800-gr.html">
        <div style="background-image: url('../../cdn.spesati.com/images/products/000109017/mulino-bianco-tarallucci-biscotti-con-uova-fresche-100-italiane-800g-01.png')">
            <div class="hover"></div>
            <p class="arrow bgRed white">Offer</p>
            <div class="stickers"></div>
        </div>
    </a>
    <div>
        <h4><a href="../barilla-biscotti-tarallucci-800-gr.html"><b>Barilla Biscotti Tarallucci 800 gr</b></a></h4>
        <p class="description">Mulino Bianco Tarallucci Biscotti con Uova Fresche 100% italiane 800g</p>
        <p class="left offer red">3.69 €</p>
<p class="right price"><b>3.49 €</b></p>
        <p class="right unitPrice">4.37 € per kg</p>
    </div>
    <div class="contButton">
    <a class="button bgRed white addToCart" href="#">Add</a>
</div>
</div><div class="left product prod105"
        data-name="Doria Biscotti Bucaneve Gig"
        data-price="1.35"
        data-id="4312"
        data-available="yes"
        data-category="2229"
        data-bestselling="1">
    <a href="../doria-biscotti-bucaneve-gig.html">
        <div style="background-image: url('../../cdn.spesati.com/images/products/000109012/doria-bucanevica-200-g-01.png')">
            <div class="hover"></div>
            <p class="arrow bgRed white">Best Seller</p>
            <div class="stickers"></div>
        </div>
    </a>
    <div>
        <h4><a href="../doria-biscotti-bucaneve-gig.html"><b>Doria Biscotti Bucaneve Gig</b></a></h4>
        <p class="description">Doria Bucanevica 200 g</p>
        <p class="right price"><b>1.35 €</b></p>
        <p class="right unitPrice">6.75 € per kg</p>
    </div>
    <div class="contButton">
    <a class="button bgRed white addToCart" href="#">Add</a>
</div>
</div><div class="left product prod106"
        data-name="Bisc Mulino B Rigoli 800gr"
        data-price="3.49"
        data-id="25423"
        data-available="yes"
        data-category="2229"
        data-bestselling="">
    <a href="../bisc-mulino-b-rigoli-800gr.html">
        <div style="background-image: url('../../cdn.spesati.com/images/products/000109010/mulino-bianco-rigoli-biscotti-con-miele-millefiori-italiano-800g-01.png')">
            <div class="hover"></div>
            <p class="arrow bgRed white">Offer</p>
            <div class="stickers"></div>
        </div>
    </a>
    <div>
        <h4><a href="../bisc-mulino-b-rigoli-800gr.html"><b>Bisc Mulino B Rigoli 800gr</b></a></h4>
        <p class="description">Mulino Bianco Rigoli Biscotti con Miele Millefiori Italiano 800g</p>
        <p class="left offer red">3.69 €</p>
<p class="right price"><b>3.49 €</b></p>
        <p class="right unitPrice">4.37 € per kg</p>
    </div>
    <div class="contButton">
    <a class="button bgRed white addToCart" href="#">Add</a>
</div>
</div><div class="left product prod107"
        data-name="Barilla Biscotti Galletti 800 gr"
        data-price="3.49"
        data-id="1334"
        data-available="yes"
        data-category="2229"
        data-bestselling="">
    <a href="../barilla-biscotti-galletti-800-gr.html">
        <div style="background-image: url('../../cdn.spesati.com/images/products/000109009/mulino-bianco-galletti-biscotti-con-latte-fresco-100-italiano-800g-01.png')">
            <div class="hover"></div>
            <p class="arrow bgRed white">Offer</p>
            <div class="stickers"></div>
        </div>
    </a>
    <div>
        <h4><a href="../barilla-biscotti-galletti-800-gr.html"><b>Barilla Biscotti Galletti 800 gr</b></a></h4>
        <p class="description">Mulino Bianco Galletti Biscotti con Latte Fresco 100% Italiano 800g</p>
        <p class="left offer red">3.69 €</p>
<p class="right price"><b>3.49 €</b></p>
        <p class="right unitPrice">4.37 € per kg</p>
    </div>
    <div class="contButton">
    <a class="button bgRed white addToCart" href="#">Add</a>
</div>
</div><div class="left product prod108"
        data-name="Barilla Biscotti Campagnole 700Gr"
        data-price="3.49"
        data-id="6213"
        data-available="yes"
        data-category="2229"
        data-bestselling="1">
    <a href="../barilla-biscotti-campagnole-700gr.html">
        <div style="background-image: url('../../cdn.spesati.com/images/products/000109002/mulino-bianco-campagnole-biscotti-con-farina-di-riso-700g-01.png')">
            <div class="hover"></div>
            <p class="arrow bgRed white">Offer</p>
            <div class="stickers"></div>
        </div>
    </a>
    <div>
        <h4><a href="../barilla-biscotti-campagnole-700gr.html"><b>Barilla Biscotti Campagnole 700Gr</b></a></h4>
        <p class="description">Mulino Bianco Campagnole Biscotti con Farina di Riso 700g</p>
        <p class="left offer red">3.69 €</p>
<p class="right price"><b>3.49 €</b></p>
        <p class="right unitPrice">4.98 € per kg</p>
    </div>
    <div class="contButton">
    <a class="button bgRed white addToCart" href="#">Add</a>
</div>
</div><div class="left product prod109"
        data-name="Bis Gecchele Fiamme Cocco 220g"
        data-price="2.89"
        data-id="80671"
        data-available="yes"
        data-category="2229"
        data-bestselling="">
    <a href="../bis-gecchele-fiamme-cocco-220g.html">
        <div style="background-image: url('../../cdn.spesati.com/images/products/missing-image/missing-image.jpg')">
            <div class="hover"></div>
            
            <div class="stickers"></div>
        </div>
    </a>
    <div>
        <h4><a href="../bis-gecchele-fiamme-cocco-220g.html"><b>Bis Gecchele Fiamme Cocco 220g</b></a></h4>
        <p class="description">0.22 Kg</p>
        <p class="right price"><b>2.89 €</b></p>
        <p class="right unitPrice">13.13 € per kg</p>
    </div>
    <div class="contButton">
    <a class="button bgRed white addToCart" href="#">Add</a>
</div>
</div><div class="left product prod110"
        data-name="Lingue Rdg Cioc Bco/caram 150g"
        data-price="3.69"
        data-id="82557"
        data-available="yes"
        data-category="2229"
        data-bestselling="">
    <a href="../lingue-rdg-cioc-bcocaram-150g.html">
        <div style="background-image: url('../../cdn.spesati.com/images/products/missing-image/missing-image.jpg')">
            <div class="hover"></div>
            
            <div class="stickers"></div>
        </div>
    </a>
    <div>
        <h4><a href="../lingue-rdg-cioc-bcocaram-150g.html"><b>Lingue Rdg Cioc Bco/caram 150g</b></a></h4>
        <p class="description">0.15 Kg</p>
        <p class="right price"><b>3.69 €</b></p>
        <p class="right unitPrice">24.61 € per kg</p>
    </div>
    <div class="contButton">
    <a class="button bgRed white addToCart" href="#">Add</a>
</div>
</div><div class="left product prod111"
        data-name="Bisc Midi Ruotine Panna 700gr"
        data-price="2.19"
        data-id="82626"
        data-available="yes"
        data-category="2229"
        data-bestselling="1">
    <a href="../bisc-midi-ruotine-panna-700gr.html">
        <div style="background-image: url('../../cdn.spesati.com/images/products/missing-image/missing-image.jpg')">
            <div class="hover"></div>
            <p class="arrow bgRed white">Best Seller</p>
            <div class="stickers"></div>
        </div>
    </a>
    <div>
        <h4><a href="../bisc-midi-ruotine-panna-700gr.html"><b>Bisc Midi Ruotine Panna 700gr</b></a></h4>
        <p class="description">0.7 Kg</p>
        <p class="right price"><b>2.19 €</b></p>
        <p class="right unitPrice">3.12 € per kg</p>
    </div>
    <div class="contButton">
    <a class="button bgRed white addToCart" href="#">Add</a>
</div>
</div><div class="left product prod112"
        data-name="Baston Rdg Cacao Cioc Fon 180g"
        data-price="3.69"
        data-id="83102"
        data-available="yes"
        data-category="2229"
        data-bestselling="">
    <a href="../baston-rdg-cacao-cioc-fon-180g.html">
        <div style="background-image: url('../../cdn.spesati.com/images/products/missing-image/missing-image.jpg')">
            <div class="hover"></div>
            
            <div class="stickers"></div>
        </div>
    </a>
    <div>
        <h4><a href="../baston-rdg-cacao-cioc-fon-180g.html"><b>Baston Rdg Cacao Cioc Fon 180g</b></a></h4>
        <p class="description">0.18 Kg</p>
        <p class="right price"><b>3.69 €</b></p>
        <p class="right unitPrice">20.50 € per kg</p>
    </div>
    <div class="contButton">
    <a class="button bgRed white addToCart" href="#">Add</a>
</div>
</div><div class="left product prod113"
        data-name="Baci Dama Rdg Cacao 190gr"
        data-price="3.19"
        data-id="83399"
        data-available="yes"
        data-category="2229"
        data-bestselling="">
    <a href="../baci-dama-rdg-cacao-190gr.html">
        <div style="background-image: url('../../cdn.spesati.com/images/products/missing-image/missing-image.jpg')">
            <div class="hover"></div>
            
            <div class="stickers"></div>
        </div>
    </a>
    <div>
        <h4><a href="../baci-dama-rdg-cacao-190gr.html"><b>Baci Dama Rdg Cacao 190gr</b></a></h4>
        <p class="description">0.19 Kg</p>
        <p class="right price"><b>3.19 €</b></p>
        <p class="right unitPrice">16.79 € per kg</p>
    </div>
    <div class="contButton">
    <a class="button bgRed white addToCart" href="#">Add</a>
</div>
</div><div class="left product prod114"
        data-name="Bisc Caram E Cannella Rdg 270g"
        data-price="2.99"
        data-id="83486"
        data-available="yes"
        data-category="2229"
        data-bestselling="">
    <a href="../bisc-caram-e-cannella-rdg-270g.html">
        <div style="background-image: url('../../cdn.spesati.com/images/products/missing-image/missing-image.jpg')">
            <div class="hover"></div>
            
            <div class="stickers"></div>
        </div>
    </a>
    <div>
        <h4><a href="../bisc-caram-e-cannella-rdg-270g.html"><b>Bisc Caram E Cannella Rdg 270g</b></a></h4>
        <p class="description">0.27 Kg</p>
        <p class="right price"><b>2.99 €</b></p>
        <p class="right unitPrice">11.08 € per kg</p>
    </div>
    <div class="contButton">
    <a class="button bgRed white addToCart" href="#">Add</a>
</div>
</div><div class="left product prod115"
        data-name="Bisc Gocce Cioccolato Rdg 270g"
        data-price="2.99"
        data-id="83489"
        data-available="yes"
        data-category="2229"
        data-bestselling="">
    <a href="../bisc-gocce-cioccolato-rdg-270g.html">
        <div style="background-image: url('../../cdn.spesati.com/images/products/missing-image/missing-image.jpg')">
            <div class="hover"></div>
            
            <div class="stickers"></div>
        </div>
    </a>
    <div>
        <h4><a href="../bisc-gocce-cioccolato-rdg-270g.html"><b>Bisc Gocce Cioccolato Rdg 270g</b></a></h4>
        <p class="description">0.27 Kg</p>
        <p class="right price"><b>2.99 €</b></p>
        <p class="right unitPrice">11.08 € per kg</p>
    </div>
    <div class="contButton">
    <a class="button bgRed white addToCart" href="#">Add</a>
</div>
</div><div class="left product prod116"
        data-name="Bisc Far Int Mie Acac Rdg 270g"
        data-price="2.99"
        data-id="83492"
        data-available="yes"
        data-category="2229"
        data-bestselling="">
    <a href="../bisc-far-int-mie-acac-rdg-270g.html">
        <div style="background-image: url('../../cdn.spesati.com/images/products/missing-image/missing-image.jpg')">
            <div class="hover"></div>
            
            <div class="stickers"></div>
        </div>
    </a>
    <div>
        <h4><a href="../bisc-far-int-mie-acac-rdg-270g.html"><b>Bisc Far Int Mie Acac Rdg 270g</b></a></h4>
        <p class="description">0.27 Kg</p>
        <p class="right price"><b>2.99 €</b></p>
        <p class="right unitPrice">11.08 € per kg</p>
    </div>
    <div class="contButton">
    <a class="button bgRed white addToCart" href="#">Add</a>
</div>
</div><div class="left product prod117"
        data-name="Bisc Orzo E Yogurt Rdg 270g"
        data-price="2.99"
        data-id="83495"
        data-available="yes"
        data-category="2229"
        data-bestselling="">
    <a href="../bisc-orzo-e-yogurt-rdg-270g.html">
        <div style="background-image: url('../../cdn.spesati.com/images/products/missing-image/missing-image.jpg')">
            <div class="hover"></div>
            
            <div class="stickers"></div>
        </div>
    </a>
    <div>
        <h4><a href="../bisc-orzo-e-yogurt-rdg-270g.html"><b>Bisc Orzo E Yogurt Rdg 270g</b></a></h4>
        <p class="description">0.27 Kg</p>
        <p class="right price"><b>2.99 €</b></p>
        <p class="right unitPrice">11.08 € per kg</p>
    </div>
    <div class="contButton">
    <a class="button bgRed white addToCart" href="#">Add</a>
</div>
</div><div class="left product prod118"
        data-name="Bisc Far Mais Ottofil Rdg 270g"
        data-price="2.99"
        data-id="83498"
        data-available="yes"
        data-category="2229"
        data-bestselling="">
    <a href="../bisc-far-mais-ottofil-rdg-270g.html">
        <div style="background-image: url('../../cdn.spesati.com/images/products/missing-image/missing-image.jpg')">
            <div class="hover"></div>
            
            <div class="stickers"></div>
        </div>
    </a>
    <div>
        <h4><a href="../bisc-far-mais-ottofil-rdg-270g.html"><b>Bisc Far Mais Ottofil Rdg 270g</b></a></h4>
        <p class="description">0.27 Kg</p>
        <p class="right price"><b>2.99 €</b></p>
        <p class="right unitPrice">11.08 € per kg</p>
    </div>
    <div class="contButton">
    <a class="button bgRed white addToCart" href="#">Add</a>
</div>
</div><div class="left product prod119"
        data-name="Bisc Riso C Ol Di Ris Rdg 270g"
        data-price="2.99"
        data-id="83501"
        data-available="yes"
        data-category="2229"
        data-bestselling="">
    <a href="../bisc-riso-c-ol-di-ris-rdg-270g">
        <div style="background-image: url('../../cdn.spesati.com/images/products/missing-image/missing-image.jpg')">
            <div class="hover"></div>
            
            <div class="stickers"></div>
        </div>
    </a>
    <div>
        <h4><a href="../bisc-riso-c-ol-di-ris-rdg-270g"><b>Bisc Riso C Ol Di Ris Rdg 270g</b></a></h4>
        <p class="description">0.27 Kg</p>
        <p class="right price"><b>2.99 €</b></p>
        <p class="right unitPrice">11.08 € per kg</p>
    </div>
    <div class="contButton">
    <a class="button bgRed white addToCart" href="#">Add</a>
</div>
</div><div class="left product prod120"
        data-name="Savoiardi Sardi Dulcis 300gr"
        data-price="2.85"
        data-id="84839"
        data-available="yes"
        data-category="2229"
        data-bestselling="">
    <a href="../savoiardi-sardi-dulcis-300gr">
        <div style="background-image: url('../../cdn.spesati.com/images/products/missing-image/missing-image.jpg')">
            <div class="hover"></div>
            
            <div class="stickers"></div>
        </div>
    </a>
    <div>
        <h4><a href="../savoiardi-sardi-dulcis-300gr"><b>Savoiardi Sardi Dulcis 300gr</b></a></h4>
        <p class="description">1 piece</p>
        <p class="right price"><b>2.85 €</b></p>
        <p class="right unitPrice">2.85 € per piece</p>
    </div>
    <div class="contButton">
    <a class="button bgRed white addToCart" href="#">Add</a>
</div>
</div><div class="left product prod121"
        data-name="Bisc Pavesi Ringo Van 24x55gr"
        data-price="19.59"
        data-id="25449"
        data-available="yes"
        data-category="2229"
        data-bestselling="">
    <a href="../bisc-pavesi-ringo-van-24x55gr">
        <div style="background-image: url('../../cdn.spesati.com/images/products/missing-image/missing-image.jpg')">
            <div class="hover"></div>
            
            <div class="stickers"></div>
        </div>
    </a>
    <div>
        <h4><a href="../bisc-pavesi-ringo-van-24x55gr"><b>Bisc Pavesi Ringo Van 24x55gr</b></a></h4>
        <p class="description">1.32 Kg</p>
        <p class="right price"><b>19.59 €</b></p>
        <p class="right unitPrice">14.84 € per kg</p>
    </div>
    <div class="contButton">
    <a class="button bgRed white addToCart" href="#">Add</a>
</div>
</div><div class="left product prod122"
        data-name="Bisc Midi Spigh Granel Zuc 700"
        data-price="2.79"
        data-id="85154"
        data-available="yes"
        data-category="2229"
        data-bestselling="1">
    <a href="../bisc-midi-spigh-granel-zuc-700">
        <div style="background-image: url('../../cdn.spesati.com/images/products/missing-image/missing-image.jpg')">
            <div class="hover"></div>
            <p class="arrow bgRed white">Best Seller</p>
            <div class="stickers"></div>
        </div>
    </a>
    <div>
        <h4><a href="../bisc-midi-spigh-granel-zuc-700"><b>Bisc Midi Spigh Granel Zuc 700</b></a></h4>
        <p class="description">0.7 Kg</p>
        <p class="right price"><b>2.79 €</b></p>
        <p class="right unitPrice">3.98 € per kg</p>
    </div>
    <div class="contButton">
    <a class="button bgRed white addToCart" href="#">Add</a>
</div>
</div><div class="left product prod123"
        data-name="Bisc Midi Boncio'goc Cioc 700g"
        data-price="2.59"
        data-id="85559"
        data-available="yes"
        data-category="2229"
        data-bestselling="">
    <a href="../bisc-midi-bonciogoc-cioc-700g">
        <div style="background-image: url('../../cdn.spesati.com/images/products/missing-image/missing-image.jpg')">
            <div class="hover"></div>
            
            <div class="stickers"></div>
        </div>
    </a>
    <div>
        <h4><a href="../bisc-midi-bonciogoc-cioc-700g"><b>Bisc Midi Boncio'goc Cioc 700g</b></a></h4>
        <p class="description">0.7 Kg</p>
        <p class="right price"><b>2.59 €</b></p>
        <p class="right unitPrice">3.70 € per kg</p>
    </div>
    <div class="contButton">
    <a class="button bgRed white addToCart" href="#">Add</a>
</div>
</div><div class="left product prod124"
        data-name="Ciccioneddas Rau Alb Vas 300gr"
        data-price="8.15"
        data-id="87176"
        data-available="yes"
        data-category="2229"
        data-bestselling="">
    <a href="../ciccioneddas-rau-alb-vas-300gr">
        <div style="background-image: url('../../cdn.spesati.com/images/products/missing-image/missing-image.jpg')">
            <div class="hover"></div>
            
            <div class="stickers"></div>
        </div>
    </a>
    <div>
        <h4><a href="../ciccioneddas-rau-alb-vas-300gr"><b>Ciccioneddas Rau Alb Vas 300gr</b></a></h4>
        <p class="description">0.3 Kg</p>
        <p class="right price"><b>8.15 €</b></p>
        <p class="right unitPrice">27.17 € per kg</p>
    </div>
    <div class="contButton">
    <a class="button bgRed white addToCart" href="#">Add</a>
</div>
</div><div class="left product prod125"
        data-name="Bisc Baiocchi Pistacch 42x28gr"
        data-price="24.61"
        data-id="88953"
        data-available="yes"
        data-category="2229"
        data-bestselling="">
    <a href="../bisc-baiocchi-pistacch-42x28gr">
        <div style="background-image: url('../../cdn.spesati.com/images/products/missing-image/missing-image.jpg')">
            <div class="hover"></div>
            
            <div class="stickers"></div>
        </div>
    </a>
    <div>
        <h4><a href="../bisc-baiocchi-pistacch-42x28gr"><b>Bisc Baiocchi Pistacch 42x28gr</b></a></h4>
        <p class="description">1.18 Kg</p>
        <p class="right price"><b>24.61 €</b></p>
        <p class="right unitPrice">20.86 € per kg</p>
    </div>
    <div class="contButton">
    <a class="button bgRed white addToCart" href="#">Add</a>
</div>
</div><div class="left product prod126"
        data-name="Bisc Ringo Caramel Twist 165g"
        data-price="2.99"
        data-id="88965"
        data-available="yes"
        data-category="2229"
        data-bestselling="">
    <a href="../bisc-ringo-caramel-twist-165g">
        <div style="background-image: url('../../cdn.spesati.com/images/products/missing-image/missing-image.jpg')">
            <div class="hover"></div>
            
            <div class="stickers"></div>
        </div>
    </a>
    <div>
        <h4><a href="../bisc-ringo-caramel-twist-165g"><b>Bisc Ringo Caramel Twist 165g</b></a></h4>
        <p class="description">0.17 Kg</p>
        <p class="right price"><b>2.99 €</b></p>
        <p class="right unitPrice">17.59 € per kg</p>
    </div>
    <div class="contButton">
    <a class="button bgRed white addToCart" href="#">Add</a>
</div>
</div><div class="left product prod127"
        data-name="Bisc M Bianco Pan Di Yo 270gr"
        data-price="2.85"
        data-id="88971"
        data-available="yes"
        data-category="2229"
        data-bestselling="">
    <a href="../bisc-m-bianco-pan-di-yo-270gr">
        <div style="background-image: url('../../cdn.spesati.com/images/products/missing-image/missing-image.jpg')">
            <div class="hover"></div>
            
            <div class="stickers"></div>
        </div>
    </a>
    <div>
        <h4><a href="../bisc-m-bianco-pan-di-yo-270gr"><b>Bisc M Bianco Pan Di Yo 270gr</b></a></h4>
        <p class="description">0.27 Kg</p>
        <p class="right price"><b>2.85 €</b></p>
        <p class="right unitPrice">10.56 € per kg</p>
    </div>
    <div class="contButton">
    <a class="button bgRed white addToCart" href="#">Add</a>
</div>
</div><div class="left product prod128"
        data-name="Bi Grant Colussi Mono 200x13gr"
        data-price="29.47"
        data-id="25912"
        data-available="yes"
        data-category="2229"
        data-bestselling="">
    <a href="../bi-grant-colussi-mono-200x13gr">
        <div style="background-image: url('../../cdn.spesati.com/images/products/missing-image/missing-image.jpg')">
            <div class="hover"></div>
            
            <div class="stickers"></div>
        </div>
    </a>
    <div>
        <h4><a href="../bi-grant-colussi-mono-200x13gr"><b>Bi Grant Colussi Mono 200x13gr</b></a></h4>
        <p class="description">2.66 Kg</p>
        <p class="right price"><b>29.47 €</b></p>
        <p class="right unitPrice">11.08 € per kg</p>
    </div>
    <div class="contButton">
    <a class="button bgRed white addToCart" href="#">Add</a>
</div>
</div><div class="left product prod129"
        data-name="Wafer Loack Napolita 45gx25pz"
        data-price="28.14"
        data-id="25980"
        data-available="yes"
        data-category="2229"
        data-bestselling="">
    <a href="../wafer-loack-napolita-45gx25pz">
        <div style="background-image: url('../../cdn.spesati.com/images/products/missing-image/missing-image.jpg')">
            <div class="hover"></div>
            
            <div class="stickers"></div>
        </div>
    </a>
    <div>
        <h4><a href="../wafer-loack-napolita-45gx25pz"><b>Wafer Loack Napolita 45gx25pz</b></a></h4>
        <p class="description">0.05 Kg</p>
        <p class="right price"><b>28.14 €</b></p>
        <p class="right unitPrice">625.24 € per kg</p>
    </div>
    <div class="contButton">
    <a class="button bgRed white addToCart" href="#">Add</a>
</div>
</div><div class="left product prod130"
        data-name="Bisc Gecchele Savoiardi 400gr"
        data-price="3.21"
        data-id="26040"
        data-available="yes"
        data-category="2229"
        data-bestselling="">
    <a href="../bisc-gecchele-savoiardi-400gr">
        <div style="background-image: url('../../cdn.spesati.com/images/products/missing-image/missing-image.jpg')">
            <div class="hover"></div>
            
            <div class="stickers"></div>
        </div>
    </a>
    <div>
        <h4><a href="../bisc-gecchele-savoiardi-400gr"><b>Bisc Gecchele Savoiardi 400gr</b></a></h4>
        <p class="description">0.4 Kg</p>
        <p class="right price"><b>3.21 €</b></p>
        <p class="right unitPrice">8.03 € per kg</p>
    </div>
    <div class="contButton">
    <a class="button bgRed white addToCart" href="#">Add</a>
</div>
</div><div class="left product prod131"
        data-name="Bisc M Bianco Cioccoavena 270g"
        data-price="2.85"
        data-id="88974"
        data-available="yes"
        data-category="2229"
        data-bestselling="">
    <a href="../bisc-m-bianco-cioccoavena-270g">
        <div style="background-image: url('../../cdn.spesati.com/images/products/missing-image/missing-image.jpg')">
            <div class="hover"></div>
            
            <div class="stickers"></div>
        </div>
    </a>
    <div>
        <h4><a href="../bisc-m-bianco-cioccoavena-270g"><b>Bisc M Bianco Cioccoavena 270g</b></a></h4>
        <p class="description">0.27 Kg</p>
        <p class="right price"><b>2.85 €</b></p>
        <p class="right unitPrice">10.56 € per kg</p>
    </div>
    <div class="contButton">
    <a class="button bgRed white addToCart" href="#">Add</a>
</div>
</div><div class="left product prod132"
        data-name="Bisc M Bianco Intrecci 300gr"
        data-price="3.35"
        data-id="89197"
        data-available="yes"
        data-category="2229"
        data-bestselling="">
    <a href="../bisc-m-bianco-intrecci-300gr">
        <div style="background-image: url('../../cdn.spesati.com/images/products/missing-image/missing-image.jpg')">
            <div class="hover"></div>
            
            <div class="stickers"></div>
        </div>
    </a>
    <div>
        <h4><a href="../bisc-m-bianco-intrecci-300gr"><b>Bisc M Bianco Intrecci 300gr</b></a></h4>
        <p class="description">0.3 Kg</p>
        <p class="right price"><b>3.35 €</b></p>
        <p class="right unitPrice">11.17 € per kg</p>
    </div>
    <div class="contButton">
    <a class="button bgRed white addToCart" href="#">Add</a>
</div>
</div><div class="left product prod133"
        data-name="Biscotti Danesi Burro Royal"
        data-price="11.90"
        data-id="6821"
        data-available="no"
        data-category="2229"
        data-bestselling="">
    <a href="../biscotti-danesi-burro-royal">
        <div style="background-image: url('../../cdn.spesati.com/images/products/000650162/royal-dansk-danish-butter-cookies-454-g-01.png')">
            <div class="hover"></div>
            
            <div class="stickers"></div>
        </div>
    </a>
    <div>
        <h4><a href="../biscotti-danesi-burro-royal"><b>Biscotti Danesi Burro Royal</b></a></h4>
        <p class="description">Royal Dansk Danish Butter Cookies 454 g</p>
        <p class="right price"><b>11.90 €</b></p>
        <p class="right unitPrice">23.80 € per kg</p>
    </div>
    <div class="notAvailable">
    <a class="button bgDarkGrey white" href="../biscotti-danesi-burro-royal">Not available</a>
</div>
</div><div class="left product prod134"
        data-name="Bisc Baloc Zero Gocc S/z 230g"
        data-price="2.04"
        data-id="79689"
        data-available="no"
        data-category="2229"
        data-bestselling="">
    <a href="../bisc-baloc-zero-gocc-sz-230g">
        <div style="background-image: url('../../cdn.spesati.com/images/products/000472961/balocco-zeropiu-gocce-di-cioccolato-crispies-di-riso-e-frumento-6-x-35-g-01.png')">
            <div class="hover"></div>
            
            <div class="stickers"></div>
        </div>
    </a>
    <div>
        <h4><a href="../bisc-baloc-zero-gocc-sz-230g"><b>Bisc Baloc Zero Gocc S/z 230g</b></a></h4>
        <p class="description">Balocco ZeroPiù Gocce di Cioccolato Crispies di Riso e Frumento 6 x 35 g</p>
        <p class="right price"><b>2.04 €</b></p>
        <p class="right unitPrice">8.86 € per kg</p>
    </div>
    <div class="notAvailable">
    <a class="button bgDarkGrey white" href="../bisc-baloc-zero-gocc-sz-230g">Not available</a>
</div>
</div><div class="left product prod135"
        data-name="Bisc Baloc Zero 7 Cer S/z 230g"
        data-price="2.04"
        data-id="79686"
        data-available="no"
        data-category="2229"
        data-bestselling="">
    <a href="../bisc-baloc-zero-7-cer-sz-230g">
        <div style="background-image: url('../../cdn.spesati.com/images/products/000472960/balocco-zeropiu-7-cereali-corn-flakes-6-x-383-g-01.png')">
            <div class="hover"></div>
            
            <div class="stickers"></div>
        </div>
    </a>
    <div>
        <h4><a href="../bisc-baloc-zero-7-cer-sz-230g"><b>Bisc Baloc Zero 7 Cer S/z 230g</b></a></h4>
        <p class="description">Balocco ZeroPiù 7 Cereali Corn Flakes 6 x 38,3 g</p>
        <p class="right price"><b>2.04 €</b></p>
        <p class="right unitPrice">8.86 € per kg</p>
    </div>
    <div class="notAvailable">
    <a class="button bgDarkGrey white" href="../bisc-baloc-zero-7-cer-sz-230g">Not available</a>
</div>
</div><div class="left product prod136"
        data-name="Bisc Baloc Zero Class S/z 230g"
        data-price="2.04"
        data-id="79683"
        data-available="no"
        data-category="2229"
        data-bestselling="">
    <a href="../bisc-baloc-zero-class-sz-230g">
        <div style="background-image: url('../../cdn.spesati.com/images/products/000472959/balocco-zeropiu-fiocchi-davena-farina-di-riso-6-x-383-g-01.png')">
            <div class="hover"></div>
            
            <div class="stickers"></div>
        </div>
    </a>
    <div>
        <h4><a href="../bisc-baloc-zero-class-sz-230g"><b>Bisc Baloc Zero Class S/z 230g</b></a></h4>
        <p class="description">Balocco ZeroPiù Fiocchi d'Avena Farina di Riso 6 x 38,3 g</p>
        <p class="right price"><b>2.04 €</b></p>
        <p class="right unitPrice">8.86 € per kg</p>
    </div>
    <div class="notAvailable">
    <a class="button bgDarkGrey white" href="../bisc-baloc-zero-class-sz-230g">Not available</a>
</div>
</div><div class="left product prod137"
        data-name="Bisc Mul B Cioccofrol Sza 200g"
        data-price="3.13"
        data-id="59457"
        data-available="no"
        data-category="2229"
        data-bestselling="">
    <a href="../bisc-mul-b-cioccofrol-sza-200g">
        <div style="background-image: url('../../cdn.spesati.com/images/products/000437366/mulino-bianco-cioccofrolle-biscotti-senza-zuccheri-aggiunti-con-farina-integrale-e-cioccolato-200g-01.png')">
            <div class="hover"></div>
            
            <div class="stickers"></div>
        </div>
    </a>
    <div>
        <h4><a href="../bisc-mul-b-cioccofrol-sza-200g"><b>Bisc Mul B Cioccofrol Sza 200g</b></a></h4>
        <p class="description">Mulino Bianco Cioccofrolle Biscotti Senza Zuccheri Aggiunti con Farina Integrale e Cioccolato 200g</p>
        <p class="right price"><b>3.13 €</b></p>
        <p class="right unitPrice">15.66 € per kg</p>
    </div>
    <div class="notAvailable">
    <a class="button bgDarkGrey white" href="../bisc-mul-b-cioccofrol-sza-200g">Not available</a>
</div>
</div><div class="left product prod138"
        data-name="Barilla Biscotti Galletti 350gr"
        data-price="2.29"
        data-id="4050"
        data-available="no"
        data-category="2229"
        data-bestselling="5">
    <a href="../barilla-biscotti-galletti-350gr">
        <div style="background-image: url('../../cdn.spesati.com/images/products/000144057/mulino-bianco-galletti-biscotti-con-latte-fresco-100-italiano-350g-01.png')">
            <div class="hover"></div>
            <p class="arrow bgRed white">Best Seller</p>
            <div class="stickers"></div>
        </div>
    </a>
    <div>
        <h4><a href="../barilla-biscotti-galletti-350gr"><b>Barilla Biscotti Galletti 350gr</b></a></h4>
        <p class="description">Mulino Bianco Galletti Biscotti con Latte Fresco 100% Italiano 350g</p>
        <p class="right price"><b>2.29 €</b></p>
        <p class="right unitPrice">6.55 € per kg</p>
    </div>
    <div class="notAvailable">
    <a class="button bgDarkGrey white" href="../barilla-biscotti-galletti-350gr">Not available</a>
</div>
</div><div class="left product prod139"
        data-name="Marron Glaces Vergani Bust 200"
        data-price="5.61"
        data-id="27336"
        data-available="no"
        data-category="2229"
        data-bestselling="">
    <a href="../marron-glaces-vergani-bust-200">
        <div style="background-image: url('../../cdn.spesati.com/images/products/000131690/vergani-marrons-glaces-in-pezzi-200-g-01.png')">
            <div class="hover"></div>
            
            <div class="stickers"></div>
        </div>
    </a>
    <div>
        <h4><a href="../marron-glaces-vergani-bust-200"><b>Marron Glaces Vergani Bust 200</b></a></h4>
        <p class="description">Vergani Marrons Glacés in pezzi 200 g</p>
        <p class="right price"><b>5.61 €</b></p>
        <p class="right unitPrice">28.07 € per kg</p>
    </div>
    <div class="notAvailable">
    <a class="button bgDarkGrey white" href="../marron-glaces-vergani-bust-200">Not available</a>
</div>
</div><div class="left product prod140"
        data-name="Biscotti Divella Ott Clas 400g"
        data-price="1.95"
        data-id="26693"
        data-available="no"
        data-category="2229"
        data-bestselling="">
    <a href="../biscotti-divella-ott-clas-400g">
        <div style="background-image: url('../../cdn.spesati.com/images/products/000117652/divella-fantasie-del-mattino-ottimini-classici-400-g-01.png')">
            <div class="hover"></div>
            
            <div class="stickers"></div>
        </div>
    </a>
    <div>
        <h4><a href="../biscotti-divella-ott-clas-400g"><b>Biscotti Divella Ott Clas 400g</b></a></h4>
        <p class="description">Divella Fantasie del Mattino Ottimini classici 400 g</p>
        <p class="right price"><b>1.95 €</b></p>
        <p class="right unitPrice">4.87 € per kg</p>
    </div>
    <div class="notAvailable">
    <a class="button bgDarkGrey white" href="../biscotti-divella-ott-clas-400g">Not available</a>
</div>
</div><div class="left product prod141"
        data-name="Divella Biscotti Ottimini Cacao"
        data-price="1.87"
        data-id="1365"
        data-available="no"
        data-category="2229"
        data-bestselling="">
    <a href="../divella-biscotti-ottimini-cacao">
        <div style="background-image: url('../../cdn.spesati.com/images/products/000117651/divella-fantasie-del-mattino-ottimini-al-cacao-con-gocce-di-cioccolato-400-g-01.png')">
            <div class="hover"></div>
            
            <div class="stickers"></div>
        </div>
    </a>
    <div>
        <h4><a href="../divella-biscotti-ottimini-cacao"><b>Divella Biscotti Ottimini Cacao</b></a></h4>
        <p class="description">Divella Fantasie del Mattino Ottimini al cacao con gocce di cioccolato 400 g</p>
        <p class="right price"><b>1.87 €</b></p>
        <p class="right unitPrice">4.68 € per kg</p>
    </div>
    <div class="notAvailable">
    <a class="button bgDarkGrey white" href="../divella-biscotti-ottimini-cacao">Not available</a>
</div>
</div><div class="left product prod142"
        data-name="Snack Fior Amar-zenz S-gl 33gr"
        data-price="1.45"
        data-id="25976"
        data-available="no"
        data-category="2229"
        data-bestselling="">
    <a href="../snack-fior-amar-zenz-s-gl-33gr">
        <div style="background-image: url('../../cdn.spesati.com/images/products/000112679/fiorentini-zenzero-break-33-g-01.png')">
            <div class="hover"></div>
            
            <div class="stickers"></div>
        </div>
    </a>
    <div>
        <h4><a href="../snack-fior-amar-zenz-s-gl-33gr"><b>Snack Fior Amar-zenz S-gl 33gr</b></a></h4>
        <p class="description">Fiorentini Zenzero Break 33 g</p>
        <p class="right price"><b>1.45 €</b></p>
        <p class="right unitPrice">43.93 € per kg</p>
    </div>
    <div class="notAvailable">
    <a class="button bgDarkGrey white" href="../snack-fior-amar-zenz-s-gl-33gr">Not available</a>
</div>
</div><div class="left product prod143"
        data-name="Waffel Gecchele 250gr"
        data-price="3.75"
        data-id="25941"
        data-available="no"
        data-category="2229"
        data-bestselling="">
    <a href="../waffel-gecchele-250gr">
        <div style="background-image: url('../../cdn.spesati.com/images/products/000112426/gecchele-waffeln-250-g-01.png')">
            <div class="hover"></div>
            
            <div class="stickers"></div>
        </div>
    </a>
    <div>
        <h4><a href="../waffel-gecchele-250gr"><b>Waffel Gecchele 250gr</b></a></h4>
        <p class="description">Gecchele Waffeln 250 g</p>
        <p class="right price"><b>3.75 €</b></p>
        <p class="right unitPrice">15.00 € per kg</p>
    </div>
    <div class="notAvailable">
    <a class="button bgDarkGrey white" href="../waffel-gecchele-250gr">Not available</a>
</div>
</div><div class="left product prod144"
        data-name="Expo Wafer Baloc Latte 30x45gr"
        data-price="13.52"
        data-id="25770"
        data-available="no"
        data-category="2229"
        data-bestselling="">
    <a href="../expo-wafer-baloc-latte-30x45gr">
        <div style="background-image: url('../../cdn.spesati.com/images/products/000111706/balocco-snack-milk-vanilla-wafer-30-x-45-g-01.png')">
            <div class="hover"></div>
            
            <div class="stickers"></div>
        </div>
    </a>
    <div>
        <h4><a href="../expo-wafer-baloc-latte-30x45gr"><b>Expo Wafer Baloc Latte 30x45gr</b></a></h4>
        <p class="description">Balocco Snack Milk Vanilla Wafer 30 x 45 g</p>
        <p class="right price"><b>13.52 €</b></p>
        <p class="right unitPrice">10.01 € per kg</p>
    </div>
    <div class="notAvailable">
    <a class="button bgDarkGrey white" href="../expo-wafer-baloc-latte-30x45gr">Not available</a>
</div>
</div><div class="left product prod145"
        data-name="Expo Wafer Baloc Nocci 30x45gr"
        data-price="13.52"
        data-id="25769"
        data-available="no"
        data-category="2229"
        data-bestselling="">
    <a href="../expo-wafer-baloc-nocci-30x45gr">
        <div style="background-image: url('../../cdn.spesati.com/images/products/000111705/balocco-snack-hazelnut-wafers-30-x-45-g-01.png')">
            <div class="hover"></div>
            
            <div class="stickers"></div>
        </div>
    </a>
    <div>
        <h4><a href="../expo-wafer-baloc-nocci-30x45gr"><b>Expo Wafer Baloc Nocci 30x45gr</b></a></h4>
        <p class="description">Balocco Snack Hazelnut Wafers 30 x 45 g</p>
        <p class="right price"><b>13.52 €</b></p>
        <p class="right unitPrice">10.01 € per kg</p>
    </div>
    <div class="notAvailable">
    <a class="button bgDarkGrey white" href="../expo-wafer-baloc-nocci-30x45gr">Not available</a>
</div>
</div><div class="left product prod146"
        data-name="Expo Wafer Baloc Cacao 30x45gr"
        data-price="13.52"
        data-id="25768"
        data-available="no"
        data-category="2229"
        data-bestselling="">
    <a href="../expo-wafer-baloc-cacao-30x45gr">
        <div style="background-image: url('../../cdn.spesati.com/images/products/000111704/balocco-snack-cocoa-wafers-30-x-45-g-01.png')">
            <div class="hover"></div>
            
            <div class="stickers"></div>
        </div>
    </a>
    <div>
        <h4><a href="../expo-wafer-baloc-cacao-30x45gr"><b>Expo Wafer Baloc Cacao 30x45gr</b></a></h4>
        <p class="description">Balocco Snack Cocoa Wafers 30 x 45 g</p>
        <p class="right price"><b>13.52 €</b></p>
        <p class="right unitPrice">10.01 € per kg</p>
    </div>
    <div class="notAvailable">
    <a class="button bgDarkGrey white" href="../expo-wafer-baloc-cacao-30x45gr">Not available</a>
</div>
</div><div class="left product prod147"
        data-name="Bisc Balocc Crusc Ciocco 300gr"
        data-price="2.04"
        data-id="25763"
        data-available="no"
        data-category="2229"
        data-bestselling="">
    <a href="../bisc-balocc-crusc-ciocco-300gr">
        <div style="background-image: url('../../cdn.spesati.com/images/products/000111698/balocco-fibragusto-cerealicioccolato-6-x-50-g-01.png')">
            <div class="hover"></div>
            
            <div class="stickers"></div>
        </div>
    </a>
    <div>
        <h4><a href="../bisc-balocc-crusc-ciocco-300gr"><b>Bisc Balocc Crusc Ciocco 300gr</b></a></h4>
        <p class="description">Balocco Fibra&Gusto Cereali&Cioccolato 6 x 50 g</p>
        <p class="right price"><b>2.04 €</b></p>
        <p class="right unitPrice">6.81 € per kg</p>
    </div>
    <div class="notAvailable">
    <a class="button bgDarkGrey white" href="../bisc-balocc-crusc-ciocco-300gr">Not available</a>
</div>
</div><div class="left product prod148"
        data-name="Bisc Balocc Crusc Frut&fi 350g"
        data-price="2.04"
        data-id="25762"
        data-available="no"
        data-category="2229"
        data-bestselling="">
    <a href="../bisc-balocc-crusc-frutfi-350g">
        <div style="background-image: url('../../cdn.spesati.com/images/products/000111697/balocco-fibragusto-cerealifrutta-6-x-583-g-01.png')">
            <div class="hover"></div>
            
            <div class="stickers"></div>
        </div>
    </a>
    <div>
        <h4><a href="../bisc-balocc-crusc-frutfi-350g"><b>Bisc Balocc Crusc Frut&fi 350g</b></a></h4>
        <p class="description">Balocco Fibra&Gusto Cereali&Frutta 6 x 58,3 g</p>
        <p class="right price"><b>2.04 €</b></p>
        <p class="right unitPrice">5.84 € per kg</p>
    </div>
    <div class="notAvailable">
    <a class="button bgDarkGrey white" href="../bisc-balocc-crusc-frutfi-350g">Not available</a>
</div>
</div><div class="left product prod149"
        data-name="Biscotti Baiocchi 42x28gr"
        data-price="24.61"
        data-id="25726"
        data-available="no"
        data-category="2229"
        data-bestselling="">
    <a href="../biscotti-baiocchi-42x28gr">
        <div style="background-image: url('../../cdn.spesati.com/images/products/000111499/mulino-bianco-baiocchi-biscotti-snack-farciti-con-crema-alla-nocciola-e-cacao-monoporzione-28g-01.png')">
            <div class="hover"></div>
            
            <div class="stickers"></div>
        </div>
    </a>
    <div>
        <h4><a href="../biscotti-baiocchi-42x28gr"><b>Biscotti Baiocchi 42x28gr</b></a></h4>
        <p class="description">Mulino Bianco Baiocchi Biscotti Snack Farciti con Crema alla Nocciola e Cacao monoporzione 28g</p>
        <p class="right price"><b>24.61 €</b></p>
        <p class="right unitPrice">20.92 € per kg</p>
    </div>
    <div class="notAvailable">
    <a class="button bgDarkGrey white" href="../biscotti-baiocchi-42x28gr">Not available</a>
</div>
</div><div class="left product prod150"
        data-name="Pesche Esca Marmellata 500gr"
        data-price="7.79"
        data-id="25668"
        data-available="no"
        data-category="2229"
        data-bestselling="1">
    <a href="../pesche-esca-marmellata-500gr">
        <div style="background-image: url('../../cdn.spesati.com/images/products/000111301/esca-pesche-allalbicocca-500-g-01.png')">
            <div class="hover"></div>
            <p class="arrow bgRed white">Best Seller</p>
            <div class="stickers"></div>
        </div>
    </a>
    <div>
        <h4><a href="../pesche-esca-marmellata-500gr"><b>Pesche Esca Marmellata 500gr</b></a></h4>
        <p class="description">Esca Pesche all'Albicocca 500 g</p>
        <p class="right price"><b>7.79 €</b></p>
        <p class="right unitPrice">15.58 € per kg</p>
    </div>
    <div class="notAvailable">
    <a class="button bgDarkGrey white" href="../pesche-esca-marmellata-500gr">Not available</a>
</div>
</div><div class="left product prod151"
        data-name="Barilla Pan Di Stelle Cereali 330 Gr"
        data-price="5.88"
        data-id="4649"
        data-available="no"
        data-category="2229"
        data-bestselling="">
    <a href="../barilla-pan-di-stelle-cereali-330-gr">
        <div style="background-image: url('../../cdn.spesati.com/images/products/000110292/pan-di-stelle-cereali-croccanti-al-cacao-e-dolci-stelle-di-riso-e-frumento-325g-01.png')">
            <div class="hover"></div>
            
            <div class="stickers"></div>
        </div>
    </a>
    <div>
        <h4><a href="../barilla-pan-di-stelle-cereali-330-gr"><b>Barilla Pan Di Stelle Cereali 330 Gr</b></a></h4>
        <p class="description">Pan di Stelle Cereali Croccanti al Cacao e Dolci Stelle di Riso e Frumento 325g</p>
        <p class="right price"><b>5.88 €</b></p>
        <p class="right unitPrice">17.81 € per kg</p>
    </div>
    <div class="notAvailable">
    <a class="button bgDarkGrey white" href="../barilla-pan-di-stelle-cereali-330-gr">Not available</a>
</div>
</div><div class="left product prod152"
        data-name="Bisc Colussi Zuppalatte 250gr"
        data-price="1.25"
        data-id="25511"
        data-available="no"
        data-category="2229"
        data-bestselling="">
    <a href="../bisc-colussi-zuppalatte-250gr">
        <div style="background-image: url('../../cdn.spesati.com/images/products/000110246/colussi-zuppalatte-250-g-01.png')">
            <div class="hover"></div>
            
            <div class="stickers"></div>
        </div>
    </a>
    <div>
        <h4><a href="../bisc-colussi-zuppalatte-250gr"><b>Bisc Colussi Zuppalatte 250gr</b></a></h4>
        <p class="description">Colussi Zuppalatte 250 g</p>
        <p class="right price"><b>1.25 €</b></p>
        <p class="right unitPrice">4.99 € per kg</p>
    </div>
    <div class="notAvailable">
    <a class="button bgDarkGrey white" href="../bisc-colussi-zuppalatte-250gr">Not available</a>
</div>
</div><div class="left product prod153"
        data-name="Biscotti Saiwa Oro Ciok Nocciola 250Gr"
        data-price="3.21"
        data-id="6899"
        data-available="no"
        data-category="2229"
        data-bestselling="">
    <a href="../biscotti-saiwa-oro-ciok-nocciola-250gr">
        <div style="background-image: url('../../cdn.spesati.com/images/products/000109526/oro-ciok-biscotto-con-tavoletta-di-cioccolato-alla-nocciola-10-x-25-g-01.png')">
            <div class="hover"></div>
            
            <div class="stickers"></div>
        </div>
    </a>
    <div>
        <h4><a href="../biscotti-saiwa-oro-ciok-nocciola-250gr"><b>Biscotti Saiwa Oro Ciok Nocciola 250Gr</b></a></h4>
        <p class="description">Oro Ciok biscotto con Tavoletta di Cioccolato alla nocciola - 10 x 25 g</p>
        <p class="right price"><b>3.21 €</b></p>
        <p class="right unitPrice">12.84 € per kg</p>
    </div>
    <div class="notAvailable">
    <a class="button bgDarkGrey white" href="../biscotti-saiwa-oro-ciok-nocciola-250gr">Not available</a>
</div>
</div><div class="left product prod154"
        data-name="Biscotti Pavesi Pavesini"
        data-price="2.99"
        data-id="1357"
        data-available="no"
        data-category="2229"
        data-bestselling="">
    <a href="../biscotti-pavesi-pavesini">
        <div style="background-image: url('../../cdn.spesati.com/images/products/000109388/pavesi-pavesini-classici-snack-goloso-biscotti-leggeri-per-colazione-tiramisu-200g-01.png')">
            <div class="hover"></div>
            
            <div class="stickers"></div>
        </div>
    </a>
    <div>
        <h4><a href="../biscotti-pavesi-pavesini"><b>Biscotti Pavesi Pavesini</b></a></h4>
        <p class="description">Pavesi Pavesini Classici Snack Goloso Biscotti Leggeri per Colazione Tiramisù 200g</p>
        <p class="right price"><b>2.99 €</b></p>
        <p class="right unitPrice">14.95 € per kg</p>
    </div>
    <div class="notAvailable">
    <a class="button bgDarkGrey white" href="../biscotti-pavesi-pavesini">Not available</a>
</div>
</div><div class="left product prod155"
        data-name="Biscotti Gecchele Fiamme Al Cocco 250Gr"
        data-price="2.39"
        data-id="6766"
        data-available="no"
        data-category="2229"
        data-bestselling="">
    <a href="../biscotti-gecchele-fiamme-al-cocco-250gr">
        <div style="background-image: url('../../cdn.spesati.com/images/products/000109327/gecchele-fiamme-al-cocco-250-g-01.png')">
            <div class="hover"></div>
            
            <div class="stickers"></div>
        </div>
    </a>
    <div>
        <h4><a href="../biscotti-gecchele-fiamme-al-cocco-250gr"><b>Biscotti Gecchele Fiamme Al Cocco 250Gr</b></a></h4>
        <p class="description">Gecchele Fiamme al Cocco 250 g</p>
        <p class="right price"><b>2.39 €</b></p>
        <p class="right unitPrice">9.57 € per kg</p>
    </div>
    <div class="notAvailable">
    <a class="button bgDarkGrey white" href="../biscotti-gecchele-fiamme-al-cocco-250gr">Not available</a>
</div>
</div><div class="left product prod156"
        data-name="Bis Pan Di Stel Biscrem 24x28g"
        data-price="20.38"
        data-id="27667"
        data-available="no"
        data-category="2229"
        data-bestselling="">
    <a href="../bis-pan-di-stel-biscrem-24x28g">
        <div style="background-image: url('../../cdn.spesati.com/images/products/missing-image/missing-image.jpg')">
            <div class="hover"></div>
            
            <div class="stickers"></div>
        </div>
    </a>
    <div>
        <h4><a href="../bis-pan-di-stel-biscrem-24x28g"><b>Bis Pan Di Stel Biscrem 24x28g</b></a></h4>
        <p class="description">0.68 Kg</p>
        <p class="right price"><b>20.38 €</b></p>
        <p class="right unitPrice">30.18 € per kg</p>
    </div>
    <div class="notAvailable">
    <a class="button bgDarkGrey white" href="../bis-pan-di-stel-biscrem-24x28g">Not available</a>
</div>
</div><div class="left product prod157"
        data-name="Bisc Walkers Avena-fr Ros 150g"
        data-price="5.55"
        data-id="34733"
        data-available="no"
        data-category="2229"
        data-bestselling="">
    <a href="../bisc-walkers-avena-fr-ros-150g">
        <div style="background-image: url('../../cdn.spesati.com/images/products/missing-image/missing-image.jpg')">
            <div class="hover"></div>
            
            <div class="stickers"></div>
        </div>
    </a>
    <div>
        <h4><a href="../bisc-walkers-avena-fr-ros-150g"><b>Bisc Walkers Avena-fr Ros 150g</b></a></h4>
        <p class="description">0.15 Kg</p>
        <p class="right price"><b>5.55 €</b></p>
        <p class="right unitPrice">36.99 € per kg</p>
    </div>
    <div class="notAvailable">
    <a class="button bgDarkGrey white" href="../bisc-walkers-avena-fr-ros-150g">Not available</a>
</div>
</div><div class="left product prod158"
        data-name="Novellini Nattura Integr 250gr"
        data-price="4.40"
        data-id="60915"
        data-available="no"
        data-category="2229"
        data-bestselling="">
    <a href="../novellini-nattura-integr-250gr">
        <div style="background-image: url('../../cdn.spesati.com/images/products/missing-image/missing-image.jpg')">
            <div class="hover"></div>
            
            <div class="stickers"></div>
        </div>
    </a>
    <div>
        <h4><a href="../novellini-nattura-integr-250gr"><b>Novellini Nattura Integr 250gr</b></a></h4>
        <p class="description">0.25 Kg</p>
        <p class="right price"><b>4.40 €</b></p>
        <p class="right unitPrice">17.60 € per kg</p>
    </div>
    <div class="notAvailable">
    <a class="button bgDarkGrey white" href="../novellini-nattura-integr-250gr">Not available</a>
</div>
</div><div class="left product prod159"
        data-name="I Savoiardi Tiramisu 260g Rdg"
        data-price="2.69"
        data-id="81188"
        data-available="no"
        data-category="2229"
        data-bestselling="">
    <a href="../i-savoiardi-tiramisu-260g-rdg">
        <div style="background-image: url('../../cdn.spesati.com/images/products/missing-image/missing-image.jpg')">
            <div class="hover"></div>
            
            <div class="stickers"></div>
        </div>
    </a>
    <div>
        <h4><a href="../i-savoiardi-tiramisu-260g-rdg"><b>I Savoiardi Tiramisu 260g Rdg</b></a></h4>
        <p class="description">0.26 Kg</p>
        <p class="right price"><b>2.69 €</b></p>
        <p class="right unitPrice">10.34 € per kg</p>
    </div>
    <div class="notAvailable">
    <a class="button bgDarkGrey white" href="../i-savoiardi-tiramisu-260g-rdg">Not available</a>
</div>
</div><div class="left product prod160"
        data-name="Bisc Midi Integrali 700gr"
        data-price="2.73"
        data-id="82623"
        data-available="no"
        data-category="2229"
        data-bestselling="">
    <a href="../bisc-midi-integrali-700gr">
        <div style="background-image: url('../../cdn.spesati.com/images/products/missing-image/missing-image.jpg')">
            <div class="hover"></div>
            
            <div class="stickers"></div>
        </div>
    </a>
    <div>
        <h4><a href="../bisc-midi-integrali-700gr"><b>Bisc Midi Integrali 700gr</b></a></h4>
        <p class="description">0.7 Kg</p>
        <p class="right price"><b>2.73 €</b></p>
        <p class="right unitPrice">3.89 € per kg</p>
    </div>
    <div class="notAvailable">
    <a class="button bgDarkGrey white" href="../bisc-midi-integrali-700gr">Not available</a>
</div>
</div><div class="left product prod161"
        data-name="Bisc Midi Matti' Uovo 700gr"
        data-price="2.19"
        data-id="82629"
        data-available="no"
        data-category="2229"
        data-bestselling="1">
    <a href="../bisc-midi-matti-uovo-700gr">
        <div style="background-image: url('../../cdn.spesati.com/images/products/missing-image/missing-image.jpg')">
            <div class="hover"></div>
            <p class="arrow bgRed white">Best Seller</p>
            <div class="stickers"></div>
        </div>
    </a>
    <div>
        <h4><a href="../bisc-midi-matti-uovo-700gr"><b>Bisc Midi Matti' Uovo 700gr</b></a></h4>
        <p class="description">0.7 Kg</p>
        <p class="right price"><b>2.19 €</b></p>
        <p class="right unitPrice">3.12 € per kg</p>
    </div>
    <div class="notAvailable">
    <a class="button bgDarkGrey white" href="../bisc-midi-matti-uovo-700gr">Not available</a>
</div>
</div><div class="left product prod162"
        data-name="Bisc Pavesi Ringo Cacao 24x55g"
        data-price="18.33"
        data-id="25450"
        data-available="no"
        data-category="2229"
        data-bestselling="">
    <a href="../bisc-pavesi-ringo-cacao-24x55g">
        <div style="background-image: url('../../cdn.spesati.com/images/products/missing-image/missing-image.jpg')">
            <div class="hover"></div>
            
            <div class="stickers"></div>
        </div>
    </a>
    <div>
        <h4><a href="../bisc-pavesi-ringo-cacao-24x55g"><b>Bisc Pavesi Ringo Cacao 24x55g</b></a></h4>
        <p class="description">1.32 Kg</p>
        <p class="right price"><b>18.33 €</b></p>
        <p class="right unitPrice">13.89 € per kg</p>
    </div>
    <div class="notAvailable">
    <a class="button bgDarkGrey white" href="../bisc-pavesi-ringo-cacao-24x55g">Not available</a>
</div>
</div><div class="left product prod163"
        data-name="Ciccioneddas Rau Noc Vas 300gr"
        data-price="6.99"
        data-id="87182"
        data-available="no"
        data-category="2229"
        data-bestselling="">
    <a href="../ciccioneddas-rau-noc-vas-300gr">
        <div style="background-image: url('../../cdn.spesati.com/images/products/missing-image/missing-image.jpg')">
            <div class="hover"></div>
            
            <div class="stickers"></div>
        </div>
    </a>
    <div>
        <h4><a href="../ciccioneddas-rau-noc-vas-300gr"><b>Ciccioneddas Rau Noc Vas 300gr</b></a></h4>
        <p class="description">0.3 Kg</p>
        <p class="right price"><b>6.99 €</b></p>
        <p class="right unitPrice">23.30 € per kg</p>
    </div>
    <div class="notAvailable">
    <a class="button bgDarkGrey white" href="../ciccioneddas-rau-noc-vas-300gr">Not available</a>
</div>
</div><div class="left product prod164"
        data-name="Sospiri Rau Ciocc Sacch 300gr"
        data-price="8.75"
        data-id="87188"
        data-available="no"
        data-category="2229"
        data-bestselling="">
    <a href="../sospiri-rau-ciocc-sacch-300gr">
        <div style="background-image: url('../../cdn.spesati.com/images/products/missing-image/missing-image.jpg')">
            <div class="hover"></div>
            
            <div class="stickers"></div>
        </div>
    </a>
    <div>
        <h4><a href="../sospiri-rau-ciocc-sacch-300gr"><b>Sospiri Rau Ciocc Sacch 300gr</b></a></h4>
        <p class="description">0.3 Kg</p>
        <p class="right price"><b>8.75 €</b></p>
        <p class="right unitPrice">29.17 € per kg</p>
    </div>
    <div class="notAvailable">
    <a class="button bgDarkGrey white" href="../sospiri-rau-ciocc-sacch-300gr">Not available</a>
</div>
</div><div class="left product prod165"
        data-name="Ferretti Gecchele Cioccol 1kg"
        data-price="22.73"
        data-id="25488"
        data-available="no"
        data-category="2229"
        data-bestselling="">
    <a href="../ferretti-gecchele-cioccol-1kg">
        <div style="background-image: url('../../cdn.spesati.com/images/products/missing-image/missing-image.jpg')">
            <div class="hover"></div>
            
            <div class="stickers"></div>
        </div>
    </a>
    <div>
        <h4><a href="../ferretti-gecchele-cioccol-1kg"><b>Ferretti Gecchele Cioccol 1kg</b></a></h4>
        <p class="description">1 Kg</p>
        <p class="right price"><b>22.73 €</b></p>
        <p class="right unitPrice">22.73 € per kg</p>
    </div>
    <div class="notAvailable">
    <a class="button bgDarkGrey white" href="../ferretti-gecchele-cioccol-1kg">Not available</a>
</div>
</div><div class="left product prod166"
        data-name="Wafer Loack Vanille 45gx25pz"
        data-price="28.14"
        data-id="25981"
        data-available="no"
        data-category="2229"
        data-bestselling="">
    <a href="../wafer-loack-vanille-45gx25pz">
        <div style="background-image: url('../../cdn.spesati.com/images/products/missing-image/missing-image.jpg')">
            <div class="hover"></div>
            
            <div class="stickers"></div>
        </div>
    </a>
    <div>
        <h4><a href="../wafer-loack-vanille-45gx25pz"><b>Wafer Loack Vanille 45gx25pz</b></a></h4>
        <p class="description">0.05 Kg</p>
        <p class="right price"><b>28.14 €</b></p>
        <p class="right unitPrice">625.24 € per kg</p>
    </div>
    <div class="notAvailable">
    <a class="button bgDarkGrey white" href="../wafer-loack-vanille-45gx25pz">Not available</a>
</div>
</div><div class="left product prod167"
        data-name="Wafer Loack Cremkak 45gx25pz"
        data-price="28.14"
        data-id="25982"
        data-available="no"
        data-category="2229"
        data-bestselling="">
    <a href="../wafer-loack-cremkak-45gx25pz">
        <div style="background-image: url('../../cdn.spesati.com/images/products/missing-image/missing-image.jpg')">
            <div class="hover"></div>
            
            <div class="stickers"></div>
        </div>
    </a>
    <div>
        <h4><a href="../wafer-loack-cremkak-45gx25pz"><b>Wafer Loack Cremkak 45gx25pz</b></a></h4>
        <p class="description">0.05 Kg</p>
        <p class="right price"><b>28.14 €</b></p>
        <p class="right unitPrice">625.24 € per kg</p>
    </div>
    <div class="notAvailable">
    <a class="button bgDarkGrey white" href="../wafer-loack-cremkak-45gx25pz">Not available</a>
</div>
</div><div class="left product prod168"
        data-name="Petit Colussi 200x16g"
        data-price="26.55"
        data-id="26582"
        data-available="no"
        data-category="2229"
        data-bestselling="">
    <a href="../petit-colussi-200x16g">
        <div style="background-image: url('../../cdn.spesati.com/images/products/missing-image/missing-image.jpg')">
            <div class="hover"></div>
            
            <div class="stickers"></div>
        </div>
    </a>
    <div>
        <h4><a href="../petit-colussi-200x16g"><b>Petit Colussi 200x16g</b></a></h4>
        <p class="description">15.16 Kg</p>
        <p class="right price"><b>26.55 €</b></p>
        <p class="right unitPrice">1.75 € per kg</p>
    </div>
    <div class="notAvailable">
    <a class="button bgDarkGrey white" href="../petit-colussi-200x16g">Not available</a>
</div>
</div>        </div>
    </div>
</section>
<div class="footer">
    <div class="bgDarkGrey"></div>
    <footer>
        <div class="left bgDarkGrey">
            <a id="logoFooter" href="../index.html" class="estDynamic">
                <img src="../../cdn.spesati.com/images/layout/logo-eng.png" alt="Spesati.com" />
                <h2 class="red">Grocery Delivery</h2>
            </a>
            <a class="button bgRed white mobile" href="tel:390707968318">Phone order</a>
            <a class="button bgRed white desktop" href="../news/2020-04-07/news-on-spesati-the-telephone-order-service-is-active.html">Phone order</a>
            <a class="button bgRed white" href="../cdn-cgi/l/email-protection.html#2841464e47685b584d5b495c41064b4745">Send mail</a>
            <div id="social">
                <a class="left" href="https://www.facebook.com/spesati/" rel="external" target="_blank">
                    <span class="facebook bgRed fa-stack fa-lg">
                        <i class="fa fa-facebook fa-stack-1x "></i>
                    </span>
                </a>
                <a class="right" href="https://twitter.com/spesati" rel="external" target="_blank">
                    <span class="twitter bgRed fa-stack fa-lg">
                        <i class="fa fa-twitter fa-stack-1x "></i>
                    </span>
                </a>
            </div>
            <p>Copyright 2024 Spesati.com </p>
            
                    <p>All rights reserved</p>
                    <p>SPESATI SRL</p>
                    <p>Corso Vittorio Veneto 15/I, 07026, Olbia</p>
                    <p>CF e P.Iva: 02772380909</p>
                        </div>
        <div class="center bgRed">
            <div class="top">
                <h3>Categories</h3>
                <div class="col">
                    <ul>
                        <li>
                            <a href="#" class="estDynamic">On sale</a>
                        </li>
                        <li>
                            <a href="../fruit-and-vegetables.html" class="estDynamic">Fruit and vegetables</a>
                        </li>
                        <li>
                            <a href="../fresh-products.html" class="estDynamic">Fresh products</a>
                        </li>
                        <li>
                            <a href="../frozen-foods.html" class="estDynamic">Frozen foods</a>
                        </li>
                        <li>
                            <a href="../bread-and-pasta.html" class="estDynamic">Bread and pasta</a>
                        </li>
                        <li>
                            <a href="../meat.html" class="estDynamic">Meat</a>
                        </li>
                        <li>
                            <a href="../fish.html" class="estDynamic">Fish</a>
                        </li>
                    </ul>
                </div>
                <div class="col">
                    <ul>
                        <li>
                            <a href="../wine-beer-and-spirits.html" class="estDynamic">Wine beer and spirits</a>
                        </li>
                        <li>
                            <a href="../water-and-drinks.html" class="estDynamic">Water and drinks</a>
                        </li>
                        <li>
                            <a href="../sweets.html" class="estDynamic">Sweets</a>
                        </li>
                        <li>
                            <a href="../shelf.html" class="estDynamic">Cupboard</a>
                        </li>
                        <li>
                            <a href="../personal-care.html" class="estDynamic">Personal care</a>
                        </li>
                        <li>
                            <a href="../household-and-outdoors.html" class="estDynamic">Home and outdoors</a>
                        </li>
                        <li>
                            <a href="../pet.html" class="estDynamic">Pets</a>
                        </li>
                    </ul>
                </div>
                <div class="col">
                    <ul>
                        <li>
                            <a href="../technology.html" class="estDynamic">Technology</a>
                        </li>
                        <li>
                            <a href="../gluten-free.html" class="estDynamic">Gluten free</a>
                        </li>
                        <li>
                            <a href="../lactose-free.html" class="estDynamic">Lactose free</a>
                        </li>
                        <li>
                            <a href="../special.html" class="estDynamic">Special</a>
                        </li>
                        <li>
                            <a href="../sardinian-products.html" class="estDynamic">Sardinian products</a>
                        </li>
                    </ul>
                </div>
            </div>
            <div class="bottom bgRed">
                <div class="left">
                    <h3>Delivery payment</h3>
                    <div>
                        <i class="fa fa-money fa-3x" aria-hidden="true"></i>
                        <p>Cash</p>
                    </div>
                    <div>
                        <i class="fa fa-credit-card fa-3x" aria-hidden="true"></i>
                        <p>Bancomat or card</p>
                    </div>
                </div>
                <div class="right">
                    <h3>Online payment</h3>
                    <div>
                        <i class="fa fa-credit-card fa-3x" aria-hidden="true"></i>
                        <p>Credit or debit card <span class="red">online</span></p>
                    </div>
                    <div>
                        <i class="fa fa-paypal fa-3x" aria-hidden="true"></i>
                        <p>PayPal</p>
                    </div>
                    <div>
                        <i class="fa fa-university fa-3x" aria-hidden="true"></i>
                        <p>Bank transfer</p>
                    </div>
                </div>
            </div>
        </div>
        <div class="right bgRed">
            <div>
                <i class="fa fa-truck fa-flip-horizontal"></i>
                <a class="button bgYellow white" href="../delivery-prices.html">Delivery prices</a>
                
                    <h3>Home delivery:</h3>
                    <p><b>Monday to Saturday</b></p>
                    <p><b>9:00 to 20:00</b></p>
                    <p><b>Minimum order:</b> 29€</p>
                    <p><b>Delivery starting from:</b> 3,50€</p>
                            </div>
            <ul>
                <li>
                    <a href="../delivery-prices.html">Delivery prices</a>
                </li>
                <li>
                    <a href="../about.html">About</a>
                </li>
                <li>
                    <a href="../faq.html">Faq</a>
                </li>
                <li>
                    <a href="../customer-care.html">Support</a>
                </li>
                <li>
                    <a href="../news.html">Blog</a>
                </li>
                <li>
                    <a href="../terms-and-conditions.html">Conditions</a>
                </li>
                <li>
                    <a href="../privacy-policy.html">Privacy policy</a>
                </li>
                <li>
                    <a href="../legal-warranty.html">Legal guarantee</a>
                </li>
            </ul>
        </div>
    </footer>
    <div class="bgRed"></div>
</div>
<!--Start of Tawk.to Script-->
<script data-cfasync="false" src="../cdn-cgi/scripts/5c5dd728/cloudflare-static/email-decode.min.js"></script><script type="text/javascript">
var Tawk_API=Tawk_API||{}, Tawk_LoadStart=new Date();
(function(){
var s1=document.createElement("script"),s0=document.getElementsByTagName("script")[0];
s1.async=true;
s1.src='https://embed.tawk.to/59e86945c28eca75e4626ed9/default';
s1.charset='UTF-8';
s1.setAttribute('crossorigin','*');
s0.parentNode.insertBefore(s1,s0);
})();
</script>
<!--End of Tawk.to Script-->

<!-- Here are parked a few translatable strings, useful for Javascript rendering -->
<div id="js-texts" hidden>
    <input type="hidden" name="save_cart_notice" value="Saving your cart it will be possible to reload it next time you come for shopping">
    <input type="hidden" name="save_cart_notice_title" value="Want to save your cart?">
    <input type="hidden" name="save_cart_ok" value="Save">
    <input type="hidden" name="save_cart_ko" value="Don't Save">
    <input type="hidden" name="reload_cart" value="The Reload Order function allows you to top up your last cart to make a New Order. Warning: do not use this function to add products to the last order. At this time it is not possible to modify an order placed previously.">
</div>

<!-- new site and login popup -->
</body>
<!-- Mirrored from www.spesati.com/sweets/biscuits by HTTrack Website Copier/3.x [XR&CO'2014], Fri, 23 Feb 2024 18:30:23 GMT -->
</html>