<!DOCTYPE html><html lang="en">
<!-- Mirrored from www.spesati.com/sweets/brioches by HTTrack Website Copier/3.x [XR&CO'2014], Fri, 23 Feb 2024 18:30:23 GMT -->
<!-- Added by HTTrack --><meta http-equiv="content-type" content="text/html;charset=utf-8" /><!-- /Added by HTTrack -->
<head>
    <title>Brioches - Sweets - Spesati.com</title>
    <meta http-equiv="Content-Type" content="text/html; charset=UTF-8" />
    <meta name="description" content="" />
    <meta name="keywords" content="" />
    <link href="../images/favicon.ico" rel="shortcut icon" type="image/x-icon" />
    <meta name="author" content="www.dodify.com" /><link rel="canonical" href="brioches.html" /><link rel="alternate" hreflang="en" href="brioches.html" /><link rel="alternate" hreflang="it" href="https://www.spesati.it/dolci/brioches" /><link href="../../cdnjs.cloudflare.com/ajax/libs/meyer-reset/2.0/reset.min.css" rel="stylesheet" type="text/css" /><link href="../../cdnjs.cloudflare.com/ajax/libs/font-awesome/6.5.1/css/all.min.css" rel="stylesheet" type="text/css" /><link href="https://fonts.googleapis.com/css?family=Montserrat:400,700" rel="stylesheet" type="text/css" /><link href="../../cdnjs.cloudflare.com/ajax/libs/fancybox/2.1.5/jquery.fancybox.min.css" rel="stylesheet" type="text/css" /><link href="../style/mainbea6.css?v=7" rel="stylesheet" type="text/css" /><link href="../style/lightslider.css" rel="stylesheet" type="text/css" /><link href="../style/categories.css" rel="stylesheet" type="text/css" /><script src="../../cdnjs.cloudflare.com/ajax/libs/jquery/3.6.1/jquery.min.js" type="text/javascript"></script><script src="../../ajax.googleapis.com/ajax/libs/jquery/1.11.0/jquery.min.js" type="text/javascript"></script><script src="http://unpkg.com/@floating-ui/core@0.4.0" type="text/javascript"></script><script src="http://unpkg.com/@floating-ui/dom@0.2.0" type="text/javascript"></script><script src="../../cdnjs.cloudflare.com/ajax/libs/fancybox/2.1.5/jquery.fancybox.min.js" type="text/javascript"></script><script src="../js/menu.js" type="text/javascript"></script><script src="../js/interfaceb6f5.js?v=10" type="text/javascript"></script><script src="../js/spesati.lightslider.min.js" type="text/javascript"></script><meta name="viewport" content="width=device-width, initial-scale=1, maximum-scale=1" /><meta name = "format-detection" content = "telephone=no">
<!-- Facebook Pixel Code -->
<script>
  !function(f,b,e,v,n,t,s)
  {if(f.fbq)return;n=f.fbq=function(){n.callMethod?
  n.callMethod.apply(n,arguments):n.queue.push(arguments)};
  if(!f._fbq)f._fbq=n;n.push=n;n.loaded=!0;n.version='2.0';
  n.queue=[];t=b.createElement(e);t.async=!0;
  t.src=v;s=b.getElementsByTagName(e)[0];
  s.parentNode.insertBefore(t,s)}(window, document,'script',
  '../../connect.facebook.net/en_US/fbevents.js');
  fbq('init', '792335014180667');
  fbq('track', 'PageView');
</script>
<noscript>
    <img height="1" width="1" style="display:none" src="https://www.facebook.com/tr?id=792335014180667&amp;ev=PageView&amp;noscript=1" />
</noscript>
<!-- End Facebook Pixel Code -->

<!-- GA4 -->
<script async src="https://www.googletagmanager.com/gtag/js?id=G-SSS6NRNXL0"></script>
<script>
  window.dataLayer = window.dataLayer || [];
  function gtag(){dataLayer.push(arguments);}
  gtag('js', new Date());
  gtag('config', 'AW-976671669');
  gtag('config', 'G-SSS6NRNXL0');
</script>
<!-- Elements for PWA deploy -->
<link rel="manifest" href="../manifest.json">
<meta name="theme-color" media="(prefers-color-scheme: light)" content="white">
<meta name="theme-color" media="(prefers-color-scheme: dark)"  content="black">
<link href=../images/icon-192.png rel=apple-touch-icon sizes="192x192">
<!-- Establishment logic -->
<script>var pageEstablishment = "Olbia"; var estDefaultPages = true</script>
    <!--[if lt IE 9]>
        <script src="https://cdnjs.cloudflare.com/ajax/libs/html5shiv/3.7.3/html5shiv.min.js" type="text/javascript"></script>
    <![endif]--><script type="text/javascript">
$(document).ready(function() {
    // Check if exists cookie
    if(document.cookie.indexOf("cookieAccepted") < 0) {
        var cookieText = '<div id=\"cookie\"><p>This site uses cookies. Cookies are used for ads personalisation. <a href=\"/privacy-policy\">More info</a></p><button id=\"cookieConsent\" type=\"button\">Accept</button></div>';
        $("body").append($(
            cookieText
        ));
        $('#cookie').css({
            'width'           : '100%',
            'text-align'      : 'center',
            'color'           : '#FFFFFF',
            'background-color': '#000000', 
            'opacity'         : '.8', 
            'position'        : 'fixed', 
            'bottom'          : '0',
            'padding'         : '.5em 0',
            'z-index'         : '999'
        });
        $('#cookie > *').css({
            'display': 'inline'
        });
        $('#cookie a').css({
            'color'          : '#FFFFFF',
            'text-decoration': 'underline',
            'margin-right'   : '2%'
        });
        $('#cookieConsent').click(function() {
            // Set cookie
            var expiry = new Date();
            expiry.setTime(expiry.getTime() + (365 * 24 * 60 * 60 * 1000));
            document.cookie = "cookieAccepted=yes; expires=" + expiry.toGMTString() + "; path=/; domain=.spesati.com";
            $('#cookie').css({'display': 'none'});
        });
    }
});
</script></head><body><script type="text/javascript">
    var addText = "Add";
    var slider  = null;
    $(document).ready(function() {
        slider = $('#cartSlider').lightSlider({
            controls: false,
            item:13,
            loop:false,
            slideMove:1,
            easing: 'cubic-bezier(0.25, 0, 0.25, 1)',
            speed:600,
            responsive : [
                {
                    breakpoint:1400,
                    settings: {
                        item:12,
                        slideMove:1,
                    }
                },
                {
                    breakpoint:1200,
                    settings: {
                        item:11,
                        slideMove:1,
                    }
                },
                {
                    breakpoint:1080,
                    settings: {
                        item:14,
                        slideMove:1,
                    }
                },
                {
                    breakpoint:800,
                    settings: {
                        item:12,
                        slideMove:1,
                    }
                }
            ]
        });
        $('.lSPager').css("display","none");
        $('.lSAction').css("display","block");
        $('#goToPrevSlide').on('click', function () {
            slider.goToPrevSlide();
        });
        $('#goToNextSlide').on('click', function () {
            slider.goToNextSlide();
        });
    });

</script>
<div id="header" class="bgYellow">
    <header>
        <a class="menu" href="#"><i class="fa red fa-bars fa-2x"></i></a>
        <a id="logo" class="colLeft estDynamic" href="../index.html">
            <img src="../../cdn.spesati.com/images/layout/logo-eng.png" alt="Spesati.com" />
            <h2 class="red">Grocery Delivery</h2>
        </a>
        <div class="colRight">
            <div id="controls" class="right">
                <p id="establishmentControls">
                    <span class="establishmentWarning"><i class="fa-solid fa-triangle-exclamation red" title="Stai visualizzando i prodotti disponibili in una zona diversa. Se vuoi cambiare zona, cliccan qui"></i>&nbsp;&nbsp;</span>
                    Shopping from <b><a id="establishment" href="#"></a></b> <span id="estAddress">for </span> <a href="../change-establishment.html">(<i class="fa-solid fa-pencil"></i> Change)</a> <span class="establishmentWarning">but viewing <b>Olbia</b></span>
                </p>
                <p><a href="https://www.spesati.it/dolci/brioches" class="black switch-site">Versione italiana</a></p>                
            </div>
            <div>
                <form id="search" action="https://www.spesati.com/search" method="post" class="left">
                    <fieldset>
                        <div>
                            <input type="text" name="searchBox" id="searchBox" placeholder="Search for a product"></input>
                            <input id="searchButton" type="submit" name="searchButton" class="button bgRed white left" value="Find" />
                        </div>
                    </fieldset>
                </form>
                <div class="center left">
                    <a class="button bgRed white log-in" href="../login.html">Login</a>
                    <a class="button bgRed white sign-up" href="../sign-up.html">Sign up</a>
                    <a class="button bgRed white profile" href="../profile.html">Profile</a>
                    <a class="button bgRed white log-out" href="../index.html" data-endpoint-check-cart="https://api.spesati.com/cart/check">Logout</a>
                </div>
                <div class="right user-function-icons">
                    <a class="red left account"><i class="fa fa-user fa-3x"></i></a>
                    <div id="dropdown">
                        <a class="log-in button bgRed white" href="../login.html">Login</a>
                        <a class="sign-up button bgRed white" href="../sign-up.html">Sign up</a>
                        <a class="profile button bgRed white" href="../profile.html">Profile</a>
                        <a class="log-out button bgRed white" href="../index.html">Logout</a>
                    </div>

                    <div class="cart left">
                        <i class="fa fa-sm fa-shopping-cart red" aria-hidden="true" id="shipping-cart-button"></i>
                        <p id="cartQuantity"></p>
                    </div>

                    <a class="right" href="../cart.html"><p class="black" id="cartTotal"></p></a>
                </div>
            </div>
                            <div id="previewCart">
                    <i id="goToPrevSlide" class="yellow fa fa-angle-left fa-2x" aria-hidden="true"></i>
                    <div><ul id="cartSlider"></ul></div>
                    <i id="goToNextSlide" class="yellow fa fa-angle-right fa-2x" aria-hidden="true"></i>
                </div>
                    </div>
    </header>

    <div id="shipping-cart-options" data-inited="false">
        <a href="../cart.html" class="goto-cart">checkout</a>
        <a href="#" data-endpoint-auth="https://api.spesati.com/cart/save" data-endpoint-noauth="/login" class="save-cart">save</a>
        <a href="#" data-endpoint-auth="https://api.spesati.com/cart/load" class="load-cart">load</a>
    </div>
</div>
<div id="menuCategoriesMobile" class="mobile bgRed">
    <div class="closeMenu">
        <i class="fa fa-times fa-2x white"></i>
        Close
    </div>
    <ul class="bgRed white">
        <div id="langMobile" class="right">
        <a href="https://www.spesati.it/dolci/brioches" class="white switch-site"><p>Versione italiana</p></a>    </div>
        <li><a>Categories</a>
            <ul class="bgWhite">
                <li>
                    <img src="../../cdn.spesati.com/images/menu/on-sale.png"/>
                    On sale                    <i class="fa fa-angle-down" aria-hidden="true"></i>
                    <ul class="sub-menu">
                    <li>
    <a href="../tacchino-fesa-a-fette.html">Tacchino Fesa A Fette</a>
</li><li>
    <a href="../amaro-montenegro-15lt.html">Amaro Montenegro 1,5lt</a>
</li><li>
    <a href="../carbone-di-legna-sacco-10kg.html">Carbone Di Legna Sacco 10Kg</a>
</li><li>
    <a href="../filu-e-ferru-silvio-carta-70cl.html">Filu E Ferru Silvio Carta 70Cl</a>
</li><li>
    <a href="../braciole-suino-con-cotenna.html">Braciole Suino Con Cotenna</a>
</li><li>
    <a href="../bovino-adulto-polpa.html">Bovino Adulto Polpa</a>
</li><li>
    <a href="../vino-la-palma-cannonau-le-bombarde.html">Vino La Palma Cannonau Le Bombarde</a>
</li><li>
    <a href="../fettine-sceltissime-bovino-adulto.html">Fettine Sceltissime Bovino Adulto</a>
</li><li>
    <a href="../suino-fettine-scelte.html">Suino Fettine Scelte</a>
</li><li>
    <a href="../lavazza-caffe-qualita-rossa-2x250gr.html">Lavazza Caffé Qualità Rossa 2x250gr</a>
</li>                        <li>
                            <a class="estDynamic" href="../on-offer.html">All products on sale</a>
                        </li>
                    </ul>
                </li>
                <li>
                    <img src="../../cdn.spesati.com/images/menu/gift.png"/>
                    Gifts                    <i class="fa fa-angle-down" aria-hidden="true"></i>
                    <ul class="sub-menu">
                        <li>
    <a href="../gift-card-da-150.html">Gift Card Da 150</a>
</li><li>
    <a href="../gift-card-da-100.html">Gift Card Da 100</a>
</li><li>
    <a href="../gift-card-da-50.html">Gift Card Da 50</a>
</li><li>
    <a href="../gift-card-da-25.html">Gift Card Da 25</a>
</li>                        <li>
                            <a class="estDynamic" href="../gift.html">All products in the gifts category</a>
                        </li>
                    </ul>
                </li>
                <li>
                    <img src="../../cdn.spesati.com/images/menu/gift-card.png"/>
                    Gift card and discounts                    <i class="fa fa-angle-down" aria-hidden="true"></i>
                    <ul class="sub-menu">
                        <li>
    <a href="../gift-card-da-150.html">Gift Card Da 150</a>
</li><li>
    <a href="../gift-card-da-100.html">Gift Card Da 100</a>
</li><li>
    <a href="../gift-card-da-50.html">Gift Card Da 50</a>
</li><li>
    <a href="../gift-card-da-25.html">Gift Card Da 25</a>
</li>                    </ul>
                </li>
                <li>
                    <img src="../../cdn.spesati.com/images/menu/fuit-and-vegetables.png"/>
                    Fruit and vegetables                    <i class="fa fa-angle-down" aria-hidden="true"></i>
                    <ul class="sub-menu">
                        <li>
                            <a class="estDynamic" href="../fruit-and-vegetables/pulses-and-beans.html">Cereals and pulses and beans</a>
                        </li>
                        <li>
                            <a class="estDynamic" href="../fruit-and-vegetables/fruit.html">Fruit</a>
                        </li>
                        <li>
                            <a class="estDynamic" href="../fruit-and-vegetables/canned-fruit.html">Canned fruit</a>
                        </li>
                        <li>
                            <a class="estDynamic" href="../fruit-and-vegetables/dried-fruit.html">Dried fruit</a>
                        </li>
                        <li>
                            <a class="estDynamic" href="../fruit-and-vegetables/ready-salads.html">Ready salads</a>
                        </li>
                        <li>
                            <a class="estDynamic" href="../fruit-and-vegetables/fresh-spices.html">Fresh spices</a>
                        </li>
                        <li>
                            <a class="estDynamic" href="../fruit-and-vegetables/vegetables.html">Vegetables and soy</a>
                        </li>
                    </ul>
                </li>
                <li>
                    <img src="../../cdn.spesati.com/images/menu/fresh-products.png"/>
                    Fresh products                    <i class="fa fa-angle-down" aria-hidden="true"></i>
                    <ul class="sub-menu">
                        <li>
                            <a class="estDynamic" href="../fresh-products/margarine-and-butter.html">Butter and margarine</a>
                        </li>
                        <li>
                            <a class="estDynamic" href="../fresh-products/danone.html">Danone</a>
                        </li>
                        <li>
                            <a class="estDynamic" href="../fresh-products/dessert.html">Dessert</a>
                        </li>
                        <li>
                            <a class="estDynamic" href="../fresh-products/sweets.html">Sweets</a>
                        </li>
                        <li>
                            <a class="estDynamic" href="../fresh-products/dairy-products.html">Dairy product</a>
                        </li>
                        <li>
                            <a class="estDynamic" href="../fresh-products/bakery.html">Yeast</a>
                        </li>
                        <li>
                            <a class="estDynamic" href="../fresh-products/mascarpone.html">Mascarpone</a>
                        </li>
                        <li>
                            <a class="estDynamic" href="../fresh-products/snacks.html">Snacks</a>
                        </li>
                        <li>
                            <a class="estDynamic" href="../fresh-products/mozzarella.html">Mozzarella</a>
                        </li>
                        <li>
                            <a class="estDynamic" href="../fresh-products/pasta.html">Pasta</a>
                        </li>
                        <li>
                            <a class="estDynamic" href="../fresh-products/pesto-and-sauces.html">Pesto and sauces</a>
                        </li>
                        <li>
                            <a class="estDynamic" href="../fresh-products/ricotta-and-cheese.html">Ricotta and cheese</a>
                        </li>
                        <li>
                            <a class="estDynamic" href="../fresh-products/cured-meat.html">Cured meat</a>
                        </li>
                        <li>
                            <a class="estDynamic" href="../fresh-products/wurstel.html">Würstel</a>
                        </li>
                        <li>
                            <a class="estDynamic" href="../fresh-products/yogurt.html">Yogurt</a>
                        </li>
                    </ul>
                </li>
                <li>
                    <img src="../../cdn.spesati.com/images/menu/frozen-foods.png"/>
                    Frozen foods                    <i class="fa fa-angle-down" aria-hidden="true"></i>
                    <ul class="sub-menu">
                        <li>
                            <a class="estDynamic" href="../frozen-foods/meat.html">Meat</a>
                        </li>
                        <li>
                            <a class="estDynamic" href="../frozen-foods/ice-creams.html">Ice cream and sweet</a>
                        </li>
                        <li>
                            <a class="estDynamic" href="../frozen-foods/pasta.html">Pasta</a>
                        </li>
                        <li>
                            <a class="estDynamic" href="../frozen-foods/fish.html">Fish</a>
                        </li>
                        <li>
                            <a class="estDynamic" href="../frozen-foods/ready-meals.html">Ready meals</a>
                        </li>
                        <li>
                            <a class="estDynamic" href="../frozen-foods/pizzas.html">Pizzas</a>
                        </li>
                        <li>
                            <a class="estDynamic" href="../frozen-foods/vegetables.html">Vegetables and soy</a>
                        </li>
                    </ul>
                </li>
                <li>
                    <img src="../../cdn.spesati.com/images/menu/bread-and-pasta.png"/>
                    Bread and pasta                    <i class="fa fa-angle-down" aria-hidden="true"></i>
                    <ul class="sub-menu">
                        <li>
                            <a class="estDynamic" href="../bread-and-pasta/crackers.html">Crackers</a>
                        </li>
                        <li>
                            <a class="estDynamic" href="../bread-and-pasta/rusks.html">Rusks</a>
                        </li>
                        <li>
                            <a class="estDynamic" href="../bread-and-pasta/white-bread.html">White bread</a>
                        </li>
                        <li>
                            <a class="estDynamic" href="../bread-and-pasta/local-bread.html">Local bread</a>
                        </li>
                        <li>
                            <a class="estDynamic" href="../bread-and-pasta/soft-bread.html">Soft bread</a>
                        </li>
                        <li>
                            <a class="estDynamic" href="../bread-and-pasta/sardinian-bread.html">Sardinian bread</a>
                        </li>
                        <li>
                            <a class="estDynamic" href="../bread-and-pasta/bakery.html">Bakery</a>
                        </li>
                        <li>
                            <a class="estDynamic" href="../bread-and-pasta/pasta.html">Pasta</a>
                        </li>
                        <li>
                            <a class="estDynamic" href="../bread-and-pasta/fresh-pasta.html">Fresh pasta</a>
                        </li>
                    </ul>
                </li>
                <li>
                    <img src="../../cdn.spesati.com/images/menu/meat.png"/>
                    Meat                    <i class="fa fa-angle-down" aria-hidden="true"></i>
                    <ul class="sub-menu">
                        <li>
                            <a class="estDynamic" href="../meat/beef.html">Beef</a>
                        </li>
                        <li>
                            <a class="estDynamic" href="../meat/goat.html">Goat</a>
                        </li>
                        <li>
                            <a class="estDynamic" href="../meat/packaged-meat.html">Packaged meat</a>
                        </li>
                        <li>
                            <a class="estDynamic" href="../meat/rabbit.html">Rabbit</a>
                        </li>
                        <li>
                            <a class="estDynamic" href="../meat/horse.html">Horse</a>
                        </li>
                        <li>
                            <a class="estDynamic" href="../meat/pork.html">Pork</a>
                        </li>
                        <li>
                            <a class="estDynamic" href="../meat/lamb.html">Lamb</a>
                        </li>
                        <li>
                            <a class="estDynamic" href="../meat/poultry.html">Poultry</a>
                        </li>
                    </ul>
                </li>
                <li>
                    <img src="../../cdn.spesati.com/images/menu/fish.png"/>
                    Fish                    <i class="fa fa-angle-down" aria-hidden="true"></i>
                    <ul class="sub-menu">
                        <li>
                            <a class="estDynamic" href="../fish/fresh-water.html">Fresh water</a>
                        </li>
                        <li>
                            <a class="estDynamic" href="../fish/salt-water.html">Salt water</a>
                        </li>
                        <li>
                            <a class="estDynamic" href="../fish/mussels.html">Mussels</a>
                        </li>
                        <li>
                            <a class="estDynamic" href="../fish/dried-and-salted.html">Dried and salted</a>
                        </li>
                        <li>
                            <a class="estDynamic" href="../fish/seafood-salad.html">Seafood salad</a>
                        </li>
                        <li>
                            <a class="estDynamic" href="../fish/prepared.html">Prepared</a>
                        </li>
                        <li>
                            <a class="estDynamic" href="../fish/specialty.html">Specialty</a>
                        </li>   
                        <li>
                            <a class="estDynamic" href="../fish/tuna-and-salmon.html">Tuna and salmon</a>
                        </li>
                    </ul>
                </li>
                <li>
                    <img src="../../cdn.spesati.com/images/menu/alcohol.png"/>
                    Wine beer and spirits                    <i class="fa fa-angle-down" aria-hidden="true"></i>
                    <ul class="sub-menu">
                        <li>
                            <a class="estDynamic" href="../wine-beer-and-spirits/spirits-and-liquors.html">Alcohol</a>
                        </li>
                        <li>
                            <a class="estDynamic" href="../wine-beer-and-spirits/bitters.html">Bitters</a>
                        </li>
                        <li>
                            <a class="estDynamic" href="../wine-beer-and-spirits/aperatif.html">Aperatifs</a>
                        </li>
                        <li>
                            <a class="estDynamic" href="../wine-beer-and-spirits/beer.html">Beer</a>
                        </li>
                        <li>
                            <a class="estDynamic" href="../wine-beer-and-spirits/creams.html">Creams</a>
                        </li>
                        <li>
                            <a class="estDynamic" href="../wine-beer-and-spirits/spirits.html">Spirits</a>
                        </li>
                        <li>
                            <a class="estDynamic" href="../wine-beer-and-spirits/liquors.html">Liquors</a>
                        </li>
                        <li>
                            <a class="estDynamic" href="../wine-beer-and-spirits/white-wine.html">White wine</a>
                        </li>
                        <li>
                            <a class="estDynamic" href="../wine-beer-and-spirits/prosecco-wine.html">Prosecco wine</a>
                        </li>
                        <li>
                            <a class="estDynamic" href="../wine-beer-and-spirits/rose-wine.html">Rose wine</a>
                        </li>
                        <li>
                            <a class="estDynamic" href="../wine-beer-and-spirits/red-wine.html">Red wine</a>
                        </li>
                        <li>
                            <a class="estDynamic" href="../wine-beer-and-spirits/specialty-wine.html">Special wine</a>
                        </li>
                        <li>
                            <a class="estDynamic" href="../wine-beer-and-spirits/sparkling-wine.html">Sparkling wine</a>
                        </li>
                        <li>
                            <a class="estDynamic" href="../wine-beer-and-spirits/vermentino-wine.html">Vermentino wine</a>
                        </li>
                    </ul>
                </li>
                <li>
                    <img src="../../cdn.spesati.com/images/menu/water-and-drinks.png"/>
                    Water and drinks                    <i class="fa fa-angle-down" aria-hidden="true"></i>
                    <ul class="sub-menu">
                        <li>
                            <a class="estDynamic" href="../water-and-drinks/san-martino.html">San Martino</a>
                        </li>
                        <li>
                            <a class="estDynamic" href="../water-and-drinks/water.html">Water</a>
                        </li>
                        <li>
                            <a class="estDynamic" href="../water-and-drinks/alpro.html">Alpro</a>
                        </li>
                        <li>
                            <a class="estDynamic" href="../water-and-drinks/fizzy-drinks.html">Fizzy drinks</a>
                        </li>
                        <li>
                            <a class="estDynamic" href="../water-and-drinks/coca-cola.html">Coca-Cola</a>
                        </li>
                        <li>
                            <a class="estDynamic" href="../water-and-drinks/energy-drink.html">Energy drink</a>
                        </li>
                        <li>
                            <a class="estDynamic" href="../water-and-drinks/syrups.html">Syrups</a>
                        </li>
                        <li>
                            <a class="estDynamic" href="../water-and-drinks/supplements.html">Supplements</a>
                        </li>
                        <li>
                            <a class="estDynamic" href="../water-and-drinks/instant-drinks.html">Instant drinks</a>
                        </li>
                        <li>
                            <a class="estDynamic" href="../water-and-drinks/juice.html">Juice</a>
                        </li>
                        <li>
                            <a class="estDynamic" href="../water-and-drinks/tea.html">Tea</a>
                        </li>
                    </ul>
                </li>
                <li>
                    <img src="../../cdn.spesati.com/images/menu/sweets.png"/>
                    Sweets                    <i class="fa fa-angle-down" aria-hidden="true"></i>
                    <ul class="sub-menu">
                        <li>
                            <a class="estDynamic" href="bars-and-snacks.html">Bars and snacks</a>
                        </li>
                        <li>
                            <a class="estDynamic" href="biscuits.html">Biscuits</a>
                        </li>
                        <li>
                            <a class="estDynamic" href="brioches.html">Brioches</a>
                        </li>
                        <li>
                            <a class="estDynamic" href="candy-and-chewing-gum.html">Candy and chewing gum</a>
                        </li>
                        <li>
                            <a class="estDynamic" href="cereals.html">Cereals</a>
                        </li>
                        <li>
                            <a class="estDynamic" href="chocolate.html">Chocolate</a>
                        </li>
                        <li>
                            <a class="estDynamic" href="spreadable-creams.html">Spreads</a>
                        </li>
                        <li>
                            <a class="estDynamic" href="dessert-toppings.html">Dessert toppings</a>
                        </li>
                        <li>
                            <a class="estDynamic" href="jam.html">Jam</a>
                        </li>
                        <li>
                            <a class="estDynamic" href="honey.html">Honey</a>
                        </li>
                        <li>
                            <a class="estDynamic" href="panettoni-and-pandoro.html">Panettone and pandoro</a>
                        </li>
                        <li>
                            <a class="estDynamic" href="pastry.html">Pastry</a>
                        </li>
                        <li>
                            <a class="estDynamic" href="instant-dessert.html">Prepared</a>
                        </li>
                        <li>
                            <a class="estDynamic" href="cakes-and-pies.html">Cakes and pies</a>
                        </li>
                        <li>
                            <a class="estDynamic" href="easter-eggs-and-doves.html">Easter eggs and doves</a>
                        </li>
                    </ul>
                </li>
                <li>
                    <img src="../../cdn.spesati.com/images/menu/shelf.png"/>
                    Cupboard                    <i class="fa fa-angle-down" aria-hidden="true"></i>
                    <ul class="sub-menu">
                        <li>
                            <a class="estDynamic" href="../shelf/coffee.html">Coffee</a>
                        </li>
                        <li>
                            <a class="estDynamic" href="../shelf/gift-baskets.html">Gift baskets</a>
                        </li>
                        <li>
                            <a class="estDynamic" href="../shelf/stock-cubes.html">Nuts and preparations</a>
                        </li>
                        <li>
                            <a class="estDynamic" href="../shelf/flour-and-baking.html">Flour and baking</a>
                        </li>
                        <li>
                            <a class="estDynamic" href="../shelf/milk.html">Milk</a>
                        </li>
                        <li>
                            <a class="estDynamic" href="../shelf/oil-salt-vinegar.html">Oil, vinegar and salt</a>
                        </li>
                        <li>
                            <a class="estDynamic" href="../shelf/cream-and-bechamel.html">Cream and bechamel</a>
                        </li>
                        <li>
                            <a class="estDynamic" href="../shelf/crisps-and-pretzels.html">Crisps and pretzels</a>
                        </li>
                        <li>
                            <a class="estDynamic" href="../shelf/baby-and-infants-products.html">Early childhood products</a>
                        </li>
                        <li>
                            <a class="estDynamic" href="../shelf/rice.html">Rice</a>
                        </li>
                        <li>
                            <a class="estDynamic" href="../shelf/tins-and-preserves.html">Tins and Preserves</a>
                        </li>
                        <li>
                            <a class="estDynamic" href="../shelf/spices.html">Spices</a>
                        </li>
                        <li>
                            <a class="estDynamic" href="../shelf/sauces.html">Sauces</a>
                        </li>
                        <li>
                            <a class="estDynamic" href="../shelf/tea-and-infusions.html">Tea and infusions</a>
                        </li>
                        <li>
                            <a class="estDynamic" href="../shelf/eggs.html">Eggs</a>
                        </li>
                        <li>
                            <a class="estDynamic" href="../shelf/sugar-and-sweeteners.html">Sugar and sweeteners</a>
                        </li>
                    </ul>
                </li>
                <li>
                    <img src="../../cdn.spesati.com/images/menu/personal-care.png"/>
                    Personal care                    <i class="fa fa-angle-down" aria-hidden="true"></i>
                    <ul class="sub-menu">
                        <li>
                            <a class="estDynamic" href="../personal-care/accessories-and-cotton.html">Accessories and cotton</a>
                        </li>
                        <li>
                            <a class="estDynamic" href="../personal-care/feminine-care-incontinence-and-baby-diapers.html">Feminine incontinence and diapers</a>
                        </li>
                        <li>
                            <a class="estDynamic" href="../personal-care/shower-gel.html">Shower gel</a>
                        </li>
                        <li>
                            <a class="estDynamic" href="../personal-care/creams.html">Creams</a>
                        </li>
                        <li>
                            <a class="estDynamic" href="../personal-care/deodorant.html">Deodorant</a>
                        </li>
                        <li>
                            <a class="estDynamic" href="../personal-care/hair-removal.html">Hair removal</a>
                        </li>
                        <li>
                            <a class="estDynamic" href="../personal-care/disinfectants.html">Disinfectants</a>
                        </li>
                        <li>
                            <a class="estDynamic" href="../personal-care/oral-hygiene.html">Oral hygiene</a>
                        </li>
                        <li>
                            <a class="estDynamic" href="../personal-care/supplements-and-multivitamins.html">Supplements and multivitamins</a>
                        </li>
                        <li>
                            <a class="estDynamic" href="../personal-care/first-aid.html">First aid label</a>
                        </li>
                        <li>
                            <a class="estDynamic" href="../personal-care/beard-products.html">Beard products</a>
                        </li>
                        <li>
                            <a class="estDynamic" href="../personal-care/hairs-products.html">Hair products</a>
                        </li>
                        <li>
                            <a class="estDynamic" href="../personal-care/perfume.html">Perfumes</a>
                        </li>
                        <li>
                            <a class="estDynamic" href="../personal-care/wipes.html">Wipes</a>
                        </li>
                        <li>
                            <a class="estDynamic" href="../personal-care/soaps-and-body-wash.html">Soaps and body wash</a>
                        </li>
                        <li>
                            <a class="estDynamic" href="../personal-care/shampoo-and-conditioner.html">Shampoo and conditioner</a>
                        </li>
                    </ul>
                </li>
                <li>
                    <img src="../../cdn.spesati.com/images/menu/pellet-and-home.png"/>
                    Home and outdoors                    <i class="fa fa-angle-down" aria-hidden="true"></i>
                    <ul class="sub-menu">
                        <li>
                            <a class="estDynamic" href="../household-and-outdoors/distilled-water.html">Distilled water</a>
                        </li>
                        <li>
                            <a class="estDynamic" href="../household-and-outdoors/car-products.html">Cars</a>
                        </li>
                        <li>
                            <a class="estDynamic" href="../household-and-outdoors/bin-bags-and-buckets.html">Bin bags and buckets</a>
                        </li>
                        <li>
                            <a class="estDynamic" href="../household-and-outdoors/bleach-and-stain-removers.html">Bleach and stain removers</a>
                        </li>
                        <li>
                            <a class="estDynamic" href="../household-and-outdoors/candles.html">Candles</a>
                        </li>
                        <li>
                            <a class="estDynamic" href="../household-and-outdoors/kitchen-roll.html">Kitchen roll</a>
                        </li>
                        <li>
                            <a class="estDynamic" href="../household-and-outdoors/air-fresheners.html">Air fresheners</a>
                        </li>
                        <li>
                            <a class="estDynamic" href="../household-and-outdoors/laundry-accessories-and-detergent.html">Laundry detergent</a>
                        </li>
                        <li>
                            <a class="estDynamic" href="../household-and-outdoors/dishwasher-and-washing-up.html">Dishwasher and washing up</a>
                        </li>
                        <li>
                            <a class="estDynamic" href="../household-and-outdoors/gardening.html">Gardening</a>
                        </li>
                        <li>
                            <a class="estDynamic" href="../household-and-outdoors/light-bulbs-and-batteries.html">Lightbulbs and batteries</a>
                        </li>
                        <li>
                            <a class="estDynamic" href="../household-and-outdoors/pellet-and-bbq.html">Pellet and BBQ</a>
                        </li>
                        <li>
                            <a class="estDynamic" href="../household-and-outdoors/bathroom-products.html">Bathroom products</a>
                        </li>
                        <li>
                            <a class="estDynamic" href="../household-and-outdoors/home-and-furniture-products.html">Home and furniture products</a>
                        </li>
                        <li>
                            <a class="estDynamic" href="../household-and-outdoors/kitchen-products.html">Kitchen products</a>
                        </li>
                        <li>
                            <a class="estDynamic" href="../household-and-outdoors/window-and-floor-cleaners.html">Window and floor cleaner</a>
                        </li>
                        <li>
                            <a class="estDynamic" href="../household-and-outdoors/repellents.html">Repellents</a>
                        </li>
                        <li>
                            <a class="estDynamic" href="../household-and-outdoors/disposable-tableware.html">Disposable tableware</a>
                        </li>
                    </ul>
                </li>
                <li>
                    <img src="../../cdn.spesati.com/images/menu/animals.png"/>
                    Pets                    <i class="fa fa-angle-down" aria-hidden="true"></i>
                    <ul class="sub-menu">
                        <li>
                            <a class="estDynamic" href="../pets/pet-food-other-animals.html">Other animals pet food</a>
                        </li>
                        <li>
                            <a class="estDynamic" href="../pets/pet-food-dogs.html">Pet food dogs</a>
                        </li>
                        <li>
                            <a class="estDynamic" href="../pets/pet-food-cats.html">Pet food cats</a>
                        </li>
                        <li>
                            <a class="estDynamic" href="../pets/hygiene-and-cleaning.html">Hygiene and cleaning</a>
                        </li>
                    </ul>
                </li>
                <li>
                    <img src="../../cdn.spesati.com/images/menu/technology.png"/>
                    Technology                    <i class="fa fa-angle-down" aria-hidden="true"></i>
                    <ul class="sub-menu">
                        <li>
                            <a class="estDynamic" href="../technology/accessories.html">Accessories</a>
                        </li>
                        <li>
                            <a class="estDynamic" href="../technology/computer.html">Computer</a>
                        </li>
                        <li>
                            <a class="estDynamic" href="../technology/telephones.html">Telephones</a>
                        </li>
                        <li>
                            <a class="estDynamic" href="../technology/tv.html">TV</a>
                        </li>
                    </ul>
                </li>
                <li>
                    <img src="../../cdn.spesati.com/images/menu/gluten-free.png"/>
                    Gluten free                    <i class="fa fa-angle-down" aria-hidden="true"></i>
                    <ul class="sub-menu">
                        <li>
                            <a class="estDynamic" href="../gluten-free/frozen-foods.html">Frozen foods</a>
                        </li>
                        <li>
                            <a class="estDynamic" href="../gluten-free/beer.html">Beer</a>
                        </li>
                        <li>
                            <a class="estDynamic" href="../gluten-free/sweets.html">Sweets</a>
                        </li>
                        <li>
                            <a class="estDynamic" href="../gluten-free/bread-and-pasta.html">Bread and pasta</a>
                        </li>
                        <li>
                            <a class="estDynamic" href="../gluten-free/shelf.html">Cupboard</a>
                        </li>
                    </ul>
                </li>
                <li>
                    <img src="../../cdn.spesati.com/images/menu/lactose-free.png"/>
                    Lactose free                    <i class="fa fa-angle-down" aria-hidden="true"></i>
                    <ul class="sub-menu">
                        <li>
                            <a class="estDynamic" href="../lactose-free/frozen-foods.html">Frozen foods</a>
                        </li>
                        <li>
                            <a class="estDynamic" href="../lactose-free/sweets.html">Sweets</a>
                        </li>
                        <li>
                            <a class="estDynamic" href="../lactose-free/dairy-product.html">Dairy product</a>
                        </li>
                        <li>
                            <a class="estDynamic" href="../lactose-free/shelf.html">Cupboard</a>
                        </li>
                    </ul>
                </li>
                <li>
                    <img src="../../cdn.spesati.com/images/menu/special.png"/>
                    Special                    <i class="fa fa-angle-down" aria-hidden="true"></i>
                    <ul class="sub-menu">
                        <li>
                            <a class="estDynamic" href="../special/alpro.html">Alpro</a>
                        </li>
                        <li>
                            <a class="estDynamic" href="../special/organic.html">Biological</a>
                        </li>
                        <li>
                            <a class="estDynamic" href="../special/meat.html">Meat</a>
                        </li>
                        <li>
                            <a class="estDynamic" href="../special/wholegrain.html">Wholegrain</a>
                        </li>
                        <li>
                            <a class="estDynamic" href="../special/bread-and-pasta.html">Bread and pasta</a>
                        </li>
                        <li>
                            <a class="estDynamic" href="../special/vegan.html">Vegan</a>
                        </li>
                    </ul>
                </li>
                <li>
                    <img src="../../cdn.spesati.com/images/menu/sardinian-products.png"/>
                    Sardinian products                    <i class="fa fa-angle-down" aria-hidden="true"></i>
                    <ul class="sub-menu">
                        <li>
                            <a class="estDynamic" href="../sardinian-products/drinks.html">Drinks</a>
                        </li>
                        <li>
                            <a class="estDynamic" href="../sardinian-products/meat.html">Meat</a>
                        </li>
                        <li>
                            <a class="estDynamic" href="../sardinian-products/sweets.html">Sweets</a>
                        </li>
                        <li>
                            <a class="estDynamic" href="../sardinian-products/fruit-and-vegetables.html">Fruit and vegetables</a>
                        </li>
                        <li>
                            <a class="estDynamic" href="../sardinian-products/ichnusa.html">Ichnusa</a>
                        </li>
                        <li>
                            <a class="estDynamic" href="../sardinian-products/dairy-product.html">Dairy product</a>
                        </li>
                        <li>
                            <a class="estDynamic" href="../sardinian-products/bread-and-pasta.html">Bread and pasta</a>
                        </li>
                        <li>
                            <a class="estDynamic" href="../sardinian-products/fish.html">Fish</a>
                        </li>
                        <li>
                            <a class="estDynamic" href="../sardinian-products/cured-meat.html">Cured meat</a>
                        </li>
                        <li>
                            <a class="estDynamic" href="../sardinian-products/shelf.html">Cupboard</a>
                        </li>
                        <li>
                            <a class="estDynamic" href="../sardinian-products/vermentino-wine.html">Vermentino wine</a>
                        </li>
                        <li>
                            <a class="estDynamic" href="../sardinian-products/wine-beer-and-spirits.html">Wine beer and spirits</a>
                        </li>
                    </ul>
                </li>
            </ul>
        </li>
        <li>
            <a href="../about.html">About</a>
        </li>
        <li>
            <a href="../faq.html">Faq</a>
        </li>
        <li>
            <a href="../customer-care.html">Support</a>
        </li>
        <li>
            <a href="../news.html">Blog</a>
        </li>
        <li>
            <a href="../terms-and-conditions.html">Conditions</a>
        </li>
        <li>
            <a href="../privacy-policy.html">Privacy policy</a>
        </li>
        <li>
            <a href="../login.html">Login</a>
        </li>
        <li>
             <a href="../sign-up.html">Sign up</a>
        </li>
    </ul>
</div><section class="first">
    <div id="menuCategories" class="colLeft">
    <ul id="main_nav" >
        <li>
            <a class="estDynamic" href="../on-offer.html">
               <img src="../../cdn.spesati.com/images/menu/on-sale.png"/>
               On sale            </a>
            <i class="fa fa-angle-right" aria-hidden="true"></i>
            <ul class="sub-menu">
                <li>
    <a href="../tacchino-fesa-a-fette.html" class="estDynamic">Tacchino Fesa A Fette</a>
</li><li>
    <a href="../amaro-montenegro-15lt.html" class="estDynamic">Amaro Montenegro 1,5lt</a>
</li><li>
    <a href="../carbone-di-legna-sacco-10kg.html" class="estDynamic">Carbone Di Legna Sacco 10Kg</a>
</li><li>
    <a href="../filu-e-ferru-silvio-carta-70cl.html" class="estDynamic">Filu E Ferru Silvio Carta 70Cl</a>
</li><li>
    <a href="../braciole-suino-con-cotenna.html" class="estDynamic">Braciole Suino Con Cotenna</a>
</li><li>
    <a href="../bovino-adulto-polpa.html" class="estDynamic">Bovino Adulto Polpa</a>
</li><li>
    <a href="../vino-la-palma-cannonau-le-bombarde.html" class="estDynamic">Vino La Palma Cannonau Le Bombarde</a>
</li><li>
    <a href="../fettine-sceltissime-bovino-adulto.html" class="estDynamic">Fettine Sceltissime Bovino Adulto</a>
</li><li>
    <a href="../suino-fettine-scelte.html" class="estDynamic">Suino Fettine Scelte</a>
</li><li>
    <a href="../lavazza-caffe-qualita-rossa-2x250gr.html" class="estDynamic">Lavazza Caffé Qualità Rossa 2x250gr</a>
</li>                <li>
                    <a class="estDynamic" href="../on-offer.html">All products on sale</a>
                </li>
            </ul>
        </li>
        <li>
            <a class="estDynamic" href="../gift.html">
               <img src="../../cdn.spesati.com/images/menu/gift.png"/>
               Gifts            </a>
            <i class="fa fa-angle-right" aria-hidden="true"></i>
            <ul class="sub-menu">
                <li>
    <a href="../gift-card-da-150.html" class="estDynamic">Gift Card Da 150</a>
</li><li>
    <a href="../gift-card-da-100.html" class="estDynamic">Gift Card Da 100</a>
</li><li>
    <a href="../gift-card-da-50.html" class="estDynamic">Gift Card Da 50</a>
</li><li>
    <a href="../gift-card-da-25.html" class="estDynamic">Gift Card Da 25</a>
</li>                <li>
                    <a class="estDynamic" href="../gift.html">All products in the gifts category</a>
                </li>
            </ul>
        </li>
        <li>
            <a class="estDynamic" href="../gift-card.html">
               <img src="../../cdn.spesati.com/images/menu/gift-card.png"/>
               Gift card and discounts            </a>
            <i class="fa fa-angle-right" aria-hidden="true"></i>
            <ul class="sub-menu">
                <li>
    <a href="../gift-card-da-150.html">Gift Card Da 150</a>
</li><li>
    <a href="../gift-card-da-100.html">Gift Card Da 100</a>
</li><li>
    <a href="../gift-card-da-50.html">Gift Card Da 50</a>
</li><li>
    <a href="../gift-card-da-25.html">Gift Card Da 25</a>
</li>            </ul>
        </li>
        <li>
            <a class="estDynamic" href="../fruit-and-vegetables.html">
               <img src="../../cdn.spesati.com/images/menu/fuit-and-vegetables.png"/>
               Fruit and vegetables           </a>
            <i class="fa fa-angle-right" aria-hidden="true"></i>
            <ul class="sub-menu">
                <li>
                    <a class="estDynamic" href="../fruit-and-vegetables/pulses-and-beans.html">Cereals and pulses and beans</a>
                </li>
                <li>
                    <a class="estDynamic" href="../fruit-and-vegetables/fruit.html">Fruit</a>
                </li>
                <li>
                    <a class="estDynamic" href="../fruit-and-vegetables/canned-fruit.html">Canned fruit</a>
                </li>
                <li>
                    <a class="estDynamic" href="../fruit-and-vegetables/dried-fruit.html">Dried fruit</a>
                </li>
                <li>
                    <a class="estDynamic" href="../fruit-and-vegetables/ready-salads.html">Ready salads</a>
                </li>
                <li>
                    <a class="estDynamic" href="../fruit-and-vegetables/fresh-spices.html">Fresh spices</a>
                </li>
                <li>
                    <a class="estDynamic" href="../fruit-and-vegetables/vegetables.html">Vegetables and soy</a>
                </li>
            </ul>
        </li>
        <li>
            <a class="estDynamic" href="../fresh-products.html">
                <img src="../../cdn.spesati.com/images/menu/fresh-products.png"/>
                Fresh products            </a>
            <i class="fa fa-angle-right" aria-hidden="true"></i>
            <ul class="sub-menu">
                <li>
                    <a class="estDynamic" href="../fresh-products/margarine-and-butter.html">Butter and margarine</a>
                </li>
                <li>
                    <a class="estDynamic" href="../fresh-products/danone.html">Danone</a>
                </li>
                <li>
                    <a class="estDynamic" href="../fresh-products/dessert.html">Dessert</a>
                </li>
                <li>
                    <a class="estDynamic" href="../fresh-products/sweets.html">Sweets</a>
                </li>
                <li>
                    <a class="estDynamic" href="../fresh-products/dairy-products.html">Dairy product</a>
                </li>
                <li>
                    <a class="estDynamic" href="../fresh-products/bakery.html">Yeast</a>
                </li>
                <li>
                    <a class="estDynamic" href="../fresh-products/mascarpone.html">Mascarpone</a>
                </li>
                <li>
                    <a class="estDynamic" href="../fresh-products/snacks.html">Snacks</a>
                </li>
                <li>
                    <a class="estDynamic" href="../fresh-products/mozzarella.html">Mozzarella</a>
                </li>
                <li>
                    <a class="estDynamic" href="../fresh-products/pasta.html">Pasta</a>
                </li>
                <li>
                    <a class="estDynamic" href="../fresh-products/pesto-and-sauces.html">Pesto and sauces</a>
                </li>
                <li>
                    <a class="estDynamic" href="../fresh-products/ricotta-and-cheese.html">Ricotta and cheese</a>
                </li>
                <li>
                    <a class="estDynamic" href="../fresh-products/cured-meat.html">Cured meat</a>
                </li>
                <li>
                    <a class="estDynamic" href="../fresh-products/wurstel.html">Würstel</a>
                </li>
                <li>
                    <a class="estDynamic" href="../fresh-products/yogurt.html">Yogurt</a>
                </li>
            </ul>
        </li>
        <li>
            <a class="estDynamic" href="../frozen-foods.html">
                <img src="../../cdn.spesati.com/images/menu/frozen-foods.png"/>
                Frozen foods            </a>
            <i class="fa fa-angle-right" aria-hidden="true"></i>
            <ul class="sub-menu">
                <li>
                    <a class="estDynamic" href="../frozen-foods/meat.html">Meat</a>
                </li>
                <li>
                    <a class="estDynamic" href="../frozen-foods/ice-creams.html">Ice cream and sweet</a>
                </li>
                <li>
                    <a class="estDynamic" href="../frozen-foods/pasta.html">Pasta</a>
                </li>
                <li>
                    <a class="estDynamic" href="../frozen-foods/fish.html">Fish</a>
                </li>
                <li>
                    <a class="estDynamic" href="../frozen-foods/ready-meals.html">Ready meals</a>
                </li>
                <li>
                    <a class="estDynamic" href="../frozen-foods/pizzas.html">Pizzas</a>
                </li>
                <li>
                    <a class="estDynamic" href="../frozen-foods/vegetables.html">Vegetables and soy</a>
                </li>
            </ul>
        </li>
        <li>
            <a class="estDynamic" href="../bread-and-pasta.html">
                <img src="../../cdn.spesati.com/images/menu/bread-and-pasta.png"/>
                Bread and pasta            </a>
            <i class="fa fa-angle-right" aria-hidden="true"></i>
            <ul class="sub-menu">
                <li>
                    <a class="estDynamic" href="../bread-and-pasta/crackers.html">Crackers</a>
                </li>
                <li>
                    <a class="estDynamic" href="../bread-and-pasta/rusks.html">Rusks</a>
                </li>
                <li>
                    <a class="estDynamic" href="../bread-and-pasta/white-bread.html">White bread</a>
                </li>
                <li>
                    <a class="estDynamic" href="../bread-and-pasta/local-bread.html">Local bread</a>
                </li>
                <li>
                    <a class="estDynamic" href="../bread-and-pasta/soft-bread.html">Soft bread</a>
                </li>
                <li>
                    <a class="estDynamic" href="../bread-and-pasta/sardinian-bread.html">Sardinian bread</a>
                </li>
                <li>
                    <a class="estDynamic" href="../bread-and-pasta/bakery.html">Bakery</a>
                </li>
                <li>
                    <a class="estDynamic" href="../bread-and-pasta/pasta.html">Pasta</a>
                </li>
                <li>
                    <a class="estDynamic" href="../bread-and-pasta/fresh-pasta.html">Fresh pasta</a>
                </li>
            </ul>
        </li>
        <li>
            <a class="estDynamic" href="../meat.html">
                <img src="../../cdn.spesati.com/images/menu/meat.png"/>
                Meat            </a>
            <i class="fa fa-angle-right" aria-hidden="true"></i>
            <ul class="sub-menu">
                <li>
                    <a class="estDynamic" href="../meat/beef.html">Beef</a>
                </li>
                <li>
                    <a class="estDynamic" href="../meat/goat.html">Goat</a>
                </li>
                <li>
                    <a class="estDynamic" href="../meat/packaged-meat.html">Packaged meat</a>
                </li>
                <li>
                    <a class="estDynamic" href="../meat/rabbit.html">Rabbit</a>
                </li>
                <li>
                    <a class="estDynamic" href="../meat/horse.html">Horse</a>
                </li>
                <li>
                    <a class="estDynamic" href="../meat/pork.html">Pork</a>
                </li>
                <li>
                    <a class="estDynamic" href="../meat/lamb.html">Lamb</a>
                </li>
                <li>
                    <a class="estDynamic" href="../meat/poultry.html">Poultry</a>
                </li>
            </ul>
        </li>
        <li>
            <a class="estDynamic" href="../fish.html">
                <img src="../../cdn.spesati.com/images/menu/fish.png"/>
                Fish            </a>
            <i class="fa fa-angle-right" aria-hidden="true"></i>
            <ul class="sub-menu">
                <li>
                    <a class="estDynamic" href="../fish/fresh-water.html">Fresh water</a>
                </li>
                <li>
                    <a class="estDynamic" href="../fish/salt-water.html">Salt water</a>
                </li>
                <li>
                    <a class="estDynamic" href="../fish/mussels.html">Mussels</a>
                </li>
                <li>
                    <a class="estDynamic" href="../fish/dried-and-salted.html">Dried and salted</a>
                </li>
                <li>
                    <a class="estDynamic" href="../fish/seafood-salad.html">Seafood salad</a>
                </li>
                <li>
                    <a class="estDynamic" href="../fish/prepared.html">Prepared</a>
                </li>
                <li>
                    <a class="estDynamic" href="../fish/specialty.html">Specialty</a>
                </li>   
                <li>
                    <a class="estDynamic" href="../fish/tuna-and-salmon.html">Tuna and salmon</a>
                </li>
            </ul>
        </li>
        <li>
            <a class="estDynamic" href="../wine-beer-and-spirits.html">
                <img src="../../cdn.spesati.com/images/menu/alcohol.png"/>
                Wine beer and spirits            </a>
            <i class="fa fa-angle-right" aria-hidden="true"></i>
            <ul class="sub-menu">
                <li>
                    <a class="estDynamic" href="../wine-beer-and-spirits/spirits-and-liquors.html">Alcohol</a>
                </li>
                <li>
                    <a class="estDynamic" href="../wine-beer-and-spirits/bitters.html">Bitters</a>
                </li>
                <li>
                    <a class="estDynamic" href="../wine-beer-and-spirits/aperatif.html">Aperatifs</a>
                </li>
                <li>
                    <a class="estDynamic" href="../wine-beer-and-spirits/beer.html">Beer</a>
                </li>
                <li>
                    <a class="estDynamic" href="../wine-beer-and-spirits/creams.html">Creams</a>
                </li>
                <li>
                    <a class="estDynamic" href="../wine-beer-and-spirits/spirits.html">Spirits</a>
                </li>
                <li>
                    <a class="estDynamic" href="../wine-beer-and-spirits/liquors.html">Liquors</a>
                </li>
                <li>
                    <a class="estDynamic" href="../wine-beer-and-spirits/white-wine.html">White wine</a>
                </li>
                <li>
                    <a class="estDynamic" href="../wine-beer-and-spirits/prosecco-wine.html">Prosecco wine</a>
                </li>
                <li>
                    <a class="estDynamic" href="../wine-beer-and-spirits/rose-wine.html">Rose wine</a>
                </li>
                <li>
                    <a class="estDynamic" href="../wine-beer-and-spirits/red-wine.html">Red wine</a>
                </li>
                <li>
                    <a class="estDynamic" href="../wine-beer-and-spirits/specialty-wine.html">Special wine</a>
                </li>
                <li>
                    <a class="estDynamic" href="../wine-beer-and-spirits/sparkling-wine.html">Sparkling wine</a>
                </li>
                <li>
                    <a class="estDynamic" href="../wine-beer-and-spirits/vermentino-wine.html">Vermentino wine</a>
                </li>
            </ul>
        </li>
        <li>
            <a class="estDynamic" href="../water-and-drinks.html">
                <img src="../../cdn.spesati.com/images/menu/water-and-drinks.png"/>
                Water and drinks            </a>
            <i class="fa fa-angle-right" aria-hidden="true"></i>
            <ul class="sub-menu">
                <li>
                    <a class="estDynamic" href="../water-and-drinks/san-martino.html">San Martino</a>
                </li>
                <li>
                    <a class="estDynamic" href="../water-and-drinks/water.html">Water</a>
                </li>
                <li>
                    <a class="estDynamic" href="../water-and-drinks/alpro.html">Alpro</a>
                </li>
                <li>
                    <a class="estDynamic" href="../water-and-drinks/fizzy-drinks.html">Fizzy drinks</a>
                </li>
                <li>
                    <a class="estDynamic" href="../water-and-drinks/coca-cola.html">Coca-Cola</a>
                </li>
                <li>
                    <a class="estDynamic" href="../water-and-drinks/energy-drink.html">Energy drink</a>
                </li>
                <li>
                    <a class="estDynamic" href="../water-and-drinks/syrups.html">Syrups</a>
                </li>
                <li>
                    <a class="estDynamic" href="../water-and-drinks/supplements.html">Supplements</a>
                </li>
                <li>
                    <a class="estDynamic" href="../water-and-drinks/instant-drinks.html">Instant drinks</a>
                </li>
                <li>
                    <a class="estDynamic" href="../water-and-drinks/juice.html">Juice</a>
                </li>
                <li>
                    <a class="estDynamic" href="../water-and-drinks/tea.html">Tea</a>
                </li>
            </ul>
        </li>
        <li>
            <a class="estDynamic" href="../sweets.html">
                <img src="../../cdn.spesati.com/images/menu/sweets.png"/>
                Sweets            </a>
            <i class="fa fa-angle-right" aria-hidden="true"></i>
            <ul class="sub-menu">
                <li>
                    <a class="estDynamic" href="bars-and-snacks.html">Bars and snacks</a>
                </li>
                <li>
                    <a class="estDynamic" href="biscuits.html">Biscuits</a>
                </li>
                <li>
                    <a class="estDynamic" href="brioches.html">Brioches</a>
                </li>
                <li>
                    <a class="estDynamic" href="candy-and-chewing-gum.html">Candy and chewing gum</a>
                </li>
                <li>
                    <a class="estDynamic" href="cereals.html">Cereals</a>
                </li>
                <li>
                    <a class="estDynamic" href="chocolate.html">Chocolate</a>
                </li>
                <li>
                    <a class="estDynamic" href="spreadable-creams.html">Spreads</a>
                </li>
                <li>
                    <a class="estDynamic" href="dessert-toppings.html">Dessert toppings</a>
                </li>
                <li>
                    <a class="estDynamic" href="jam.html">Jam</a>
                </li>
                <li>
                    <a class="estDynamic" href="honey.html">Honey</a>
                </li>
                <li>
                    <a class="estDynamic" href="panettoni-and-pandoro.html">Panettone and pandoro</a>
                </li>
                <li>
                    <a class="estDynamic" href="pastry.html">Pastry</a>
                </li>
                <li>
                    <a class="estDynamic" href="instant-dessert.html">Prepared</a>
                </li>
                <li>
                    <a class="estDynamic" href="cakes-and-pies.html">Cakes and pies</a>
                </li>
                <li>
                    <a class="estDynamic" href="easter-eggs-and-doves.html">Easter eggs and doves</a>
                </li>
            </ul>
        </li>
        <li>
            <a class="estDynamic" href="../shelf.html">
                <img src="../../cdn.spesati.com/images/menu/shelf.png"/>
                Cupboard            </a>
            <i class="fa fa-angle-right" aria-hidden="true"></i>
            <ul class="sub-menu">
                <li>
                    <a class="estDynamic" href="../shelf/coffee.html">Coffee</a>
                </li>
                <li>
                    <a class="estDynamic" href="../shelf/gift-baskets.html">Gift baskets</a>
                </li>
                <li>
                    <a class="estDynamic" href="../shelf/stock-cubes.html">Nuts and preparations</a>
                </li>
                <li>
                    <a class="estDynamic" href="../shelf/flour-and-baking.html">Flour and baking</a>
                </li>
                <li>
                    <a class="estDynamic" href="../shelf/milk.html">Milk</a>
                </li>
                <li>
                    <a class="estDynamic" href="../shelf/oil-salt-vinegar.html">Oil, vinegar and salt</a>
                </li>
                <li>
                    <a class="estDynamic" href="../shelf/cream-and-bechamel.html">Cream and bechamel</a>
                </li>
                <li>
                    <a class="estDynamic" href="../shelf/crisps-and-pretzels.html">Crisps and pretzels</a>
                </li>
                <li>
                    <a class="estDynamic" href="../shelf/baby-and-infants-products.html">Early childhood products</a>
                </li>
                <li>
                    <a class="estDynamic" href="../shelf/rice.html">Rice</a>
                </li>
                <li>
                    <a class="estDynamic" href="../shelf/tins-and-preserves.html">Tins and Preserves</a>
                </li>
                <li>
                    <a class="estDynamic" href="../shelf/spices.html">Spices</a>
                </li>
                <li>
                    <a class="estDynamic" href="../shelf/sauces.html">Sauces</a>
                </li>
                <li>
                    <a class="estDynamic" href="../shelf/tea-and-infusions.html">Tea and infusions</a>
                </li>
                <li>
                    <a class="estDynamic" href="../shelf/eggs.html">Eggs</a>
                </li>
                <li>
                    <a class="estDynamic" href="../shelf/sugar-and-sweeteners.html">Sugar and sweeteners</a>
                </li>
            </ul>
        </li>
        <li>
            <a class="estDynamic" href="../personal-care.html">
                <img src="../../cdn.spesati.com/images/menu/personal-care.png"/>
                Personal care            </a>
            <i class="fa fa-angle-right" aria-hidden="true"></i>
            <ul class="sub-menu">
                <li>
                    <a class="estDynamic" href="../personal-care/accessories-and-cotton.html">Accessories and cotton</a>
                </li>
                <li>
                    <a class="estDynamic" href="../personal-care/feminine-care-incontinence-and-baby-diapers.html">Feminine incontinence and diapers</a>
                </li>
                <li>
                    <a class="estDynamic" href="../personal-care/shower-gel.html">Shower gel</a>
                </li>
                <li>
                    <a class="estDynamic" href="../personal-care/creams.html">Creams</a>
                </li>
                <li>
                    <a class="estDynamic" href="../personal-care/deodorant.html">Deodorant</a>
                </li>
                <li>
                    <a class="estDynamic" href="../personal-care/hair-removal.html">Hair removal</a>
                </li>
                <li>
                    <a class="estDynamic" href="../personal-care/disinfectants.html">Disinfectants</a>
                </li>
                <li>
                    <a class="estDynamic" href="../personal-care/oral-hygiene.html">Oral hygiene</a>
                </li>
                <li>
                    <a class="estDynamic" href="../personal-care/supplements-and-multivitamins.html">Supplements and multivitamins</a>
                </li>
                <li>
                    <a class="estDynamic" href="../personal-care/first-aid.html">First aid label</a>
                </li>
                <li>
                    <a class="estDynamic" href="../personal-care/beard-products.html">Beard products</a>
                </li>
                <li>
                    <a class="estDynamic" href="../personal-care/hairs-products.html">Hair products</a>
                </li>
                <li>
                    <a class="estDynamic" href="../personal-care/perfume.html">Perfumes</a>
                </li>
                <li>
                    <a class="estDynamic" href="../personal-care/wipes.html">Wipes</a>
                </li>
                <li>
                    <a class="estDynamic" href="../personal-care/soaps-and-body-wash.html">Soaps and body wash</a>
                </li>
                <li>
                    <a class="estDynamic" href="../personal-care/shampoo-and-conditioner.html">Shampoo and conditioner</a>
                </li>
            </ul>
        </li>
        <li>
            <a class="estDynamic" href="../household-and-outdoors.html">
                <img src="../../cdn.spesati.com/images/menu/pellet-and-home.png"/>
                Home and outdoors 
            </a>
            <i class="fa fa-angle-right" aria-hidden="true"></i>
            <ul class="sub-menu">
                <li>
                    <a class="estDynamic" href="../household-and-outdoors/distilled-water.html">Distilled water</a>
                </li>
                <li>
                    <a class="estDynamic" href="../household-and-outdoors/car-products.html">Cars</a>
                </li>
                <li>
                    <a class="estDynamic" href="../household-and-outdoors/bin-bags-and-buckets.html">Bin bags and buckets</a>
                </li>
                <li>
                    <a class="estDynamic" href="../household-and-outdoors/bleach-and-stain-removers.html">Bleach and stain removers</a>
                </li>
                <li>
                    <a class="estDynamic" href="../household-and-outdoors/candles.html">Candles</a>
                </li>
                <li>
                    <a class="estDynamic" href="../household-and-outdoors/kitchen-roll.html">Kitchen roll</a>
                </li>
                <li>
                    <a class="estDynamic" href="../household-and-outdoors/air-fresheners.html">Air fresheners</a>
                </li>
                <li>
                    <a class="estDynamic" href="../household-and-outdoors/laundry-accessories-and-detergent.html">Laundry detergent</a>
                </li>
                <li>
                    <a class="estDynamic" href="../household-and-outdoors/dishwasher-and-washing-up.html">Dishwasher and washing up</a>
                </li>
                <li>
                    <a class="estDynamic" href="../household-and-outdoors/gardening.html">Gardening</a>
                </li>
                <li>
                    <a class="estDynamic" href="../household-and-outdoors/light-bulbs-and-batteries.html">Lightbulbs and batteries</a>
                </li>
                <li>
                    <a class="estDynamic" href="../household-and-outdoors/pellet-and-bbq.html">Pellet and BBQ</a>
                </li>
                <li>
                    <a class="estDynamic" href="../household-and-outdoors/bathroom-products.html">Bathroom products</a>
                </li>
                <li>
                    <a class="estDynamic" href="../household-and-outdoors/home-and-furniture-products.html">Home and furniture products</a>
                </li>
                <li>
                    <a class="estDynamic" href="../household-and-outdoors/kitchen-products.html">Kitchen products</a>
                </li>
                <li>
                    <a class="estDynamic" href="../household-and-outdoors/window-and-floor-cleaners.html">Window and floor cleaner</a>
                </li>
                <li>
                    <a class="estDynamic" href="../household-and-outdoors/repellents.html">Repellents</a>
                </li>
                <li>
                    <a class="estDynamic" href="../household-and-outdoors/disposable-tableware.html">Disposable tableware</a>
                </li>
            </ul>
        </li>
        <li>
            <a class="estDynamic" href="../pet.html">
                <img src="../../cdn.spesati.com/images/menu/animals.png"/>
                Pets            </a>
            <i class="fa fa-angle-right" aria-hidden="true"></i>
            <ul class="sub-menu">
                <li>
                    <a class="estDynamic" href="../pets/pet-food-other-animals.html">Other animals pet food</a>
                </li>
                <li>
                    <a class="estDynamic" href="../pets/pet-food-dogs.html">Pet food dogs</a>
                </li>
                <li>
                    <a class="estDynamic" href="../pets/pet-food-cats.html">Pet food cats</a>
                </li>
                <li>
                    <a class="estDynamic" href="../pets/hygiene-and-cleaning.html">Hygiene and cleaning</a>
                </li>
            </ul>
        </li>
        <li>
            <a class="estDynamic" href="../technology.html">
                <img src="../../cdn.spesati.com/images/menu/technology.png"/>
                Technology            </a>
            <i class="fa fa-angle-right" aria-hidden="true"></i>
            <ul class="sub-menu">
                <li>
                    <a class="estDynamic" href="../technology/accessories.html">Accessories</a>
                </li>
                <li>
                    <a class="estDynamic" href="../technology/computer.html">Computer</a>
                </li>
                <li>
                    <a class="estDynamic" href="../technology/telephones.html">Telephones</a>
                </li>
                <li>
                    <a class="estDynamic" href="../technology/tv.html">TV</a>
                </li>
            </ul>
        </li>
        <li>
            <a class="estDynamic" href="../gluten-free.html">
                <img src="../../cdn.spesati.com/images/menu/gluten-free.png"/>
                Gluten free            </a>
            <i class="fa fa-angle-right" aria-hidden="true"></i>
            <ul class="sub-menu">
                <li>
                    <a class="estDynamic" href="../gluten-free/frozen-foods.html">Frozen foods</a>
                </li>
                <li>
                    <a class="estDynamic" href="../gluten-free/beer.html">Beer</a>
                </li>
                <li>
                    <a class="estDynamic" href="../gluten-free/sweets.html">Sweets</a>
                </li>
                <li>
                    <a class="estDynamic" href="../gluten-free/bread-and-pasta.html">Bread and pasta</a>
                </li>
                <li>
                    <a class="estDynamic" href="../gluten-free/shelf.html">Cupboard</a>
                </li>
            </ul>
        </li>
        <li>
            <a class="estDynamic" href="../lactose-free.html">
                <img src="../../cdn.spesati.com/images/menu/lactose-free.png"/>
                Lactose free            </a>
            <i class="fa fa-angle-right" aria-hidden="true"></i>
            <ul class="sub-menu">
                <li>
                    <a class="estDynamic" href="../lactose-free/frozen-foods.html">Frozen foods</a>
                </li>
                <li>
                    <a class="estDynamic" href="../lactose-free/sweets.html">Sweets</a>
                </li>
                <li>
                    <a class="estDynamic" href="../lactose-free/dairy-product.html">Dairy product</a>
                </li>
                <li>
                    <a class="estDynamic" href="../lactose-free/shelf.html">Cupboard</a>
                </li>
            </ul>
        </li>
        <li>
            <a class="estDynamic" href="../special.html">
                <img src="../../cdn.spesati.com/images/menu/special.png"/>
                Special            </a>
            <i class="fa fa-angle-right" aria-hidden="true"></i>
            <ul class="sub-menu">
                <li>
                    <a class="estDynamic" href="../special/alpro.html">Alpro</a>
                </li>
                <li>
                    <a class="estDynamic" href="../special/organic.html">Biological</a>
                </li>
                <li>
                    <a class="estDynamic" href="../special/meat.html">Meat</a>
                </li>
                <li>
                    <a class="estDynamic" href="../special/wholegrain.html">Wholegrain</a>
                </li>
                <li>
                    <a class="estDynamic" href="../special/bread-and-pasta.html">Bread and pasta</a>
                </li>
                <li>
                    <a class="estDynamic" href="../special/vegan.html">Vegan</a>
                </li>
            </ul>
        </li>
        <li>
            <a class="estDynamic" href="../sardinian-products.html">
                <img src="../../cdn.spesati.com/images/menu/sardinian-products.png"/>
                Sardinian products            </a>
            <i class="fa fa-angle-right" aria-hidden="true"></i>
            <ul class="sub-menu">
                <li>
                    <a class="estDynamic" href="../sardinian-products/drinks.html">Drinks</a>
                </li>
                <li>
                    <a class="estDynamic" href="../sardinian-products/meat.html">Meat</a>
                </li>
                <li>
                    <a class="estDynamic" href="../sardinian-products/sweets.html">Sweets</a>
                </li>
                <li>
                    <a class="estDynamic" href="../sardinian-products/fruit-and-vegetables.html">Fruit and vegetables</a>
                </li>
                <li>
                    <a class="estDynamic" href="../sardinian-products/ichnusa.html">Ichnusa</a>
                </li>
                <li>
                    <a class="estDynamic" href="../sardinian-products/dairy-product.html">Dairy product</a>
                </li>
                <li>
                    <a class="estDynamic" href="../sardinian-products/bread-and-pasta.html">Bread and pasta</a>
                </li>
                <li>
                    <a class="estDynamic" href="../sardinian-products/fish.html">Fish</a>
                </li>
                <li>
                    <a class="estDynamic" href="../sardinian-products/cured-meat.html">Cured meat</a>
                </li>
                <li>
                    <a class="estDynamic" href="../sardinian-products/shelf.html">Cupboard</a>
                </li>
                <li>
                    <a class="estDynamic" href="../sardinian-products/vermentino-wine.html">Vermentino wine</a>
                </li>
                <li>
                    <a class="estDynamic" href="../sardinian-products/wine-beer-and-spirits.html">Wine beer and spirits</a>
                </li>
            </ul>
        </li>
    </ul>
</div>    <div class="colRight">
        <div class="title mobile">
	<a href="../sweets.html"><i class="fa red fa-angle-left fa-3x mobile" aria-hidden="true"></i></a>
	<h2>
		<b>
			brioches		</b>
	</h2>
</div>

<div class="breadcrumb bgGrey internal">
	<p>
		<b>
			<a href="../index.html">Home</a>
												&gt; <a href="../sweets.html">Sweets</a>
																&gt; Brioches									</b>
	</p>
	<div>
		<p>Order by</p>
		<select name="orderProd" id="orderProd">
			<option disabled="disabled" selected="selected">- Choose -</option>
			<option value="nameAsc">Name (A - Z)</option>
			<option value="nameDes">Name (Z - A)</option>
			<option value="priceHigh">Price - High to low</option>
			<option value="priceLow">Price - Low to high</option>
			<option value="soldAsc">Best Selling</option>
			<option value="available">Availability</option>
		</select>
	</div>
</div>
        <div class="containerProduct">
            <script type='text/javascript'>var track = '{"event":"ViewContent", "type":"category", "id":"Dolciumi", "subids":["Brioches"], "url":"https://www.spesati.com/sweets/brioches"}';</script>
<script>
gtag('event', 'select_content', {content_type: 'category', item_id: 'Dolciumi'});gtag('event', 'select_content', {content_type: 'category', item_id: 'Brioches'});
</script>
<div class="left product prod1"
        data-name="Cornetti al burro gechele 180gr"
        data-price="2.98"
        data-id="5203"
        data-available="yes"
        data-category="6785"
        data-bestselling="">
    <a href="../cornetti-al-burro-gechele-180gr">
        <div style="background-image: url('../../cdn.spesati.com/images/products/111801/cornetti-al-burro-01.jpg')">
            <div class="hover"></div>
            
            <div class="stickers"></div>
        </div>
    </a>
    <div>
        <h4><a href="../cornetti-al-burro-gechele-180gr"><b>Cornetti al burro gechele 180gr</b></a></h4>
        <p class="description">0.18 Kg</p>
        <p class="right price"><b>2.98 €</b></p>
        <p class="right unitPrice">16.53 € per kg</p>
    </div>
    <div class="contButton">
    <a class="button bgRed white addToCart" href="#">Add</a>
</div>
</div><div class="left product prod2"
        data-name="Merendine Midi Ciaocio Cacao 10Pz"
        data-price="1.85"
        data-id="6413"
        data-available="yes"
        data-category="6785"
        data-bestselling="6">
    <a href="../merendine-midi-ciaocio-cacao-10pz">
        <div style="background-image: url('../../cdn.spesati.com/images/products/109939/merendine-midi-ciaocio-01.jpg')">
            <div class="hover"></div>
            <p class="arrow bgRed white">Best Seller</p>
            <div class="stickers"></div>
        </div>
    </a>
    <div>
        <h4><a href="../merendine-midi-ciaocio-cacao-10pz"><b>Merendine Midi Ciaocio Cacao 10Pz</b></a></h4>
        <p class="description">0.35 Kg</p>
        <p class="right price"><b>1.85 €</b></p>
        <p class="right unitPrice">1.85 € per piece</p>
    </div>
    <div class="contButton">
    <a class="button bgRed white addToCart" href="#">Add</a>
</div>
</div><div class="left product prod3"
        data-name="Merendine Midi Farcimilk Latte 10Pz"
        data-price="1.29"
        data-id="6394"
        data-available="yes"
        data-category="6785"
        data-bestselling="2">
    <a href="../merendine-midi-farcimilk-latte-10pz">
        <div style="background-image: url('../../cdn.spesati.com/images/products/109919/merendine-midi-farcimilk-01.jpg')">
            <div class="hover"></div>
            <p class="arrow bgRed white">Best Seller</p>
            <div class="stickers"></div>
        </div>
    </a>
    <div>
        <h4><a href="../merendine-midi-farcimilk-latte-10pz"><b>Merendine Midi Farcimilk Latte 10Pz</b></a></h4>
        <p class="description">0.28 Kg</p>
        <p class="right price"><b>1.29 €</b></p>
        <p class="right unitPrice">1.29 € per piece</p>
    </div>
    <div class="contButton">
    <a class="button bgRed white addToCart" href="#">Add</a>
</div>
</div><div class="left product prod4"
        data-name="Merendine Midi Farcikao Cacao 10Pz"
        data-price="1.29"
        data-id="6393"
        data-available="yes"
        data-category="6785"
        data-bestselling="">
    <a href="../merendine-midi-farcikao-cacao-10pz">
        <div style="background-image: url('../../cdn.spesati.com/images/products/109918/merendine-midi-farcikao-01.jpg')">
            <div class="hover"></div>
            
            <div class="stickers"></div>
        </div>
    </a>
    <div>
        <h4><a href="../merendine-midi-farcikao-cacao-10pz"><b>Merendine Midi Farcikao Cacao 10Pz</b></a></h4>
        <p class="description">0.28 Kg</p>
        <p class="right price"><b>1.29 €</b></p>
        <p class="right unitPrice">1.29 € per piece</p>
    </div>
    <div class="contButton">
    <a class="button bgRed white addToCart" href="#">Add</a>
</div>
</div><div class="left product prod5"
        data-name="Ferrero Kinder Delice Cacao"
        data-price="3.55"
        data-id="1465"
        data-available="yes"
        data-category="6785"
        data-bestselling="2">
    <a href="../ferrero-kinder-delice-cacao">
        <div style="background-image: url('../../cdn.spesati.com/images/products/000510148/kinder-delice-10-x-39-g-01.png')">
            <div class="hover"></div>
            <p class="arrow bgRed white">Best Seller</p>
            <div class="stickers"></div>
        </div>
    </a>
    <div>
        <h4><a href="../ferrero-kinder-delice-cacao"><b>Ferrero Kinder Delice Cacao</b></a></h4>
        <p class="description">Kinder delice 10 x 39 g</p>
        <p class="right price"><b>3.55 €</b></p>
        <p class="right unitPrice">8.45 € per kg</p>
    </div>
    <div class="contButton">
    <a class="button bgRed white addToCart" href="#">Add</a>
</div>
</div><div class="left product prod6"
        data-name="Ferrero Kinder Pan E Cioc"
        data-price="3.09"
        data-id="1466"
        data-available="yes"
        data-category="6785"
        data-bestselling="">
    <a href="../ferrero-kinder-pan-e-cioc">
        <div style="background-image: url('../../cdn.spesati.com/images/products/000502025/kinder-panecioc-10-x-29-g-01.png')">
            <div class="hover"></div>
            
            <div class="stickers"></div>
        </div>
    </a>
    <div>
        <h4><a href="../ferrero-kinder-pan-e-cioc"><b>Ferrero Kinder Pan E Cioc</b></a></h4>
        <p class="description">Kinder Panecioc 10 x 29 g</p>
        <p class="right price"><b>3.09 €</b></p>
        <p class="right unitPrice">10.30 € per kg</p>
    </div>
    <div class="contButton">
    <a class="button bgRed white addToCart" href="#">Add</a>
</div>
</div><div class="left product prod7"
        data-name="Ferrero Kinder Brioss"
        data-price="2.99"
        data-id="1458"
        data-available="yes"
        data-category="6785"
        data-bestselling="8">
    <a href="../ferrero-kinder-brioss">
        <div style="background-image: url('../../cdn.spesati.com/images/products/000502018/kinder-brioss-10-x-27-g-01.png')">
            <div class="hover"></div>
            <p class="arrow bgRed white">Best Seller</p>
            <div class="stickers"></div>
        </div>
    </a>
    <div>
        <h4><a href="../ferrero-kinder-brioss"><b>Ferrero Kinder Brioss</b></a></h4>
        <p class="description">Kinder Brioss 10 x 27 g</p>
        <p class="right price"><b>2.99 €</b></p>
        <p class="right unitPrice">10.68 € per kg</p>
    </div>
    <div class="contButton">
    <a class="button bgRed white addToCart" href="#">Add</a>
</div>
</div><div class="left product prod8"
        data-name="Ferrero Kinder Colazione Piu"
        data-price="2.99"
        data-id="1464"
        data-available="yes"
        data-category="6785"
        data-bestselling="2">
    <a href="../ferrero-kinder-colazione-piu">
        <div style="background-image: url('../../cdn.spesati.com/images/products/000502012/kinder-colazione-piu-con-5-cereali-10-x-29-g-01.png')">
            <div class="hover"></div>
            <p class="arrow bgRed white">Best Seller</p>
            <div class="stickers"></div>
        </div>
    </a>
    <div>
        <h4><a href="../ferrero-kinder-colazione-piu"><b>Ferrero Kinder Colazione Piu</b></a></h4>
        <p class="description">Kinder Colazione Più con 5 Cereali 10 x 29 g</p>
        <p class="right price"><b>2.99 €</b></p>
        <p class="right unitPrice">9.97 € per kg</p>
    </div>
    <div class="contButton">
    <a class="button bgRed white addToCart" href="#">Add</a>
</div>
</div><div class="left product prod9"
        data-name="Ferrero Brioss Cereali Ciliegia"
        data-price="2.25"
        data-id="1456"
        data-available="yes"
        data-category="6785"
        data-bestselling="">
    <a href="../ferrero-brioss-cereali-ciliegia">
        <div style="background-image: url('../../cdn.spesati.com/images/products/000502006/ferrero-brioss-confettura-di-ciliegia-e-cereali-10-x-28-g-01.png')">
            <div class="hover"></div>
            
            <div class="stickers"></div>
        </div>
    </a>
    <div>
        <h4><a href="../ferrero-brioss-cereali-ciliegia"><b>Ferrero Brioss Cereali Ciliegia</b></a></h4>
        <p class="description">Ferrero brioss Confettura di Ciliegia e Cereali 10 x 28 g</p>
        <p class="right price"><b>2.25 €</b></p>
        <p class="right unitPrice">8.03 € per kg</p>
    </div>
    <div class="contButton">
    <a class="button bgRed white addToCart" href="#">Add</a>
</div>
</div><div class="left product prod10"
        data-name="Ferrero Brioss Cereali Albicocca"
        data-price="2.25"
        data-id="1455"
        data-available="yes"
        data-category="6785"
        data-bestselling="">
    <a href="../ferrero-brioss-cereali-albicocca">
        <div style="background-image: url('../../cdn.spesati.com/images/products/000502005/ferrero-brioss-confettura-di-albicocca-e-cereali-10-x-28-g-01.png')">
            <div class="hover"></div>
            
            <div class="stickers"></div>
        </div>
    </a>
    <div>
        <h4><a href="../ferrero-brioss-cereali-albicocca"><b>Ferrero Brioss Cereali Albicocca</b></a></h4>
        <p class="description">Ferrero brioss Confettura di Albicocca e Cereali 10 x 28 g</p>
        <p class="right price"><b>2.25 €</b></p>
        <p class="right unitPrice">8.03 € per kg</p>
    </div>
    <div class="contButton">
    <a class="button bgRed white addToCart" href="#">Add</a>
</div>
</div><div class="left product prod11"
        data-name="Ferrero Fiesta"
        data-price="3.59"
        data-id="1457"
        data-available="yes"
        data-category="6785"
        data-bestselling="">
    <a href="../ferrero-fiesta">
        <div style="background-image: url('../../cdn.spesati.com/images/products/000502002/ferrero-fiesta-loriginale-10-x-36-g-01.png')">
            <div class="hover"></div>
            
            <div class="stickers"></div>
        </div>
    </a>
    <div>
        <h4><a href="../ferrero-fiesta"><b>Ferrero Fiesta</b></a></h4>
        <p class="description">Ferrero fiesta l'Originale 10 x 36 g</p>
        <p class="right price"><b>3.59 €</b></p>
        <p class="right unitPrice">9.98 € per kg</p>
    </div>
    <div class="contButton">
    <a class="button bgRed white addToCart" href="#">Add</a>
</div>
</div><div class="left product prod12"
        data-name="Kinder Ferr Kornetti Cio T6"
        data-price="3.55"
        data-id="82308"
        data-available="yes"
        data-category="6785"
        data-bestselling="2">
    <a href="../kinder-ferr-kornetti-cio-t6">
        <div style="background-image: url('../../cdn.spesati.com/images/products/000472999/kinder-kornetti-cioccolato-6-x-42-g-01.png')">
            <div class="hover"></div>
            <p class="arrow bgRed white">Best Seller</p>
            <div class="stickers"></div>
        </div>
    </a>
    <div>
        <h4><a href="../kinder-ferr-kornetti-cio-t6"><b>Kinder Ferr Kornetti Cio T6</b></a></h4>
        <p class="description">Kinder Kornetti Cioccolato 6 x 42 g</p>
        <p class="right price"><b>3.55 €</b></p>
        <p class="right unitPrice">14.20 € per kg</p>
    </div>
    <div class="contButton">
    <a class="button bgRed white addToCart" href="#">Add</a>
</div>
</div><div class="left product prod13"
        data-name="Mer Kinder Plumcake Cacao T6"
        data-price="2.29"
        data-id="78189"
        data-available="yes"
        data-category="6785"
        data-bestselling="">
    <a href="../mer-kinder-plumcake-cacao-t6">
        <div style="background-image: url('../../cdn.spesati.com/images/products/000472612/kinder-plum-cake-al-cacao-e-gocce-di-cioccolato-6-x-33-g-01.png')">
            <div class="hover"></div>
            
            <div class="stickers"></div>
        </div>
    </a>
    <div>
        <h4><a href="../mer-kinder-plumcake-cacao-t6"><b>Mer Kinder Plumcake Cacao T6</b></a></h4>
        <p class="description">Kinder Plum Cake al Cacao e gocce di Cioccolato 6 x 33 g</p>
        <p class="right price"><b>2.29 €</b></p>
        <p class="right unitPrice">11.45 € per kg</p>
    </div>
    <div class="contButton">
    <a class="button bgRed white addToCart" href="#">Add</a>
</div>
</div><div class="left product prod14"
        data-name="Corn Misura Privolat Albi 298g"
        data-price="3.79"
        data-id="84188"
        data-available="yes"
        data-category="6785"
        data-bestselling="">
    <a href="../corn-misura-privolat-albi-298g">
        <div style="background-image: url('../../cdn.spesati.com/images/products/000444143/misura-privolat-6-cornetti-allalbicocca-298-g-01.png')">
            <div class="hover"></div>
            
            <div class="stickers"></div>
        </div>
    </a>
    <div>
        <h4><a href="../corn-misura-privolat-albi-298g"><b>Corn Misura Privolat Albi 298g</b></a></h4>
        <p class="description">Misura Privolat 6 Cornetti all'Albicocca 298 g</p>
        <p class="right price"><b>3.79 €</b></p>
        <p class="right unitPrice">12.63 € per kg</p>
    </div>
    <div class="contButton">
    <a class="button bgRed white addToCart" href="#">Add</a>
</div>
</div><div class="left product prod15"
        data-name="Mer Mul B Corn Int Nocc 300gr"
        data-price="3.65"
        data-id="67050"
        data-available="yes"
        data-category="6785"
        data-bestselling="">
    <a href="../mer-mul-b-corn-int-nocc-300gr">
        <div style="background-image: url('../../cdn.spesati.com/images/products/000438261/mulino-bianco-cornetti-integrali-alla-nocciola-merenda-con-100-farina-integrale-6-pezzi-300g-01.png')">
            <div class="hover"></div>
            
            <div class="stickers"></div>
        </div>
    </a>
    <div>
        <h4><a href="../mer-mul-b-corn-int-nocc-300gr"><b>Mer Mul B Corn Int Nocc 300gr</b></a></h4>
        <p class="description">Mulino Bianco Cornetti Integrali alla Nocciola Merenda con 100% Farina Integrale 6 pezzi 300g</p>
        <p class="right price"><b>3.65 €</b></p>
        <p class="right unitPrice">12.17 € per kg</p>
    </div>
    <div class="contButton">
    <a class="button bgRed white addToCart" href="#">Add</a>
</div>
</div><div class="left product prod16"
        data-name="Merend Mul B Pancake 280gr"
        data-price="3.29"
        data-id="67047"
        data-available="yes"
        data-category="6785"
        data-bestselling="">
    <a href="../merend-mul-b-pancake-280gr">
        <div style="background-image: url('../../cdn.spesati.com/images/products/000438260/mulino-bianco-pancake-merenda-100-latte-fresco-italiano-e-farina-sostenibile-4-pezzi-280g-01.png')">
            <div class="hover"></div>
            
            <div class="stickers"></div>
        </div>
    </a>
    <div>
        <h4><a href="../merend-mul-b-pancake-280gr"><b>Merend Mul B Pancake 280gr</b></a></h4>
        <p class="description">Mulino Bianco Pancake Merenda 100% Latte Fresco Italiano e Farina Sostenibile 4 pezzi 280g</p>
        <p class="right price"><b>3.29 €</b></p>
        <p class="right unitPrice">11.75 € per kg</p>
    </div>
    <div class="contButton">
    <a class="button bgRed white addToCart" href="#">Add</a>
</div>
</div><div class="left product prod17"
        data-name="Mer Kinder Plumcake Yogurt T6"
        data-price="1.99"
        data-id="66111"
        data-available="yes"
        data-category="6785"
        data-bestselling="">
    <a href="../mer-kinder-plumcake-yogurt-t6">
        <div style="background-image: url('../../cdn.spesati.com/images/products/000437851/kinder-plum-cake-preparato-con-yogurt-alla-greca-6-x-32-g-01.png')">
            <div class="hover"></div>
            
            <div class="stickers"></div>
        </div>
    </a>
    <div>
        <h4><a href="../mer-kinder-plumcake-yogurt-t6"><b>Mer Kinder Plumcake Yogurt T6</b></a></h4>
        <p class="description">Kinder Plum Cake Preparato con Yogurt alla Greca 6 x 32 g</p>
        <p class="right price"><b>1.99 €</b></p>
        <p class="right unitPrice">10.47 € per kg</p>
    </div>
    <div class="contButton">
    <a class="button bgRed white addToCart" href="#">Add</a>
</div>
</div><div class="left product prod18"
        data-name="Mer Mul B Nastr Cioc/pere 240g"
        data-price="4.25"
        data-id="59451"
        data-available="yes"
        data-category="6785"
        data-bestselling="1">
    <a href="../mer-mul-b-nastr-ciocpere-240g">
        <div style="background-image: url('../../cdn.spesati.com/images/products/000437364/mulino-bianco-nastrine-merenda-cioccolato-senza-additivi-conservanti-6-pezzi-240g-01.png')">
            <div class="hover"></div>
            <p class="arrow bgRed white">Best Seller</p>
            <div class="stickers"></div>
        </div>
    </a>
    <div>
        <h4><a href="../mer-mul-b-nastr-ciocpere-240g"><b>Mer Mul B Nastr Cioc/pere 240g</b></a></h4>
        <p class="description">Mulino Bianco Nastrine Merenda Cioccolato Senza Additivi Conservanti 6 pezzi 240g</p>
        <p class="right price"><b>4.25 €</b></p>
        <p class="right unitPrice">17.71 € per kg</p>
    </div>
    <div class="contButton">
    <a class="button bgRed white addToCart" href="#">Add</a>
</div>
</div><div class="left product prod19"
        data-name="Barilla Flauti Stracciatella"
        data-price="3.09"
        data-id="1445"
        data-available="yes"
        data-category="6785"
        data-bestselling="">
    <a href="../barilla-flauti-stracciatella">
        <div style="background-image: url('../../cdn.spesati.com/images/products/000144054/mulino-bianco-flauti-stracciatella-merenda-con-100-latte-fresco-italiano-280g-01.png')">
            <div class="hover"></div>
            
            <div class="stickers"></div>
        </div>
    </a>
    <div>
        <h4><a href="../barilla-flauti-stracciatella"><b>Barilla Flauti Stracciatella</b></a></h4>
        <p class="description">Mulino Bianco Flauti Stracciatella Merenda con 100% Latte Fresco Italiano 280g</p>
        <p class="right price"><b>3.09 €</b></p>
        <p class="right unitPrice">11.03 € per kg</p>
    </div>
    <div class="contButton">
    <a class="button bgRed white addToCart" href="#">Add</a>
</div>
</div><div class="left product prod20"
        data-name="Barilla Pane Cioccolato 300 Gr"
        data-price="4.05"
        data-id="6340"
        data-available="yes"
        data-category="6785"
        data-bestselling="">
    <a href="../barilla-pane-cioccolato-300-gr">
        <div style="background-image: url('../../cdn.spesati.com/images/products/000144043/mulino-bianco-panecioccolato-merenda-8-pezzi-300g-01.png')">
            <div class="hover"></div>
            
            <div class="stickers"></div>
        </div>
    </a>
    <div>
        <h4><a href="../barilla-pane-cioccolato-300-gr"><b>Barilla Pane Cioccolato 300 Gr</b></a></h4>
        <p class="description">Mulino Bianco Pane+Cioccolato Merenda 8 pezzi 300g</p>
        <p class="right price"><b>4.05 €</b></p>
        <p class="right unitPrice">13.50 € per kg</p>
    </div>
    <div class="contButton">
    <a class="button bgRed white addToCart" href="#">Add</a>
</div>
</div><div class="left product prod21"
        data-name="Barilla Tegolino"
        data-price="4.49"
        data-id="1450"
        data-available="yes"
        data-category="6785"
        data-bestselling="1">
    <a href="../barilla-tegolino">
        <div style="background-image: url('../../cdn.spesati.com/images/products/000144039/mulino-bianco-tegolino-merenda-senza-additivi-conservanti-350-g-01.png')">
            <div class="hover"></div>
            <p class="arrow bgRed white">Best Seller</p>
            <div class="stickers"></div>
        </div>
    </a>
    <div>
        <h4><a href="../barilla-tegolino"><b>Barilla Tegolino</b></a></h4>
        <p class="description">Mulino Bianco Tegolino Merenda senza Additivi Conservanti 350 g</p>
        <p class="right price"><b>4.49 €</b></p>
        <p class="right unitPrice">12.83 € per kg</p>
    </div>
    <div class="contButton">
    <a class="button bgRed white addToCart" href="#">Add</a>
</div>
</div><div class="left product prod22"
        data-name="Merende Mulin B Cor Albic 240g"
        data-price="5.01"
        data-id="65778"
        data-available="yes"
        data-category="6785"
        data-bestselling="">
    <a href="../merende-mulin-b-cor-albic-240g">
        <div style="background-image: url('../../cdn.spesati.com/images/products/000136270/mulino-bianco-cornetti-albicocca-senza-additivi-conservanti-merenda-food-service-6pzx50g-01.png')">
            <div class="hover"></div>
            
            <div class="stickers"></div>
        </div>
    </a>
    <div>
        <h4><a href="../merende-mulin-b-cor-albic-240g"><b>Merende Mulin B Cor Albic 240g</b></a></h4>
        <p class="description">Mulino Bianco Cornetti Albicocca senza Additivi Conservanti Merenda Food Service 6pzx50g</p>
        <p class="right price"><b>5.01 €</b></p>
        <p class="right unitPrice">20.89 € per kg</p>
    </div>
    <div class="contButton">
    <a class="button bgRed white addToCart" href="#">Add</a>
</div>
</div><div class="left product prod23"
        data-name="Merende Mulin B Cor Ciocc 240g"
        data-price="5.01"
        data-id="65775"
        data-available="yes"
        data-category="6785"
        data-bestselling="">
    <a href="../merende-mulin-b-cor-ciocc-240g">
        <div style="background-image: url('../../cdn.spesati.com/images/products/000136269/mmulino-bianco-cornetti-cioccolato-senza-additivi-conservanti-merenda-food-service-6pzx50g-01.png')">
            <div class="hover"></div>
            
            <div class="stickers"></div>
        </div>
    </a>
    <div>
        <h4><a href="../merende-mulin-b-cor-ciocc-240g"><b>Merende Mulin B Cor Ciocc 240g</b></a></h4>
        <p class="description">MMulino Bianco Cornetti Cioccolato senza Additivi Conservanti Merenda Food Service 6pzx50g</p>
        <p class="right price"><b>5.01 €</b></p>
        <p class="right unitPrice">20.89 € per kg</p>
    </div>
    <div class="contButton">
    <a class="button bgRed white addToCart" href="#">Add</a>
</div>
</div><div class="left product prod24"
        data-name="Croissant Schar Senza Glutine 220Gr"
        data-price="3.85"
        data-id="6853"
        data-available="yes"
        data-category="6785"
        data-bestselling="">
    <a href="../croissant-schar-senza-glutine-220gr">
        <div style="background-image: url('../../cdn.spesati.com/images/products/000119286/schaer-croissant-4-x-55-g-01.png')">
            <div class="hover"></div>
            
            <div class="stickers"><img class="left" src="../../cdn.spesati.com/images/layout/gluten-free.png" /></div>
        </div>
    </a>
    <div>
        <h4><a href="../croissant-schar-senza-glutine-220gr"><b>Croissant Schar Senza Glutine 220Gr</b></a></h4>
        <p class="description">Schär Croissant 4 x 55 g</p>
        <p class="right price"><b>3.85 €</b></p>
        <p class="right unitPrice">17.50 € per kg</p>
    </div>
    <div class="contButton">
    <a class="button bgRed white addToCart" href="#">Add</a>
</div>
</div><div class="left product prod25"
        data-name="Barilla Tortina Gocce Cioccolato Senza Glutine"
        data-price="3.92"
        data-id="1451"
        data-available="yes"
        data-category="6785"
        data-bestselling="1">
    <a href="../barilla-tortina-gocce-cioccolato-senza-glutine">
        <div style="background-image: url('../../cdn.spesati.com/images/products/000117300/mulino-bianco-armonia-lunette-tortine-senza-glutine-merende-farina-integrale-di-riso-cioccolato-140g-01.png')">
            <div class="hover"></div>
            <p class="arrow bgRed white">Best Seller</p>
            <div class="stickers"><img class="left" src="../../cdn.spesati.com/images/layout/gluten-free.png" /></div>
        </div>
    </a>
    <div>
        <h4><a href="../barilla-tortina-gocce-cioccolato-senza-glutine"><b>Barilla Tortina Gocce Cioccolato Senza Glutine</b></a></h4>
        <p class="description">Mulino Bianco Armonia Lunette Tortine Senza Glutine Merende Farina Integrale di Riso Cioccolato 140g</p>
        <p class="right price"><b>3.92 €</b></p>
        <p class="right unitPrice">27.98 € per kg</p>
    </div>
    <div class="contButton">
    <a class="button bgRed white addToCart" href="#">Add</a>
</div>
</div><div class="left product prod26"
        data-name="Croissant Bauli Crema 6pz"
        data-price="2.55"
        data-id="60873"
        data-available="yes"
        data-category="6785"
        data-bestselling="">
    <a href="../croissant-bauli-crema-6pz">
        <div style="background-image: url('../../cdn.spesati.com/images/products/000111608/bauli-croissant-crema-6-x-50-g-01.png')">
            <div class="hover"></div>
            
            <div class="stickers"></div>
        </div>
    </a>
    <div>
        <h4><a href="../croissant-bauli-crema-6pz"><b>Croissant Bauli Crema 6pz</b></a></h4>
        <p class="description">Bauli Croissant Crema 6 x 50 g</p>
        <p class="right price"><b>2.55 €</b></p>
        <p class="right unitPrice">8.50 € per kg</p>
    </div>
    <div class="contButton">
    <a class="button bgRed white addToCart" href="#">Add</a>
</div>
</div><div class="left product prod27"
        data-name="Buondi Albicocca 6 Pezzi 258Gr"
        data-price="2.15"
        data-id="5852"
        data-available="yes"
        data-category="6785"
        data-bestselling="">
    <a href="../buondi-albicocca-6-pezzi-258gr">
        <div style="background-image: url('../../cdn.spesati.com/images/products/000111567/buondi-albicocca-6-x-43-g-01.png')">
            <div class="hover"></div>
            
            <div class="stickers"></div>
        </div>
    </a>
    <div>
        <h4><a href="../buondi-albicocca-6-pezzi-258gr"><b>Buondi Albicocca 6 Pezzi 258Gr</b></a></h4>
        <p class="description">Buondì Albicocca 6 x 43 g</p>
        <p class="right price"><b>2.15 €</b></p>
        <p class="right unitPrice">8.34 € per kg</p>
    </div>
    <div class="contButton">
    <a class="button bgRed white addToCart" href="#">Add</a>
</div>
</div><div class="left product prod28"
        data-name="Buondi Cacao 6 Pezzi 258Gr"
        data-price="2.15"
        data-id="5859"
        data-available="yes"
        data-category="6785"
        data-bestselling="">
    <a href="../buondi-cacao-6-pezzi-258gr">
        <div style="background-image: url('../../cdn.spesati.com/images/products/000111566/buondi-cacao-6-x-43-g-01.png')">
            <div class="hover"></div>
            
            <div class="stickers"></div>
        </div>
    </a>
    <div>
        <h4><a href="../buondi-cacao-6-pezzi-258gr"><b>Buondi Cacao 6 Pezzi 258Gr</b></a></h4>
        <p class="description">Buondì Cacao 6 x 43 g</p>
        <p class="right price"><b>2.15 €</b></p>
        <p class="right unitPrice">8.34 € per kg</p>
    </div>
    <div class="contButton">
    <a class="button bgRed white addToCart" href="#">Add</a>
</div>
</div><div class="left product prod29"
        data-name="Buondi Classico 6 Pezzi 198Gr"
        data-price="2.19"
        data-id="5864"
        data-available="yes"
        data-category="6785"
        data-bestselling="2">
    <a href="../buondi-classico-6-pezzi-198gr">
        <div style="background-image: url('../../cdn.spesati.com/images/products/000111565/buondi-6-x-33-g-01.png')">
            <div class="hover"></div>
            <p class="arrow bgRed white">Best Seller</p>
            <div class="stickers"></div>
        </div>
    </a>
    <div>
        <h4><a href="../buondi-classico-6-pezzi-198gr"><b>Buondi Classico 6 Pezzi 198Gr</b></a></h4>
        <p class="description">Buondì 6 x 33 g</p>
        <p class="right price"><b>2.19 €</b></p>
        <p class="right unitPrice">11.07 € per kg</p>
    </div>
    <div class="contButton">
    <a class="button bgRed white addToCart" href="#">Add</a>
</div>
</div><div class="left product prod30"
        data-name="Barilla Cornetto Cioccolato"
        data-price="3.95"
        data-id="1441"
        data-available="yes"
        data-category="6785"
        data-bestselling="8">
    <a href="../barilla-cornetto-cioccolato">
        <div style="background-image: url('../../cdn.spesati.com/images/products/000110026/mulino-bianco-cornetti-al-cioccolato-merenda-senza-additivi-conservanti-6-pezzi-300g-01.png')">
            <div class="hover"></div>
            <p class="arrow bgRed white">Best Seller</p>
            <div class="stickers"></div>
        </div>
    </a>
    <div>
        <h4><a href="../barilla-cornetto-cioccolato"><b>Barilla Cornetto Cioccolato</b></a></h4>
        <p class="description">Mulino Bianco Cornetti al Cioccolato Merenda senza Additivi Conservanti 6 pezzi 300g</p>
        <p class="right price"><b>3.95 €</b></p>
        <p class="right unitPrice">13.17 € per kg</p>
    </div>
    <div class="contButton">
    <a class="button bgRed white addToCart" href="#">Add</a>
</div>
</div><div class="left product prod31"
        data-name="Buondi Yo Yo Nocciola E Cacao 210Gr"
        data-price="2.69"
        data-id="4702"
        data-available="yes"
        data-category="6785"
        data-bestselling="">
    <a href="../buondi-yo-yo-nocciola-e-cacao-210gr">
        <div style="background-image: url('../../cdn.spesati.com/images/products/000109830/motta-yo-yo-6-x-35-g-01.png')">
            <div class="hover"></div>
            
            <div class="stickers"></div>
        </div>
    </a>
    <div>
        <h4><a href="../buondi-yo-yo-nocciola-e-cacao-210gr"><b>Buondi Yo Yo Nocciola E Cacao 210Gr</b></a></h4>
        <p class="description">Motta Yo-Yo 6 x 35 g</p>
        <p class="right price"><b>2.69 €</b></p>
        <p class="right unitPrice">12.80 € per kg</p>
    </div>
    <div class="contButton">
    <a class="button bgRed white addToCart" href="#">Add</a>
</div>
</div><div class="left product prod32"
        data-name="Buondi Girella Famiglia"
        data-price="2.95"
        data-id="1453"
        data-available="yes"
        data-category="6785"
        data-bestselling="">
    <a href="../buondi-girella-famiglia">
        <div style="background-image: url('../../cdn.spesati.com/images/products/000109828/motta-girella-8-x-35-g-01.png')">
            <div class="hover"></div>
            
            <div class="stickers"></div>
        </div>
    </a>
    <div>
        <h4><a href="../buondi-girella-famiglia"><b>Buondi Girella Famiglia</b></a></h4>
        <p class="description">Motta Girella 8 x 35 g</p>
        <p class="right price"><b>2.95 €</b></p>
        <p class="right unitPrice">10.54 € per kg</p>
    </div>
    <div class="contButton">
    <a class="button bgRed white addToCart" href="#">Add</a>
</div>
</div><div class="left product prod33"
        data-name="Barilla Plumcake Yogurt"
        data-price="2.79"
        data-id="1449"
        data-available="yes"
        data-category="6785"
        data-bestselling="6">
    <a href="../barilla-plumcake-yogurt">
        <div style="background-image: url('../../cdn.spesati.com/images/products/000109813/mulino-bianco-plumcake-classico-merenda-con-yogurt-italiano-10-pezzi-330g-01.png')">
            <div class="hover"></div>
            <p class="arrow bgRed white">Best Seller</p>
            <div class="stickers"></div>
        </div>
    </a>
    <div>
        <h4><a href="../barilla-plumcake-yogurt"><b>Barilla Plumcake Yogurt</b></a></h4>
        <p class="description">Mulino Bianco Plumcake Classico Merenda con Yogurt Italiano 10 pezzi 330g</p>
        <p class="right price"><b>2.79 €</b></p>
        <p class="right unitPrice">8.45 € per kg</p>
    </div>
    <div class="contButton">
    <a class="button bgRed white addToCart" href="#">Add</a>
</div>
</div><div class="left product prod34"
        data-name="Barilla Flauti Latte"
        data-price="3.09"
        data-id="1444"
        data-available="yes"
        data-category="6785"
        data-bestselling="">
    <a href="../barilla-flauti-latte">
        <div style="background-image: url('../../cdn.spesati.com/images/products/000109789/mulino-bianco-flauti-latte-merenda-con-100-latte-fresco-italiano-280g-01.png')">
            <div class="hover"></div>
            
            <div class="stickers"></div>
        </div>
    </a>
    <div>
        <h4><a href="../barilla-flauti-latte"><b>Barilla Flauti Latte</b></a></h4>
        <p class="description">Mulino Bianco Flauti Latte Merenda con 100% Latte Fresco Italiano 280g</p>
        <p class="right price"><b>3.09 €</b></p>
        <p class="right unitPrice">11.03 € per kg</p>
    </div>
    <div class="contButton">
    <a class="button bgRed white addToCart" href="#">Add</a>
</div>
</div><div class="left product prod35"
        data-name="Barilla Flauti Cioccolato"
        data-price="3.09"
        data-id="1443"
        data-available="yes"
        data-category="6785"
        data-bestselling="">
    <a href="../barilla-flauti-cioccolato">
        <div style="background-image: url('../../cdn.spesati.com/images/products/000109788/mulino-bianco-flauti-cioccolato-merenda-senza-additivi-conservanti-280g-01.png')">
            <div class="hover"></div>
            
            <div class="stickers"></div>
        </div>
    </a>
    <div>
        <h4><a href="../barilla-flauti-cioccolato"><b>Barilla Flauti Cioccolato</b></a></h4>
        <p class="description">Mulino Bianco Flauti Cioccolato Merenda senza Additivi Conservanti 280g</p>
        <p class="right price"><b>3.09 €</b></p>
        <p class="right unitPrice">11.03 € per kg</p>
    </div>
    <div class="contButton">
    <a class="button bgRed white addToCart" href="#">Add</a>
</div>
</div><div class="left product prod36"
        data-name="Bauli Mini Croissant Albicocca"
        data-price="1.19"
        data-id="4186"
        data-available="yes"
        data-category="6785"
        data-bestselling="">
    <a href="../bauli-mini-croissant-albicocca">
        <div style="background-image: url('../../cdn.spesati.com/images/products/000109746/bauli-mini-croissant-crema-allalbicocca-75-g-01.png')">
            <div class="hover"></div>
            
            <div class="stickers"></div>
        </div>
    </a>
    <div>
        <h4><a href="../bauli-mini-croissant-albicocca"><b>Bauli Mini Croissant Albicocca</b></a></h4>
        <p class="description">Bauli Mini Croissant Crema all'Albicocca 75 g</p>
        <p class="right price"><b>1.19 €</b></p>
        <p class="right unitPrice">15.87 € per kg</p>
    </div>
    <div class="contButton">
    <a class="button bgRed white addToCart" href="#">Add</a>
</div>
</div><div class="left product prod37"
        data-name="Bauli Mini Croissant Cacao"
        data-price="1.19"
        data-id="4185"
        data-available="yes"
        data-category="6785"
        data-bestselling="">
    <a href="../bauli-mini-croissant-cacao">
        <div style="background-image: url('../../cdn.spesati.com/images/products/000109743/bauli-mini-croissant-cioccolato-al-60-di-cacao-75-g-01.png')">
            <div class="hover"></div>
            
            <div class="stickers"></div>
        </div>
    </a>
    <div>
        <h4><a href="../bauli-mini-croissant-cacao"><b>Bauli Mini Croissant Cacao</b></a></h4>
        <p class="description">Bauli Mini Croissant Cioccolato al 60% di Cacao 75 g</p>
        <p class="right price"><b>1.19 €</b></p>
        <p class="right unitPrice">15.87 € per kg</p>
    </div>
    <div class="contButton">
    <a class="button bgRed white addToCart" href="#">Add</a>
</div>
</div><div class="left product prod38"
        data-name="Croissant Bauli Albicocca 10 Pezzi 500Gr"
        data-price="5.55"
        data-id="5856"
        data-available="yes"
        data-category="6785"
        data-bestselling="2">
    <a href="../croissant-bauli-albicocca-10-pezzi-500gr">
        <div style="background-image: url('../../cdn.spesati.com/images/products/000109739/bauli-croissant-albicocca-10-x-50-g-01.png')">
            <div class="hover"></div>
            <p class="arrow bgRed white">Best Seller</p>
            <div class="stickers"></div>
        </div>
    </a>
    <div>
        <h4><a href="../croissant-bauli-albicocca-10-pezzi-500gr"><b>Croissant Bauli Albicocca 10 Pezzi 500Gr</b></a></h4>
        <p class="description">Bauli Croissant Albicocca 10 x 50 g</p>
        <p class="right price"><b>5.55 €</b></p>
        <p class="right unitPrice">11.10 € per kg</p>
    </div>
    <div class="contButton">
    <a class="button bgRed white addToCart" href="#">Add</a>
</div>
</div><div class="left product prod39"
        data-name="Croissant Bauli Albicocca 6 Pz"
        data-price="2.55"
        data-id="4215"
        data-available="yes"
        data-category="6785"
        data-bestselling="2">
    <a href="../croissant-bauli-albicocca-6-pz">
        <div style="background-image: url('../../cdn.spesati.com/images/products/000109737/bauli-croissant-albicocca-6-x-50-g-01.png')">
            <div class="hover"></div>
            <p class="arrow bgRed white">Best Seller</p>
            <div class="stickers"></div>
        </div>
    </a>
    <div>
        <h4><a href="../croissant-bauli-albicocca-6-pz"><b>Croissant Bauli Albicocca 6 Pz</b></a></h4>
        <p class="description">Bauli Croissant Albicocca 6 x 50 g</p>
        <p class="right price"><b>2.55 €</b></p>
        <p class="right unitPrice">8.50 € per kg</p>
    </div>
    <div class="contButton">
    <a class="button bgRed white addToCart" href="#">Add</a>
</div>
</div><div class="left product prod40"
        data-name="Croissant Bauli Ciliegia 10 Pezzi 500Gr"
        data-price="5.41"
        data-id="5858"
        data-available="yes"
        data-category="6785"
        data-bestselling="">
    <a href="../croissant-bauli-ciliegia-10-pezzi-500gr">
        <div style="background-image: url('../../cdn.spesati.com/images/products/000109727/bauli-croissant-ciliegia-10-x-50-g-01.png')">
            <div class="hover"></div>
            
            <div class="stickers"></div>
        </div>
    </a>
    <div>
        <h4><a href="../croissant-bauli-ciliegia-10-pezzi-500gr"><b>Croissant Bauli Ciliegia 10 Pezzi 500Gr</b></a></h4>
        <p class="description">Bauli Croissant Ciliegia 10 x 50 g</p>
        <p class="right price"><b>5.41 €</b></p>
        <p class="right unitPrice">10.81 € per kg</p>
    </div>
    <div class="contButton">
    <a class="button bgRed white addToCart" href="#">Add</a>
</div>
</div><div class="left product prod41"
        data-name="Croissant Bauli Ciliegia 6 Pz"
        data-price="2.55"
        data-id="25468"
        data-available="yes"
        data-category="6785"
        data-bestselling="">
    <a href="../croissant-bauli-ciliegia-6-pz">
        <div style="background-image: url('../../cdn.spesati.com/images/products/000109726/bauli-croissant-ciliegia-6-x-50-g-01.png')">
            <div class="hover"></div>
            
            <div class="stickers"></div>
        </div>
    </a>
    <div>
        <h4><a href="../croissant-bauli-ciliegia-6-pz"><b>Croissant Bauli Ciliegia 6 Pz</b></a></h4>
        <p class="description">Bauli Croissant Ciliegia 6 x 50 g</p>
        <p class="right price"><b>2.55 €</b></p>
        <p class="right unitPrice">8.50 € per kg</p>
    </div>
    <div class="contButton">
    <a class="button bgRed white addToCart" href="#">Add</a>
</div>
</div><div class="left product prod42"
        data-name="Croissant Bauli Cacao 10 Pezzi 500Gr"
        data-price="5.41"
        data-id="5857"
        data-available="yes"
        data-category="6785"
        data-bestselling="2">
    <a href="../croissant-bauli-cacao-10-pezzi-500gr">
        <div style="background-image: url('../../cdn.spesati.com/images/products/000109725/bauli-croissant-cioccolato-10-x-50-g-01.png')">
            <div class="hover"></div>
            <p class="arrow bgRed white">Best Seller</p>
            <div class="stickers"></div>
        </div>
    </a>
    <div>
        <h4><a href="../croissant-bauli-cacao-10-pezzi-500gr"><b>Croissant Bauli Cacao 10 Pezzi 500Gr</b></a></h4>
        <p class="description">Bauli Croissant Cioccolato 10 x 50 g</p>
        <p class="right price"><b>5.41 €</b></p>
        <p class="right unitPrice">10.81 € per kg</p>
    </div>
    <div class="contButton">
    <a class="button bgRed white addToCart" href="#">Add</a>
</div>
</div><div class="left product prod43"
        data-name="Croissant Bauli Cacao 6 Pz"
        data-price="2.55"
        data-id="25467"
        data-available="yes"
        data-category="6785"
        data-bestselling="1">
    <a href="../croissant-bauli-cacao-6-pz">
        <div style="background-image: url('../../cdn.spesati.com/images/products/000109723/bauli-croissant-cioccolato-6-x-50-g-01.png')">
            <div class="hover"></div>
            <p class="arrow bgRed white">Best Seller</p>
            <div class="stickers"></div>
        </div>
    </a>
    <div>
        <h4><a href="../croissant-bauli-cacao-6-pz"><b>Croissant Bauli Cacao 6 Pz</b></a></h4>
        <p class="description">Bauli Croissant Cioccolato 6 x 50 g</p>
        <p class="right price"><b>2.55 €</b></p>
        <p class="right unitPrice">8.50 € per kg</p>
    </div>
    <div class="contButton">
    <a class="button bgRed white addToCart" href="#">Add</a>
</div>
</div><div class="left product prod44"
        data-name="Croissant Bauli Classico 10 Pezzi 400Gr"
        data-price="5.00"
        data-id="5855"
        data-available="yes"
        data-category="6785"
        data-bestselling="">
    <a href="../croissant-bauli-classico-10-pezzi-400gr">
        <div style="background-image: url('../../cdn.spesati.com/images/products/000109719/bauli-croissant-classico-10-x-40-g-01.png')">
            <div class="hover"></div>
            
            <div class="stickers"></div>
        </div>
    </a>
    <div>
        <h4><a href="../croissant-bauli-classico-10-pezzi-400gr"><b>Croissant Bauli Classico 10 Pezzi 400Gr</b></a></h4>
        <p class="description">Bauli Croissant Classico 10 x 40 g</p>
        <p class="right price"><b>5.00 €</b></p>
        <p class="right unitPrice">12.51 € per kg</p>
    </div>
    <div class="contButton">
    <a class="button bgRed white addToCart" href="#">Add</a>
</div>
</div><div class="left product prod45"
        data-name="Croissant Bauli Classico 6 Pz"
        data-price="1.89"
        data-id="25466"
        data-available="yes"
        data-category="6785"
        data-bestselling="">
    <a href="../croissant-bauli-classico-6-pz">
        <div style="background-image: url('../../cdn.spesati.com/images/products/000109693/bauli-croissant-classico-6-x-40-g-01.png')">
            <div class="hover"></div>
            
            <div class="stickers"></div>
        </div>
    </a>
    <div>
        <h4><a href="../croissant-bauli-classico-6-pz"><b>Croissant Bauli Classico 6 Pz</b></a></h4>
        <p class="description">Bauli Croissant Classico 6 x 40 g</p>
        <p class="right price"><b>1.89 €</b></p>
        <p class="right unitPrice">7.88 € per kg</p>
    </div>
    <div class="contButton">
    <a class="button bgRed white addToCart" href="#">Add</a>
</div>
</div><div class="left product prod46"
        data-name="Merend Misur Corn Int Miel 300"
        data-price="4.70"
        data-id="25434"
        data-available="yes"
        data-category="6785"
        data-bestselling="">
    <a href="../merend-misur-corn-int-miel-300">
        <div style="background-image: url('../../cdn.spesati.com/images/products/000109308/misura-fibrextra-cornetti-al-miele-6-x-50-g-01.png')">
            <div class="hover"></div>
            
            <div class="stickers"></div>
        </div>
    </a>
    <div>
        <h4><a href="../merend-misur-corn-int-miel-300"><b>Merend Misur Corn Int Miel 300</b></a></h4>
        <p class="description">Misura Fibrextra Cornetti al Miele 6 x 50 g</p>
        <p class="right price"><b>4.70 €</b></p>
        <p class="right unitPrice">15.68 € per kg</p>
    </div>
    <div class="contButton">
    <a class="button bgRed white addToCart" href="#">Add</a>
</div>
</div><div class="left product prod47"
        data-name="Barilla Cornetto Albicocca"
        data-price="3.95"
        data-id="1439"
        data-available="yes"
        data-category="6785"
        data-bestselling="1">
    <a href="../barilla-cornetto-albicocca">
        <div style="background-image: url('../../cdn.spesati.com/images/products/000109292/mulino-bianco-cornetti-albicocca-merenda-senza-additivi-conservanti-6-pezzi-300g-01.png')">
            <div class="hover"></div>
            <p class="arrow bgRed white">Best Seller</p>
            <div class="stickers"></div>
        </div>
    </a>
    <div>
        <h4><a href="../barilla-cornetto-albicocca"><b>Barilla Cornetto Albicocca</b></a></h4>
        <p class="description">Mulino Bianco Cornetti Albicocca Merenda senza Additivi Conservanti 6 pezzi 300g</p>
        <p class="right price"><b>3.95 €</b></p>
        <p class="right unitPrice">13.17 € per kg</p>
    </div>
    <div class="contButton">
    <a class="button bgRed white addToCart" href="#">Add</a>
</div>
</div><div class="left product prod48"
        data-name="Barilla Nastrine"
        data-price="2.89"
        data-id="1447"
        data-available="yes"
        data-category="6785"
        data-bestselling="">
    <a href="../barilla-nastrine">
        <div style="background-image: url('../../cdn.spesati.com/images/products/000109247/mulino-bianco-nastrine-merenda-senza-additivi-conservanti-6-pezzi-240g-01.png')">
            <div class="hover"></div>
            
            <div class="stickers"></div>
        </div>
    </a>
    <div>
        <h4><a href="../barilla-nastrine"><b>Barilla Nastrine</b></a></h4>
        <p class="description">Mulino Bianco Nastrine Merenda Senza Additivi Conservanti 6 pezzi 240g</p>
        <p class="right price"><b>2.89 €</b></p>
        <p class="right unitPrice">12.05 € per kg</p>
    </div>
    <div class="contButton">
    <a class="button bgRed white addToCart" href="#">Add</a>
</div>
</div><div class="left product prod49"
        data-name="Misura Ciambelline Integrali 230Gr"
        data-price="3.41"
        data-id="4861"
        data-available="yes"
        data-category="6785"
        data-bestselling="">
    <a href="../misura-ciambelline-integrali-230gr">
        <div style="background-image: url('../../cdn.spesati.com/images/products/000109188/misura-fibrextra-6-ciambelline-230-g-01.png')">
            <div class="hover"></div>
            
            <div class="stickers"></div>
        </div>
    </a>
    <div>
        <h4><a href="../misura-ciambelline-integrali-230gr"><b>Misura Ciambelline Integrali 230Gr</b></a></h4>
        <p class="description">Misura Fibrextra 6 Ciambelline 230 g</p>
        <p class="right price"><b>3.41 €</b></p>
        <p class="right unitPrice">14.82 € per kg</p>
    </div>
    <div class="contButton">
    <a class="button bgRed white addToCart" href="#">Add</a>
</div>
</div><div class="left product prod50"
        data-name="Barilla Plumcake Gocce 10 Pezzi 350Gr"
        data-price="3.29"
        data-id="5863"
        data-available="yes"
        data-category="6785"
        data-bestselling="2">
    <a href="../barilla-plumcake-gocce-10-pezzi-350gr">
        <div style="background-image: url('../../cdn.spesati.com/images/products/000109156/mulino-bianco-plumcake-merenda-con-yogurt-italiano-e-gocce-di-cioccolato-10-pezzi-350g-01.png')">
            <div class="hover"></div>
            <p class="arrow bgRed white">Best Seller</p>
            <div class="stickers"></div>
        </div>
    </a>
    <div>
        <h4><a href="../barilla-plumcake-gocce-10-pezzi-350gr"><b>Barilla Plumcake Gocce 10 Pezzi 350Gr</b></a></h4>
        <p class="description">Mulino Bianco Plumcake Merenda con Yogurt italiano e Gocce di Cioccolato 10 pezzi 350g</p>
        <p class="right price"><b>3.29 €</b></p>
        <p class="right unitPrice">9.41 € per kg</p>
    </div>
    <div class="contButton">
    <a class="button bgRed white addToCart" href="#">Add</a>
</div>
</div><div class="left product prod51"
        data-name="Merende Mulino B Cornetti 6pz"
        data-price="2.89"
        data-id="59115"
        data-available="yes"
        data-category="6785"
        data-bestselling="">
    <a href="../merende-mulino-b-cornetti-6pz">
        <div style="background-image: url('../../cdn.spesati.com/images/products/000109109/mulino-bianco-cornetti-classici-merenda-senza-additivi-conservanti-6-pezzi-240g-01.png')">
            <div class="hover"></div>
            
            <div class="stickers"></div>
        </div>
    </a>
    <div>
        <h4><a href="../merende-mulino-b-cornetti-6pz"><b>Merende Mulino B Cornetti 6pz</b></a></h4>
        <p class="description">Mulino Bianco Cornetti Classici Merenda senza Additivi Conservanti 6 pezzi 240g</p>
        <p class="right price"><b>2.89 €</b></p>
        <p class="right unitPrice">12.05 € per kg</p>
    </div>
    <div class="contButton">
    <a class="button bgRed white addToCart" href="#">Add</a>
</div>
</div><div class="left product prod52"
        data-name="Barilla Pan Goccioli"
        data-price="3.65"
        data-id="4291"
        data-available="yes"
        data-category="6785"
        data-bestselling="1">
    <a href="../barilla-pan-goccioli">
        <div style="background-image: url('../../cdn.spesati.com/images/products/000109076/mulino-bianco-pan-goccioli-merenda-senza-additivi-conservanti-8-pezzi-336g-01.png')">
            <div class="hover"></div>
            <p class="arrow bgRed white">Best Seller</p>
            <div class="stickers"></div>
        </div>
    </a>
    <div>
        <h4><a href="../barilla-pan-goccioli"><b>Barilla Pan Goccioli</b></a></h4>
        <p class="description">Mulino Bianco Pan Goccioli Merenda senza additivi conservanti 8 pezzi 336g</p>
        <p class="right price"><b>3.65 €</b></p>
        <p class="right unitPrice">10.87 € per kg</p>
    </div>
    <div class="contButton">
    <a class="button bgRed white addToCart" href="#">Add</a>
</div>
</div><div class="left product prod53"
        data-name="Barilla Trancino"
        data-price="3.05"
        data-id="1452"
        data-available="yes"
        data-category="6785"
        data-bestselling="1">
    <a href="../barilla-trancino">
        <div style="background-image: url('../../cdn.spesati.com/images/products/000109060/mulino-bianco-trancino-merenda-senza-additivi-conservanti-12-pezzi-396-g-01.png')">
            <div class="hover"></div>
            <p class="arrow bgRed white">Best Seller</p>
            <div class="stickers"></div>
        </div>
    </a>
    <div>
        <h4><a href="../barilla-trancino"><b>Barilla Trancino</b></a></h4>
        <p class="description">Mulino Bianco Trancino Merenda Senza Additivi Conservanti 12 pezzi 396 g</p>
        <p class="right price"><b>3.05 €</b></p>
        <p class="right unitPrice">7.70 € per kg</p>
    </div>
    <div class="contButton">
    <a class="button bgRed white addToCart" href="#">Add</a>
</div>
</div><div class="left product prod54"
        data-name="Barilla Merendine Camille"
        data-price="4.65"
        data-id="1446"
        data-available="yes"
        data-category="6785"
        data-bestselling="3">
    <a href="../barilla-merendine-camille">
        <div style="background-image: url('../../cdn.spesati.com/images/products/000109050/mulino-bianco-camille-merenda-ricca-di-fibre-carote-mandorle-8-tortine-304g-01.png')">
            <div class="hover"></div>
            <p class="arrow bgRed white">Best Seller</p>
            <div class="stickers"></div>
        </div>
    </a>
    <div>
        <h4><a href="../barilla-merendine-camille"><b>Barilla Merendine Camille</b></a></h4>
        <p class="description">Mulino Bianco Camille Merenda Ricca di Fibre Carote Mandorle 8 tortine 304g</p>
        <p class="right price"><b>4.65 €</b></p>
        <p class="right unitPrice">15.29 € per kg</p>
    </div>
    <div class="contButton">
    <a class="button bgRed white addToCart" href="#">Add</a>
</div>
</div><div class="left product prod55"
        data-name="Cornetti Rdg Granella 5pz"
        data-price="3.39"
        data-id="83417"
        data-available="yes"
        data-category="6785"
        data-bestselling="">
    <a href="../cornetti-rdg-granella-5pz">
        <div style="background-image: url('../../cdn.spesati.com/images/products/missing-image/missing-image.jpg')">
            <div class="hover"></div>
            
            <div class="stickers"></div>
        </div>
    </a>
    <div>
        <h4><a href="../cornetti-rdg-granella-5pz"><b>Cornetti Rdg Granella 5pz</b></a></h4>
        <p class="description">0.28 Kg</p>
        <p class="right price"><b>3.39 €</b></p>
        <p class="right unitPrice">12.11 € per kg</p>
    </div>
    <div class="contButton">
    <a class="button bgRed white addToCart" href="#">Add</a>
</div>
</div><div class="left product prod56"
        data-name="Merend M Bianco Bontreccia 225"
        data-price="3.65"
        data-id="88968"
        data-available="yes"
        data-category="6785"
        data-bestselling="">
    <a href="../merend-m-bianco-bontreccia-225">
        <div style="background-image: url('../../cdn.spesati.com/images/products/missing-image/missing-image.jpg')">
            <div class="hover"></div>
            
            <div class="stickers"></div>
        </div>
    </a>
    <div>
        <h4><a href="../merend-m-bianco-bontreccia-225"><b>Merend M Bianco Bontreccia 225</b></a></h4>
        <p class="description">0.23 Kg</p>
        <p class="right price"><b>3.65 €</b></p>
        <p class="right unitPrice">15.87 € per kg</p>
    </div>
    <div class="contButton">
    <a class="button bgRed white addToCart" href="#">Add</a>
</div>
</div><div class="left product prod57"
        data-name="Merend Midi Farcifrut Alb 10pz"
        data-price="1.29"
        data-id="25476"
        data-available="yes"
        data-category="6785"
        data-bestselling="">
    <a href="../merend-midi-farcifrut-alb-10pz">
        <div style="background-image: url('../../cdn.spesati.com/images/products/missing-image/missing-image.jpg')">
            <div class="hover"></div>
            
            <div class="stickers"></div>
        </div>
    </a>
    <div>
        <h4><a href="../merend-midi-farcifrut-alb-10pz"><b>Merend Midi Farcifrut Alb 10pz</b></a></h4>
        <p class="description">0.28 Kg</p>
        <p class="right price"><b>1.29 €</b></p>
        <p class="right unitPrice">4.61 € per kg</p>
    </div>
    <div class="contButton">
    <a class="button bgRed white addToCart" href="#">Add</a>
</div>
</div><div class="left product prod58"
        data-name="Croissant Midi Albicocca 400gr"
        data-price="3.13"
        data-id="76721"
        data-available="no"
        data-category="6785"
        data-bestselling="">
    <a href="../croissant-midi-albicocca-400gr">
        <div style="background-image: url('../../cdn.spesati.com/images/products/000605835/midi-croissant-albicocca-8-x-50-g-01.png')">
            <div class="hover"></div>
            
            <div class="stickers"></div>
        </div>
    </a>
    <div>
        <h4><a href="../croissant-midi-albicocca-400gr"><b>Croissant Midi Albicocca 400gr</b></a></h4>
        <p class="description">Midi Croissant Albicocca 8 x 50 g</p>
        <p class="right price"><b>3.13 €</b></p>
        <p class="right unitPrice">7.83 € per kg</p>
    </div>
    <div class="notAvailable">
    <a class="button bgDarkGrey white" href="../croissant-midi-albicocca-400gr">Not available</a>
</div>
</div><div class="left product prod59"
        data-name="Croissant Midi Zuccherati 360g"
        data-price="2.82"
        data-id="76718"
        data-available="no"
        data-category="6785"
        data-bestselling="">
    <a href="../croissant-midi-zuccherati-360g">
        <div style="background-image: url('../../cdn.spesati.com/images/products/000604326/midi-croissant-zuccherato-9-x-40-g-01.png')">
            <div class="hover"></div>
            
            <div class="stickers"></div>
        </div>
    </a>
    <div>
        <h4><a href="../croissant-midi-zuccherati-360g"><b>Croissant Midi Zuccherati 360g</b></a></h4>
        <p class="description">Midi Croissant Zuccherato 9 x 40 g</p>
        <p class="right price"><b>2.82 €</b></p>
        <p class="right unitPrice">7.84 € per kg</p>
    </div>
    <div class="notAvailable">
    <a class="button bgDarkGrey white" href="../croissant-midi-zuccherati-360g">Not available</a>
</div>
</div><div class="left product prod60"
        data-name="Merend Nutrifr Cornet Clas 200"
        data-price="5.69"
        data-id="77254"
        data-available="no"
        data-category="6785"
        data-bestselling="">
    <a href="../merend-nutrifr-cornet-clas-200">
        <div style="background-image: url('../../cdn.spesati.com/images/products/000472379/nutrifree-cornetti-classici-senza-glutine-4-monoporzioni-200-g-01.png')">
            <div class="hover"></div>
            
            <div class="stickers"></div>
        </div>
    </a>
    <div>
        <h4><a href="../merend-nutrifr-cornet-clas-200"><b>Merend Nutrifr Cornet Clas 200</b></a></h4>
        <p class="description">Nutrifree Cornetti Classici Senza Glutine 4 Monoporzioni 200 g</p>
        <p class="right price"><b>5.69 €</b></p>
        <p class="right unitPrice">28.46 € per kg</p>
    </div>
    <div class="notAvailable">
    <a class="button bgDarkGrey white" href="../merend-nutrifr-cornet-clas-200">Not available</a>
</div>
</div><div class="left product prod61"
        data-name="Corn Misura Privolat Cioc 298g"
        data-price="3.79"
        data-id="84191"
        data-available="no"
        data-category="6785"
        data-bestselling="">
    <a href="../corn-misura-privolat-cioc-298g">
        <div style="background-image: url('../../cdn.spesati.com/images/products/000444144/misura-privolat-6-cornetti-al-cioccolato-298-g-01.png')">
            <div class="hover"></div>
            
            <div class="stickers"></div>
        </div>
    </a>
    <div>
        <h4><a href="../corn-misura-privolat-cioc-298g"><b>Corn Misura Privolat Cioc 298g</b></a></h4>
        <p class="description">Misura Privolat 6 Cornetti al Cioccolato 298 g</p>
        <p class="right price"><b>3.79 €</b></p>
        <p class="right unitPrice">12.63 € per kg</p>
    </div>
    <div class="notAvailable">
    <a class="button bgDarkGrey white" href="../corn-misura-privolat-cioc-298g">Not available</a>
</div>
</div><div class="left product prod62"
        data-name="Croissant Bauli S/zucch 5pz"
        data-price="3.05"
        data-id="67449"
        data-available="no"
        data-category="6785"
        data-bestselling="">
    <a href="../croissant-bauli-szucch-5pz">
        <div style="background-image: url('../../cdn.spesati.com/images/products/000438382/bauli-croissant-senza-zuccheri-aggiunti-5-x-37-g-01.png')">
            <div class="hover"></div>
            
            <div class="stickers"></div>
        </div>
    </a>
    <div>
        <h4><a href="../croissant-bauli-szucch-5pz"><b>Croissant Bauli S/zucch 5pz</b></a></h4>
        <p class="description">Bauli Croissant Senza Zuccheri Aggiunti 5 x 37 g</p>
        <p class="right price"><b>3.05 €</b></p>
        <p class="right unitPrice">16.05 € per kg</p>
    </div>
    <div class="notAvailable">
    <a class="button bgDarkGrey white" href="../croissant-bauli-szucch-5pz">Not available</a>
</div>
</div><div class="left product prod63"
        data-name="Barilla Mooncake 210Gr"
        data-price="3.95"
        data-id="5854"
        data-available="no"
        data-category="6785"
        data-bestselling="">
    <a href="../barilla-mooncake-210gr">
        <div style="background-image: url('../../cdn.spesati.com/images/products/000144028/pan-di-stelle-mooncake-tortino-al-cioccolato-210g-01.png')">
            <div class="hover"></div>
            
            <div class="stickers"></div>
        </div>
    </a>
    <div>
        <h4><a href="../barilla-mooncake-210gr"><b>Barilla Mooncake 210Gr</b></a></h4>
        <p class="description">Pan di Stelle Mooncake Tortino al Cioccolato 210g</p>
        <p class="right price"><b>3.95 €</b></p>
        <p class="right unitPrice">18.81 € per kg</p>
    </div>
    <div class="notAvailable">
    <a class="button bgDarkGrey white" href="../barilla-mooncake-210gr">Not available</a>
</div>
</div><div class="left product prod64"
        data-name="Croissant Di Kamut Bio 4x40gr"
        data-price="5.05"
        data-id="25639"
        data-available="no"
        data-category="6785"
        data-bestselling="">
    <a href="../croissant-di-kamut-bio-4x40gr">
        <div style="background-image: url('../../cdn.spesati.com/images/products/000111132/nattura-croissant-con-grano-kamut-senza-latte-bio-4-x-40-g-01.png')">
            <div class="hover"></div>
            
            <div class="stickers"></div>
        </div>
    </a>
    <div>
        <h4><a href="../croissant-di-kamut-bio-4x40gr"><b>Croissant Di Kamut Bio 4x40gr</b></a></h4>
        <p class="description">Náttúra Croissant con Grano Kamut senza latte Bio 4 x 40 g</p>
        <p class="right price"><b>5.05 €</b></p>
        <p class="right unitPrice">31.56 € per kg</p>
    </div>
    <div class="notAvailable">
    <a class="button bgDarkGrey white" href="../croissant-di-kamut-bio-4x40gr">Not available</a>
</div>
</div><div class="left product prod65"
        data-name="Pancakes Gecchele 240gr"
        data-price="3.09"
        data-id="27753"
        data-available="no"
        data-category="6785"
        data-bestselling="">
    <a href="../pancakes-gecchele-240gr">
        <div style="background-image: url('../../cdn.spesati.com/images/products/missing-image/missing-image.jpg')">
            <div class="hover"></div>
            
            <div class="stickers"></div>
        </div>
    </a>
    <div>
        <h4><a href="../pancakes-gecchele-240gr"><b>Pancakes Gecchele 240gr</b></a></h4>
        <p class="description">0.24 Kg</p>
        <p class="right price"><b>3.09 €</b></p>
        <p class="right unitPrice">12.87 € per kg</p>
    </div>
    <div class="notAvailable">
    <a class="button bgDarkGrey white" href="../pancakes-gecchele-240gr">Not available</a>
</div>
</div>        </div>
    </div>
</section>
<div class="footer">
    <div class="bgDarkGrey"></div>
    <footer>
        <div class="left bgDarkGrey">
            <a id="logoFooter" href="../index.html" class="estDynamic">
                <img src="../../cdn.spesati.com/images/layout/logo-eng.png" alt="Spesati.com" />
                <h2 class="red">Grocery Delivery</h2>
            </a>
            <a class="button bgRed white mobile" href="tel:390707968318">Phone order</a>
            <a class="button bgRed white desktop" href="../news/2020-04-07/news-on-spesati-the-telephone-order-service-is-active.html">Phone order</a>
            <a class="button bgRed white" href="../cdn-cgi/l/email-protection.html#3851565e57784b485d4b594c51165b5755">Send mail</a>
            <div id="social">
                <a class="left" href="https://www.facebook.com/spesati/" rel="external" target="_blank">
                    <span class="facebook bgRed fa-stack fa-lg">
                        <i class="fa fa-facebook fa-stack-1x "></i>
                    </span>
                </a>
                <a class="right" href="https://twitter.com/spesati" rel="external" target="_blank">
                    <span class="twitter bgRed fa-stack fa-lg">
                        <i class="fa fa-twitter fa-stack-1x "></i>
                    </span>
                </a>
            </div>
            <p>Copyright 2024 Spesati.com </p>
            
                    <p>All rights reserved</p>
                    <p>SPESATI SRL</p>
                    <p>Corso Vittorio Veneto 15/I, 07026, Olbia</p>
                    <p>CF e P.Iva: 02772380909</p>
                        </div>
        <div class="center bgRed">
            <div class="top">
                <h3>Categories</h3>
                <div class="col">
                    <ul>
                        <li>
                            <a href="#" class="estDynamic">On sale</a>
                        </li>
                        <li>
                            <a href="../fruit-and-vegetables.html" class="estDynamic">Fruit and vegetables</a>
                        </li>
                        <li>
                            <a href="../fresh-products.html" class="estDynamic">Fresh products</a>
                        </li>
                        <li>
                            <a href="../frozen-foods.html" class="estDynamic">Frozen foods</a>
                        </li>
                        <li>
                            <a href="../bread-and-pasta.html" class="estDynamic">Bread and pasta</a>
                        </li>
                        <li>
                            <a href="../meat.html" class="estDynamic">Meat</a>
                        </li>
                        <li>
                            <a href="../fish.html" class="estDynamic">Fish</a>
                        </li>
                    </ul>
                </div>
                <div class="col">
                    <ul>
                        <li>
                            <a href="../wine-beer-and-spirits.html" class="estDynamic">Wine beer and spirits</a>
                        </li>
                        <li>
                            <a href="../water-and-drinks.html" class="estDynamic">Water and drinks</a>
                        </li>
                        <li>
                            <a href="../sweets.html" class="estDynamic">Sweets</a>
                        </li>
                        <li>
                            <a href="../shelf.html" class="estDynamic">Cupboard</a>
                        </li>
                        <li>
                            <a href="../personal-care.html" class="estDynamic">Personal care</a>
                        </li>
                        <li>
                            <a href="../household-and-outdoors.html" class="estDynamic">Home and outdoors</a>
                        </li>
                        <li>
                            <a href="../pet.html" class="estDynamic">Pets</a>
                        </li>
                    </ul>
                </div>
                <div class="col">
                    <ul>
                        <li>
                            <a href="../technology.html" class="estDynamic">Technology</a>
                        </li>
                        <li>
                            <a href="../gluten-free.html" class="estDynamic">Gluten free</a>
                        </li>
                        <li>
                            <a href="../lactose-free.html" class="estDynamic">Lactose free</a>
                        </li>
                        <li>
                            <a href="../special.html" class="estDynamic">Special</a>
                        </li>
                        <li>
                            <a href="../sardinian-products.html" class="estDynamic">Sardinian products</a>
                        </li>
                    </ul>
                </div>
            </div>
            <div class="bottom bgRed">
                <div class="left">
                    <h3>Delivery payment</h3>
                    <div>
                        <i class="fa fa-money fa-3x" aria-hidden="true"></i>
                        <p>Cash</p>
                    </div>
                    <div>
                        <i class="fa fa-credit-card fa-3x" aria-hidden="true"></i>
                        <p>Bancomat or card</p>
                    </div>
                </div>
                <div class="right">
                    <h3>Online payment</h3>
                    <div>
                        <i class="fa fa-credit-card fa-3x" aria-hidden="true"></i>
                        <p>Credit or debit card <span class="red">online</span></p>
                    </div>
                    <div>
                        <i class="fa fa-paypal fa-3x" aria-hidden="true"></i>
                        <p>PayPal</p>
                    </div>
                    <div>
                        <i class="fa fa-university fa-3x" aria-hidden="true"></i>
                        <p>Bank transfer</p>
                    </div>
                </div>
            </div>
        </div>
        <div class="right bgRed">
            <div>
                <i class="fa fa-truck fa-flip-horizontal"></i>
                <a class="button bgYellow white" href="../delivery-prices.html">Delivery prices</a>
                
                    <h3>Home delivery:</h3>
                    <p><b>Monday to Saturday</b></p>
                    <p><b>9:00 to 20:00</b></p>
                    <p><b>Minimum order:</b> 29€</p>
                    <p><b>Delivery starting from:</b> 3,50€</p>
                            </div>
            <ul>
                <li>
                    <a href="../delivery-prices.html">Delivery prices</a>
                </li>
                <li>
                    <a href="../about.html">About</a>
                </li>
                <li>
                    <a href="../faq.html">Faq</a>
                </li>
                <li>
                    <a href="../customer-care.html">Support</a>
                </li>
                <li>
                    <a href="../news.html">Blog</a>
                </li>
                <li>
                    <a href="../terms-and-conditions.html">Conditions</a>
                </li>
                <li>
                    <a href="../privacy-policy.html">Privacy policy</a>
                </li>
                <li>
                    <a href="../legal-warranty.html">Legal guarantee</a>
                </li>
            </ul>
        </div>
    </footer>
    <div class="bgRed"></div>
</div>
<!--Start of Tawk.to Script-->
<script data-cfasync="false" src="../cdn-cgi/scripts/5c5dd728/cloudflare-static/email-decode.min.js"></script><script type="text/javascript">
var Tawk_API=Tawk_API||{}, Tawk_LoadStart=new Date();
(function(){
var s1=document.createElement("script"),s0=document.getElementsByTagName("script")[0];
s1.async=true;
s1.src='https://embed.tawk.to/59e86945c28eca75e4626ed9/default';
s1.charset='UTF-8';
s1.setAttribute('crossorigin','*');
s0.parentNode.insertBefore(s1,s0);
})();
</script>
<!--End of Tawk.to Script-->

<!-- Here are parked a few translatable strings, useful for Javascript rendering -->
<div id="js-texts" hidden>
    <input type="hidden" name="save_cart_notice" value="Saving your cart it will be possible to reload it next time you come for shopping">
    <input type="hidden" name="save_cart_notice_title" value="Want to save your cart?">
    <input type="hidden" name="save_cart_ok" value="Save">
    <input type="hidden" name="save_cart_ko" value="Don't Save">
    <input type="hidden" name="reload_cart" value="The Reload Order function allows you to top up your last cart to make a New Order. Warning: do not use this function to add products to the last order. At this time it is not possible to modify an order placed previously.">
</div>

<!-- new site and login popup -->
</body>
<!-- Mirrored from www.spesati.com/sweets/brioches by HTTrack Website Copier/3.x [XR&CO'2014], Fri, 23 Feb 2024 18:30:34 GMT -->
</html>