<!DOCTYPE html><html lang="en">
<!-- Mirrored from www.spesati.com/sweets/candy-and-chewing-gum by HTTrack Website Copier/3.x [XR&CO'2014], Fri, 23 Feb 2024 18:30:35 GMT -->
<!-- Added by HTTrack --><meta http-equiv="content-type" content="text/html;charset=utf-8" /><!-- /Added by HTTrack -->
<head>
    <title>Candy and chewing gum - Sweets - Spesati.com</title>
    <meta http-equiv="Content-Type" content="text/html; charset=UTF-8" />
    <meta name="description" content="" />
    <meta name="keywords" content="" />
    <link href="../images/favicon.ico" rel="shortcut icon" type="image/x-icon" />
    <meta name="author" content="www.dodify.com" /><link rel="canonical" href="candy-and-chewing-gum.html" /><link rel="alternate" hreflang="en" href="candy-and-chewing-gum.html" /><link rel="alternate" hreflang="it" href="https://www.spesati.it/dolci/caramelle-e-chewing-gum" /><link href="../../cdnjs.cloudflare.com/ajax/libs/meyer-reset/2.0/reset.min.css" rel="stylesheet" type="text/css" /><link href="../../cdnjs.cloudflare.com/ajax/libs/font-awesome/6.5.1/css/all.min.css" rel="stylesheet" type="text/css" /><link href="https://fonts.googleapis.com/css?family=Montserrat:400,700" rel="stylesheet" type="text/css" /><link href="../../cdnjs.cloudflare.com/ajax/libs/fancybox/2.1.5/jquery.fancybox.min.css" rel="stylesheet" type="text/css" /><link href="../style/mainbea6.css?v=7" rel="stylesheet" type="text/css" /><link href="../style/lightslider.css" rel="stylesheet" type="text/css" /><link href="../style/categories.css" rel="stylesheet" type="text/css" /><script src="../../cdnjs.cloudflare.com/ajax/libs/jquery/3.6.1/jquery.min.js" type="text/javascript"></script><script src="../../ajax.googleapis.com/ajax/libs/jquery/1.11.0/jquery.min.js" type="text/javascript"></script><script src="http://unpkg.com/@floating-ui/core@0.4.0" type="text/javascript"></script><script src="http://unpkg.com/@floating-ui/dom@0.2.0" type="text/javascript"></script><script src="../../cdnjs.cloudflare.com/ajax/libs/fancybox/2.1.5/jquery.fancybox.min.js" type="text/javascript"></script><script src="../js/menu.js" type="text/javascript"></script><script src="../js/interfaceb6f5.js?v=10" type="text/javascript"></script><script src="../js/spesati.lightslider.min.js" type="text/javascript"></script><meta name="viewport" content="width=device-width, initial-scale=1, maximum-scale=1" /><meta name = "format-detection" content = "telephone=no">
<!-- Facebook Pixel Code -->
<script>
  !function(f,b,e,v,n,t,s)
  {if(f.fbq)return;n=f.fbq=function(){n.callMethod?
  n.callMethod.apply(n,arguments):n.queue.push(arguments)};
  if(!f._fbq)f._fbq=n;n.push=n;n.loaded=!0;n.version='2.0';
  n.queue=[];t=b.createElement(e);t.async=!0;
  t.src=v;s=b.getElementsByTagName(e)[0];
  s.parentNode.insertBefore(t,s)}(window, document,'script',
  '../../connect.facebook.net/en_US/fbevents.js');
  fbq('init', '792335014180667');
  fbq('track', 'PageView');
</script>
<noscript>
    <img height="1" width="1" style="display:none" src="https://www.facebook.com/tr?id=792335014180667&amp;ev=PageView&amp;noscript=1" />
</noscript>
<!-- End Facebook Pixel Code -->

<!-- GA4 -->
<script async src="https://www.googletagmanager.com/gtag/js?id=G-SSS6NRNXL0"></script>
<script>
  window.dataLayer = window.dataLayer || [];
  function gtag(){dataLayer.push(arguments);}
  gtag('js', new Date());
  gtag('config', 'AW-976671669');
  gtag('config', 'G-SSS6NRNXL0');
</script>
<!-- Elements for PWA deploy -->
<link rel="manifest" href="../manifest.json">
<meta name="theme-color" media="(prefers-color-scheme: light)" content="white">
<meta name="theme-color" media="(prefers-color-scheme: dark)"  content="black">
<link href=../images/icon-192.png rel=apple-touch-icon sizes="192x192">
<!-- Establishment logic -->
<script>var pageEstablishment = "Olbia"; var estDefaultPages = true</script>
    <!--[if lt IE 9]>
        <script src="https://cdnjs.cloudflare.com/ajax/libs/html5shiv/3.7.3/html5shiv.min.js" type="text/javascript"></script>
    <![endif]--><script type="text/javascript">
$(document).ready(function() {
    // Check if exists cookie
    if(document.cookie.indexOf("cookieAccepted") < 0) {
        var cookieText = '<div id=\"cookie\"><p>This site uses cookies. Cookies are used for ads personalisation. <a href=\"/privacy-policy\">More info</a></p><button id=\"cookieConsent\" type=\"button\">Accept</button></div>';
        $("body").append($(
            cookieText
        ));
        $('#cookie').css({
            'width'           : '100%',
            'text-align'      : 'center',
            'color'           : '#FFFFFF',
            'background-color': '#000000', 
            'opacity'         : '.8', 
            'position'        : 'fixed', 
            'bottom'          : '0',
            'padding'         : '.5em 0',
            'z-index'         : '999'
        });
        $('#cookie > *').css({
            'display': 'inline'
        });
        $('#cookie a').css({
            'color'          : '#FFFFFF',
            'text-decoration': 'underline',
            'margin-right'   : '2%'
        });
        $('#cookieConsent').click(function() {
            // Set cookie
            var expiry = new Date();
            expiry.setTime(expiry.getTime() + (365 * 24 * 60 * 60 * 1000));
            document.cookie = "cookieAccepted=yes; expires=" + expiry.toGMTString() + "; path=/; domain=.spesati.com";
            $('#cookie').css({'display': 'none'});
        });
    }
});
</script></head><body><script type="text/javascript">
    var addText = "Add";
    var slider  = null;
    $(document).ready(function() {
        slider = $('#cartSlider').lightSlider({
            controls: false,
            item:13,
            loop:false,
            slideMove:1,
            easing: 'cubic-bezier(0.25, 0, 0.25, 1)',
            speed:600,
            responsive : [
                {
                    breakpoint:1400,
                    settings: {
                        item:12,
                        slideMove:1,
                    }
                },
                {
                    breakpoint:1200,
                    settings: {
                        item:11,
                        slideMove:1,
                    }
                },
                {
                    breakpoint:1080,
                    settings: {
                        item:14,
                        slideMove:1,
                    }
                },
                {
                    breakpoint:800,
                    settings: {
                        item:12,
                        slideMove:1,
                    }
                }
            ]
        });
        $('.lSPager').css("display","none");
        $('.lSAction').css("display","block");
        $('#goToPrevSlide').on('click', function () {
            slider.goToPrevSlide();
        });
        $('#goToNextSlide').on('click', function () {
            slider.goToNextSlide();
        });
    });

</script>
<div id="header" class="bgYellow">
    <header>
        <a class="menu" href="#"><i class="fa red fa-bars fa-2x"></i></a>
        <a id="logo" class="colLeft estDynamic" href="../index.html">
            <img src="../../cdn.spesati.com/images/layout/logo-eng.png" alt="Spesati.com" />
            <h2 class="red">Grocery Delivery</h2>
        </a>
        <div class="colRight">
            <div id="controls" class="right">
                <p id="establishmentControls">
                    <span class="establishmentWarning"><i class="fa-solid fa-triangle-exclamation red" title="Stai visualizzando i prodotti disponibili in una zona diversa. Se vuoi cambiare zona, cliccan qui"></i>&nbsp;&nbsp;</span>
                    Shopping from <b><a id="establishment" href="#"></a></b> <span id="estAddress">for </span> <a href="../change-establishment.html">(<i class="fa-solid fa-pencil"></i> Change)</a> <span class="establishmentWarning">but viewing <b>Olbia</b></span>
                </p>
                <p><a href="https://www.spesati.it/dolci/caramelle-e-chewing-gum" class="black switch-site">Versione italiana</a></p>                
            </div>
            <div>
                <form id="search" action="https://www.spesati.com/search" method="post" class="left">
                    <fieldset>
                        <div>
                            <input type="text" name="searchBox" id="searchBox" placeholder="Search for a product"></input>
                            <input id="searchButton" type="submit" name="searchButton" class="button bgRed white left" value="Find" />
                        </div>
                    </fieldset>
                </form>
                <div class="center left">
                    <a class="button bgRed white log-in" href="../login.html">Login</a>
                    <a class="button bgRed white sign-up" href="../sign-up.html">Sign up</a>
                    <a class="button bgRed white profile" href="../profile.html">Profile</a>
                    <a class="button bgRed white log-out" href="../index.html" data-endpoint-check-cart="https://api.spesati.com/cart/check">Logout</a>
                </div>
                <div class="right user-function-icons">
                    <a class="red left account"><i class="fa fa-user fa-3x"></i></a>
                    <div id="dropdown">
                        <a class="log-in button bgRed white" href="../login.html">Login</a>
                        <a class="sign-up button bgRed white" href="../sign-up.html">Sign up</a>
                        <a class="profile button bgRed white" href="../profile.html">Profile</a>
                        <a class="log-out button bgRed white" href="../index.html">Logout</a>
                    </div>

                    <div class="cart left">
                        <i class="fa fa-sm fa-shopping-cart red" aria-hidden="true" id="shipping-cart-button"></i>
                        <p id="cartQuantity"></p>
                    </div>

                    <a class="right" href="../cart.html"><p class="black" id="cartTotal"></p></a>
                </div>
            </div>
                            <div id="previewCart">
                    <i id="goToPrevSlide" class="yellow fa fa-angle-left fa-2x" aria-hidden="true"></i>
                    <div><ul id="cartSlider"></ul></div>
                    <i id="goToNextSlide" class="yellow fa fa-angle-right fa-2x" aria-hidden="true"></i>
                </div>
                    </div>
    </header>

    <div id="shipping-cart-options" data-inited="false">
        <a href="../cart.html" class="goto-cart">checkout</a>
        <a href="#" data-endpoint-auth="https://api.spesati.com/cart/save" data-endpoint-noauth="/login" class="save-cart">save</a>
        <a href="#" data-endpoint-auth="https://api.spesati.com/cart/load" class="load-cart">load</a>
    </div>
</div>
<div id="menuCategoriesMobile" class="mobile bgRed">
    <div class="closeMenu">
        <i class="fa fa-times fa-2x white"></i>
        Close
    </div>
    <ul class="bgRed white">
        <div id="langMobile" class="right">
        <a href="https://www.spesati.it/dolci/caramelle-e-chewing-gum" class="white switch-site"><p>Versione italiana</p></a>    </div>
        <li><a>Categories</a>
            <ul class="bgWhite">
                <li>
                    <img src="../../cdn.spesati.com/images/menu/on-sale.png"/>
                    On sale                    <i class="fa fa-angle-down" aria-hidden="true"></i>
                    <ul class="sub-menu">
                    <li>
    <a href="../tacchino-fesa-a-fette.html">Tacchino Fesa A Fette</a>
</li><li>
    <a href="../amaro-montenegro-15lt.html">Amaro Montenegro 1,5lt</a>
</li><li>
    <a href="../carbone-di-legna-sacco-10kg.html">Carbone Di Legna Sacco 10Kg</a>
</li><li>
    <a href="../filu-e-ferru-silvio-carta-70cl.html">Filu E Ferru Silvio Carta 70Cl</a>
</li><li>
    <a href="../braciole-suino-con-cotenna.html">Braciole Suino Con Cotenna</a>
</li><li>
    <a href="../bovino-adulto-polpa.html">Bovino Adulto Polpa</a>
</li><li>
    <a href="../vino-la-palma-cannonau-le-bombarde.html">Vino La Palma Cannonau Le Bombarde</a>
</li><li>
    <a href="../fettine-sceltissime-bovino-adulto.html">Fettine Sceltissime Bovino Adulto</a>
</li><li>
    <a href="../suino-fettine-scelte.html">Suino Fettine Scelte</a>
</li><li>
    <a href="../lavazza-caffe-qualita-rossa-2x250gr.html">Lavazza Caffé Qualità Rossa 2x250gr</a>
</li>                        <li>
                            <a class="estDynamic" href="../on-offer.html">All products on sale</a>
                        </li>
                    </ul>
                </li>
                <li>
                    <img src="../../cdn.spesati.com/images/menu/gift.png"/>
                    Gifts                    <i class="fa fa-angle-down" aria-hidden="true"></i>
                    <ul class="sub-menu">
                        <li>
    <a href="../gift-card-da-150.html">Gift Card Da 150</a>
</li><li>
    <a href="../gift-card-da-100.html">Gift Card Da 100</a>
</li><li>
    <a href="../gift-card-da-50.html">Gift Card Da 50</a>
</li><li>
    <a href="../gift-card-da-25.html">Gift Card Da 25</a>
</li>                        <li>
                            <a class="estDynamic" href="../gift.html">All products in the gifts category</a>
                        </li>
                    </ul>
                </li>
                <li>
                    <img src="../../cdn.spesati.com/images/menu/gift-card.png"/>
                    Gift card and discounts                    <i class="fa fa-angle-down" aria-hidden="true"></i>
                    <ul class="sub-menu">
                        <li>
    <a href="../gift-card-da-150.html">Gift Card Da 150</a>
</li><li>
    <a href="../gift-card-da-100.html">Gift Card Da 100</a>
</li><li>
    <a href="../gift-card-da-50.html">Gift Card Da 50</a>
</li><li>
    <a href="../gift-card-da-25.html">Gift Card Da 25</a>
</li>                    </ul>
                </li>
                <li>
                    <img src="../../cdn.spesati.com/images/menu/fuit-and-vegetables.png"/>
                    Fruit and vegetables                    <i class="fa fa-angle-down" aria-hidden="true"></i>
                    <ul class="sub-menu">
                        <li>
                            <a class="estDynamic" href="../fruit-and-vegetables/pulses-and-beans.html">Cereals and pulses and beans</a>
                        </li>
                        <li>
                            <a class="estDynamic" href="../fruit-and-vegetables/fruit.html">Fruit</a>
                        </li>
                        <li>
                            <a class="estDynamic" href="../fruit-and-vegetables/canned-fruit.html">Canned fruit</a>
                        </li>
                        <li>
                            <a class="estDynamic" href="../fruit-and-vegetables/dried-fruit.html">Dried fruit</a>
                        </li>
                        <li>
                            <a class="estDynamic" href="../fruit-and-vegetables/ready-salads.html">Ready salads</a>
                        </li>
                        <li>
                            <a class="estDynamic" href="../fruit-and-vegetables/fresh-spices.html">Fresh spices</a>
                        </li>
                        <li>
                            <a class="estDynamic" href="../fruit-and-vegetables/vegetables.html">Vegetables and soy</a>
                        </li>
                    </ul>
                </li>
                <li>
                    <img src="../../cdn.spesati.com/images/menu/fresh-products.png"/>
                    Fresh products                    <i class="fa fa-angle-down" aria-hidden="true"></i>
                    <ul class="sub-menu">
                        <li>
                            <a class="estDynamic" href="../fresh-products/margarine-and-butter.html">Butter and margarine</a>
                        </li>
                        <li>
                            <a class="estDynamic" href="../fresh-products/danone.html">Danone</a>
                        </li>
                        <li>
                            <a class="estDynamic" href="../fresh-products/dessert.html">Dessert</a>
                        </li>
                        <li>
                            <a class="estDynamic" href="../fresh-products/sweets.html">Sweets</a>
                        </li>
                        <li>
                            <a class="estDynamic" href="../fresh-products/dairy-products.html">Dairy product</a>
                        </li>
                        <li>
                            <a class="estDynamic" href="../fresh-products/bakery.html">Yeast</a>
                        </li>
                        <li>
                            <a class="estDynamic" href="../fresh-products/mascarpone.html">Mascarpone</a>
                        </li>
                        <li>
                            <a class="estDynamic" href="../fresh-products/snacks.html">Snacks</a>
                        </li>
                        <li>
                            <a class="estDynamic" href="../fresh-products/mozzarella.html">Mozzarella</a>
                        </li>
                        <li>
                            <a class="estDynamic" href="../fresh-products/pasta.html">Pasta</a>
                        </li>
                        <li>
                            <a class="estDynamic" href="../fresh-products/pesto-and-sauces.html">Pesto and sauces</a>
                        </li>
                        <li>
                            <a class="estDynamic" href="../fresh-products/ricotta-and-cheese.html">Ricotta and cheese</a>
                        </li>
                        <li>
                            <a class="estDynamic" href="../fresh-products/cured-meat.html">Cured meat</a>
                        </li>
                        <li>
                            <a class="estDynamic" href="../fresh-products/wurstel.html">Würstel</a>
                        </li>
                        <li>
                            <a class="estDynamic" href="../fresh-products/yogurt.html">Yogurt</a>
                        </li>
                    </ul>
                </li>
                <li>
                    <img src="../../cdn.spesati.com/images/menu/frozen-foods.png"/>
                    Frozen foods                    <i class="fa fa-angle-down" aria-hidden="true"></i>
                    <ul class="sub-menu">
                        <li>
                            <a class="estDynamic" href="../frozen-foods/meat.html">Meat</a>
                        </li>
                        <li>
                            <a class="estDynamic" href="../frozen-foods/ice-creams.html">Ice cream and sweet</a>
                        </li>
                        <li>
                            <a class="estDynamic" href="../frozen-foods/pasta.html">Pasta</a>
                        </li>
                        <li>
                            <a class="estDynamic" href="../frozen-foods/fish.html">Fish</a>
                        </li>
                        <li>
                            <a class="estDynamic" href="../frozen-foods/ready-meals.html">Ready meals</a>
                        </li>
                        <li>
                            <a class="estDynamic" href="../frozen-foods/pizzas.html">Pizzas</a>
                        </li>
                        <li>
                            <a class="estDynamic" href="../frozen-foods/vegetables.html">Vegetables and soy</a>
                        </li>
                    </ul>
                </li>
                <li>
                    <img src="../../cdn.spesati.com/images/menu/bread-and-pasta.png"/>
                    Bread and pasta                    <i class="fa fa-angle-down" aria-hidden="true"></i>
                    <ul class="sub-menu">
                        <li>
                            <a class="estDynamic" href="../bread-and-pasta/crackers.html">Crackers</a>
                        </li>
                        <li>
                            <a class="estDynamic" href="../bread-and-pasta/rusks.html">Rusks</a>
                        </li>
                        <li>
                            <a class="estDynamic" href="../bread-and-pasta/white-bread.html">White bread</a>
                        </li>
                        <li>
                            <a class="estDynamic" href="../bread-and-pasta/local-bread.html">Local bread</a>
                        </li>
                        <li>
                            <a class="estDynamic" href="../bread-and-pasta/soft-bread.html">Soft bread</a>
                        </li>
                        <li>
                            <a class="estDynamic" href="../bread-and-pasta/sardinian-bread.html">Sardinian bread</a>
                        </li>
                        <li>
                            <a class="estDynamic" href="../bread-and-pasta/bakery.html">Bakery</a>
                        </li>
                        <li>
                            <a class="estDynamic" href="../bread-and-pasta/pasta.html">Pasta</a>
                        </li>
                        <li>
                            <a class="estDynamic" href="../bread-and-pasta/fresh-pasta.html">Fresh pasta</a>
                        </li>
                    </ul>
                </li>
                <li>
                    <img src="../../cdn.spesati.com/images/menu/meat.png"/>
                    Meat                    <i class="fa fa-angle-down" aria-hidden="true"></i>
                    <ul class="sub-menu">
                        <li>
                            <a class="estDynamic" href="../meat/beef.html">Beef</a>
                        </li>
                        <li>
                            <a class="estDynamic" href="../meat/goat.html">Goat</a>
                        </li>
                        <li>
                            <a class="estDynamic" href="../meat/packaged-meat.html">Packaged meat</a>
                        </li>
                        <li>
                            <a class="estDynamic" href="../meat/rabbit.html">Rabbit</a>
                        </li>
                        <li>
                            <a class="estDynamic" href="../meat/horse.html">Horse</a>
                        </li>
                        <li>
                            <a class="estDynamic" href="../meat/pork.html">Pork</a>
                        </li>
                        <li>
                            <a class="estDynamic" href="../meat/lamb.html">Lamb</a>
                        </li>
                        <li>
                            <a class="estDynamic" href="../meat/poultry.html">Poultry</a>
                        </li>
                    </ul>
                </li>
                <li>
                    <img src="../../cdn.spesati.com/images/menu/fish.png"/>
                    Fish                    <i class="fa fa-angle-down" aria-hidden="true"></i>
                    <ul class="sub-menu">
                        <li>
                            <a class="estDynamic" href="../fish/fresh-water.html">Fresh water</a>
                        </li>
                        <li>
                            <a class="estDynamic" href="../fish/salt-water.html">Salt water</a>
                        </li>
                        <li>
                            <a class="estDynamic" href="../fish/mussels.html">Mussels</a>
                        </li>
                        <li>
                            <a class="estDynamic" href="../fish/dried-and-salted.html">Dried and salted</a>
                        </li>
                        <li>
                            <a class="estDynamic" href="../fish/seafood-salad.html">Seafood salad</a>
                        </li>
                        <li>
                            <a class="estDynamic" href="../fish/prepared.html">Prepared</a>
                        </li>
                        <li>
                            <a class="estDynamic" href="../fish/specialty.html">Specialty</a>
                        </li>   
                        <li>
                            <a class="estDynamic" href="../fish/tuna-and-salmon.html">Tuna and salmon</a>
                        </li>
                    </ul>
                </li>
                <li>
                    <img src="../../cdn.spesati.com/images/menu/alcohol.png"/>
                    Wine beer and spirits                    <i class="fa fa-angle-down" aria-hidden="true"></i>
                    <ul class="sub-menu">
                        <li>
                            <a class="estDynamic" href="../wine-beer-and-spirits/spirits-and-liquors.html">Alcohol</a>
                        </li>
                        <li>
                            <a class="estDynamic" href="../wine-beer-and-spirits/bitters.html">Bitters</a>
                        </li>
                        <li>
                            <a class="estDynamic" href="../wine-beer-and-spirits/aperatif.html">Aperatifs</a>
                        </li>
                        <li>
                            <a class="estDynamic" href="../wine-beer-and-spirits/beer.html">Beer</a>
                        </li>
                        <li>
                            <a class="estDynamic" href="../wine-beer-and-spirits/creams.html">Creams</a>
                        </li>
                        <li>
                            <a class="estDynamic" href="../wine-beer-and-spirits/spirits.html">Spirits</a>
                        </li>
                        <li>
                            <a class="estDynamic" href="../wine-beer-and-spirits/liquors.html">Liquors</a>
                        </li>
                        <li>
                            <a class="estDynamic" href="../wine-beer-and-spirits/white-wine.html">White wine</a>
                        </li>
                        <li>
                            <a class="estDynamic" href="../wine-beer-and-spirits/prosecco-wine.html">Prosecco wine</a>
                        </li>
                        <li>
                            <a class="estDynamic" href="../wine-beer-and-spirits/rose-wine.html">Rose wine</a>
                        </li>
                        <li>
                            <a class="estDynamic" href="../wine-beer-and-spirits/red-wine.html">Red wine</a>
                        </li>
                        <li>
                            <a class="estDynamic" href="../wine-beer-and-spirits/specialty-wine.html">Special wine</a>
                        </li>
                        <li>
                            <a class="estDynamic" href="../wine-beer-and-spirits/sparkling-wine.html">Sparkling wine</a>
                        </li>
                        <li>
                            <a class="estDynamic" href="../wine-beer-and-spirits/vermentino-wine.html">Vermentino wine</a>
                        </li>
                    </ul>
                </li>
                <li>
                    <img src="../../cdn.spesati.com/images/menu/water-and-drinks.png"/>
                    Water and drinks                    <i class="fa fa-angle-down" aria-hidden="true"></i>
                    <ul class="sub-menu">
                        <li>
                            <a class="estDynamic" href="../water-and-drinks/san-martino.html">San Martino</a>
                        </li>
                        <li>
                            <a class="estDynamic" href="../water-and-drinks/water.html">Water</a>
                        </li>
                        <li>
                            <a class="estDynamic" href="../water-and-drinks/alpro.html">Alpro</a>
                        </li>
                        <li>
                            <a class="estDynamic" href="../water-and-drinks/fizzy-drinks.html">Fizzy drinks</a>
                        </li>
                        <li>
                            <a class="estDynamic" href="../water-and-drinks/coca-cola.html">Coca-Cola</a>
                        </li>
                        <li>
                            <a class="estDynamic" href="../water-and-drinks/energy-drink.html">Energy drink</a>
                        </li>
                        <li>
                            <a class="estDynamic" href="../water-and-drinks/syrups.html">Syrups</a>
                        </li>
                        <li>
                            <a class="estDynamic" href="../water-and-drinks/supplements.html">Supplements</a>
                        </li>
                        <li>
                            <a class="estDynamic" href="../water-and-drinks/instant-drinks.html">Instant drinks</a>
                        </li>
                        <li>
                            <a class="estDynamic" href="../water-and-drinks/juice.html">Juice</a>
                        </li>
                        <li>
                            <a class="estDynamic" href="../water-and-drinks/tea.html">Tea</a>
                        </li>
                    </ul>
                </li>
                <li>
                    <img src="../../cdn.spesati.com/images/menu/sweets.png"/>
                    Sweets                    <i class="fa fa-angle-down" aria-hidden="true"></i>
                    <ul class="sub-menu">
                        <li>
                            <a class="estDynamic" href="bars-and-snacks.html">Bars and snacks</a>
                        </li>
                        <li>
                            <a class="estDynamic" href="biscuits.html">Biscuits</a>
                        </li>
                        <li>
                            <a class="estDynamic" href="brioches.html">Brioches</a>
                        </li>
                        <li>
                            <a class="estDynamic" href="candy-and-chewing-gum.html">Candy and chewing gum</a>
                        </li>
                        <li>
                            <a class="estDynamic" href="cereals.html">Cereals</a>
                        </li>
                        <li>
                            <a class="estDynamic" href="chocolate.html">Chocolate</a>
                        </li>
                        <li>
                            <a class="estDynamic" href="spreadable-creams.html">Spreads</a>
                        </li>
                        <li>
                            <a class="estDynamic" href="dessert-toppings.html">Dessert toppings</a>
                        </li>
                        <li>
                            <a class="estDynamic" href="jam.html">Jam</a>
                        </li>
                        <li>
                            <a class="estDynamic" href="honey.html">Honey</a>
                        </li>
                        <li>
                            <a class="estDynamic" href="panettoni-and-pandoro.html">Panettone and pandoro</a>
                        </li>
                        <li>
                            <a class="estDynamic" href="pastry.html">Pastry</a>
                        </li>
                        <li>
                            <a class="estDynamic" href="instant-dessert.html">Prepared</a>
                        </li>
                        <li>
                            <a class="estDynamic" href="cakes-and-pies.html">Cakes and pies</a>
                        </li>
                        <li>
                            <a class="estDynamic" href="easter-eggs-and-doves.html">Easter eggs and doves</a>
                        </li>
                    </ul>
                </li>
                <li>
                    <img src="../../cdn.spesati.com/images/menu/shelf.png"/>
                    Cupboard                    <i class="fa fa-angle-down" aria-hidden="true"></i>
                    <ul class="sub-menu">
                        <li>
                            <a class="estDynamic" href="../shelf/coffee.html">Coffee</a>
                        </li>
                        <li>
                            <a class="estDynamic" href="../shelf/gift-baskets.html">Gift baskets</a>
                        </li>
                        <li>
                            <a class="estDynamic" href="../shelf/stock-cubes.html">Nuts and preparations</a>
                        </li>
                        <li>
                            <a class="estDynamic" href="../shelf/flour-and-baking.html">Flour and baking</a>
                        </li>
                        <li>
                            <a class="estDynamic" href="../shelf/milk.html">Milk</a>
                        </li>
                        <li>
                            <a class="estDynamic" href="../shelf/oil-salt-vinegar.html">Oil, vinegar and salt</a>
                        </li>
                        <li>
                            <a class="estDynamic" href="../shelf/cream-and-bechamel.html">Cream and bechamel</a>
                        </li>
                        <li>
                            <a class="estDynamic" href="../shelf/crisps-and-pretzels.html">Crisps and pretzels</a>
                        </li>
                        <li>
                            <a class="estDynamic" href="../shelf/baby-and-infants-products.html">Early childhood products</a>
                        </li>
                        <li>
                            <a class="estDynamic" href="../shelf/rice.html">Rice</a>
                        </li>
                        <li>
                            <a class="estDynamic" href="../shelf/tins-and-preserves.html">Tins and Preserves</a>
                        </li>
                        <li>
                            <a class="estDynamic" href="../shelf/spices.html">Spices</a>
                        </li>
                        <li>
                            <a class="estDynamic" href="../shelf/sauces.html">Sauces</a>
                        </li>
                        <li>
                            <a class="estDynamic" href="../shelf/tea-and-infusions.html">Tea and infusions</a>
                        </li>
                        <li>
                            <a class="estDynamic" href="../shelf/eggs.html">Eggs</a>
                        </li>
                        <li>
                            <a class="estDynamic" href="../shelf/sugar-and-sweeteners.html">Sugar and sweeteners</a>
                        </li>
                    </ul>
                </li>
                <li>
                    <img src="../../cdn.spesati.com/images/menu/personal-care.png"/>
                    Personal care                    <i class="fa fa-angle-down" aria-hidden="true"></i>
                    <ul class="sub-menu">
                        <li>
                            <a class="estDynamic" href="../personal-care/accessories-and-cotton.html">Accessories and cotton</a>
                        </li>
                        <li>
                            <a class="estDynamic" href="../personal-care/feminine-care-incontinence-and-baby-diapers.html">Feminine incontinence and diapers</a>
                        </li>
                        <li>
                            <a class="estDynamic" href="../personal-care/shower-gel.html">Shower gel</a>
                        </li>
                        <li>
                            <a class="estDynamic" href="../personal-care/creams.html">Creams</a>
                        </li>
                        <li>
                            <a class="estDynamic" href="../personal-care/deodorant.html">Deodorant</a>
                        </li>
                        <li>
                            <a class="estDynamic" href="../personal-care/hair-removal.html">Hair removal</a>
                        </li>
                        <li>
                            <a class="estDynamic" href="../personal-care/disinfectants.html">Disinfectants</a>
                        </li>
                        <li>
                            <a class="estDynamic" href="../personal-care/oral-hygiene.html">Oral hygiene</a>
                        </li>
                        <li>
                            <a class="estDynamic" href="../personal-care/supplements-and-multivitamins.html">Supplements and multivitamins</a>
                        </li>
                        <li>
                            <a class="estDynamic" href="../personal-care/first-aid.html">First aid label</a>
                        </li>
                        <li>
                            <a class="estDynamic" href="../personal-care/beard-products.html">Beard products</a>
                        </li>
                        <li>
                            <a class="estDynamic" href="../personal-care/hairs-products.html">Hair products</a>
                        </li>
                        <li>
                            <a class="estDynamic" href="../personal-care/perfume.html">Perfumes</a>
                        </li>
                        <li>
                            <a class="estDynamic" href="../personal-care/wipes.html">Wipes</a>
                        </li>
                        <li>
                            <a class="estDynamic" href="../personal-care/soaps-and-body-wash.html">Soaps and body wash</a>
                        </li>
                        <li>
                            <a class="estDynamic" href="../personal-care/shampoo-and-conditioner.html">Shampoo and conditioner</a>
                        </li>
                    </ul>
                </li>
                <li>
                    <img src="../../cdn.spesati.com/images/menu/pellet-and-home.png"/>
                    Home and outdoors                    <i class="fa fa-angle-down" aria-hidden="true"></i>
                    <ul class="sub-menu">
                        <li>
                            <a class="estDynamic" href="../household-and-outdoors/distilled-water.html">Distilled water</a>
                        </li>
                        <li>
                            <a class="estDynamic" href="../household-and-outdoors/car-products.html">Cars</a>
                        </li>
                        <li>
                            <a class="estDynamic" href="../household-and-outdoors/bin-bags-and-buckets.html">Bin bags and buckets</a>
                        </li>
                        <li>
                            <a class="estDynamic" href="../household-and-outdoors/bleach-and-stain-removers.html">Bleach and stain removers</a>
                        </li>
                        <li>
                            <a class="estDynamic" href="../household-and-outdoors/candles.html">Candles</a>
                        </li>
                        <li>
                            <a class="estDynamic" href="../household-and-outdoors/kitchen-roll.html">Kitchen roll</a>
                        </li>
                        <li>
                            <a class="estDynamic" href="../household-and-outdoors/air-fresheners.html">Air fresheners</a>
                        </li>
                        <li>
                            <a class="estDynamic" href="../household-and-outdoors/laundry-accessories-and-detergent.html">Laundry detergent</a>
                        </li>
                        <li>
                            <a class="estDynamic" href="../household-and-outdoors/dishwasher-and-washing-up.html">Dishwasher and washing up</a>
                        </li>
                        <li>
                            <a class="estDynamic" href="../household-and-outdoors/gardening.html">Gardening</a>
                        </li>
                        <li>
                            <a class="estDynamic" href="../household-and-outdoors/light-bulbs-and-batteries.html">Lightbulbs and batteries</a>
                        </li>
                        <li>
                            <a class="estDynamic" href="../household-and-outdoors/pellet-and-bbq.html">Pellet and BBQ</a>
                        </li>
                        <li>
                            <a class="estDynamic" href="../household-and-outdoors/bathroom-products.html">Bathroom products</a>
                        </li>
                        <li>
                            <a class="estDynamic" href="../household-and-outdoors/home-and-furniture-products.html">Home and furniture products</a>
                        </li>
                        <li>
                            <a class="estDynamic" href="../household-and-outdoors/kitchen-products.html">Kitchen products</a>
                        </li>
                        <li>
                            <a class="estDynamic" href="../household-and-outdoors/window-and-floor-cleaners.html">Window and floor cleaner</a>
                        </li>
                        <li>
                            <a class="estDynamic" href="../household-and-outdoors/repellents.html">Repellents</a>
                        </li>
                        <li>
                            <a class="estDynamic" href="../household-and-outdoors/disposable-tableware.html">Disposable tableware</a>
                        </li>
                    </ul>
                </li>
                <li>
                    <img src="../../cdn.spesati.com/images/menu/animals.png"/>
                    Pets                    <i class="fa fa-angle-down" aria-hidden="true"></i>
                    <ul class="sub-menu">
                        <li>
                            <a class="estDynamic" href="../pets/pet-food-other-animals.html">Other animals pet food</a>
                        </li>
                        <li>
                            <a class="estDynamic" href="../pets/pet-food-dogs.html">Pet food dogs</a>
                        </li>
                        <li>
                            <a class="estDynamic" href="../pets/pet-food-cats.html">Pet food cats</a>
                        </li>
                        <li>
                            <a class="estDynamic" href="../pets/hygiene-and-cleaning.html">Hygiene and cleaning</a>
                        </li>
                    </ul>
                </li>
                <li>
                    <img src="../../cdn.spesati.com/images/menu/technology.png"/>
                    Technology                    <i class="fa fa-angle-down" aria-hidden="true"></i>
                    <ul class="sub-menu">
                        <li>
                            <a class="estDynamic" href="../technology/accessories.html">Accessories</a>
                        </li>
                        <li>
                            <a class="estDynamic" href="../technology/computer.html">Computer</a>
                        </li>
                        <li>
                            <a class="estDynamic" href="../technology/telephones.html">Telephones</a>
                        </li>
                        <li>
                            <a class="estDynamic" href="../technology/tv.html">TV</a>
                        </li>
                    </ul>
                </li>
                <li>
                    <img src="../../cdn.spesati.com/images/menu/gluten-free.png"/>
                    Gluten free                    <i class="fa fa-angle-down" aria-hidden="true"></i>
                    <ul class="sub-menu">
                        <li>
                            <a class="estDynamic" href="../gluten-free/frozen-foods.html">Frozen foods</a>
                        </li>
                        <li>
                            <a class="estDynamic" href="../gluten-free/beer.html">Beer</a>
                        </li>
                        <li>
                            <a class="estDynamic" href="../gluten-free/sweets.html">Sweets</a>
                        </li>
                        <li>
                            <a class="estDynamic" href="../gluten-free/bread-and-pasta.html">Bread and pasta</a>
                        </li>
                        <li>
                            <a class="estDynamic" href="../gluten-free/shelf.html">Cupboard</a>
                        </li>
                    </ul>
                </li>
                <li>
                    <img src="../../cdn.spesati.com/images/menu/lactose-free.png"/>
                    Lactose free                    <i class="fa fa-angle-down" aria-hidden="true"></i>
                    <ul class="sub-menu">
                        <li>
                            <a class="estDynamic" href="../lactose-free/frozen-foods.html">Frozen foods</a>
                        </li>
                        <li>
                            <a class="estDynamic" href="../lactose-free/sweets.html">Sweets</a>
                        </li>
                        <li>
                            <a class="estDynamic" href="../lactose-free/dairy-product.html">Dairy product</a>
                        </li>
                        <li>
                            <a class="estDynamic" href="../lactose-free/shelf.html">Cupboard</a>
                        </li>
                    </ul>
                </li>
                <li>
                    <img src="../../cdn.spesati.com/images/menu/special.png"/>
                    Special                    <i class="fa fa-angle-down" aria-hidden="true"></i>
                    <ul class="sub-menu">
                        <li>
                            <a class="estDynamic" href="../special/alpro.html">Alpro</a>
                        </li>
                        <li>
                            <a class="estDynamic" href="../special/organic.html">Biological</a>
                        </li>
                        <li>
                            <a class="estDynamic" href="../special/meat.html">Meat</a>
                        </li>
                        <li>
                            <a class="estDynamic" href="../special/wholegrain.html">Wholegrain</a>
                        </li>
                        <li>
                            <a class="estDynamic" href="../special/bread-and-pasta.html">Bread and pasta</a>
                        </li>
                        <li>
                            <a class="estDynamic" href="../special/vegan.html">Vegan</a>
                        </li>
                    </ul>
                </li>
                <li>
                    <img src="../../cdn.spesati.com/images/menu/sardinian-products.png"/>
                    Sardinian products                    <i class="fa fa-angle-down" aria-hidden="true"></i>
                    <ul class="sub-menu">
                        <li>
                            <a class="estDynamic" href="../sardinian-products/drinks.html">Drinks</a>
                        </li>
                        <li>
                            <a class="estDynamic" href="../sardinian-products/meat.html">Meat</a>
                        </li>
                        <li>
                            <a class="estDynamic" href="../sardinian-products/sweets.html">Sweets</a>
                        </li>
                        <li>
                            <a class="estDynamic" href="../sardinian-products/fruit-and-vegetables.html">Fruit and vegetables</a>
                        </li>
                        <li>
                            <a class="estDynamic" href="../sardinian-products/ichnusa.html">Ichnusa</a>
                        </li>
                        <li>
                            <a class="estDynamic" href="../sardinian-products/dairy-product.html">Dairy product</a>
                        </li>
                        <li>
                            <a class="estDynamic" href="../sardinian-products/bread-and-pasta.html">Bread and pasta</a>
                        </li>
                        <li>
                            <a class="estDynamic" href="../sardinian-products/fish.html">Fish</a>
                        </li>
                        <li>
                            <a class="estDynamic" href="../sardinian-products/cured-meat.html">Cured meat</a>
                        </li>
                        <li>
                            <a class="estDynamic" href="../sardinian-products/shelf.html">Cupboard</a>
                        </li>
                        <li>
                            <a class="estDynamic" href="../sardinian-products/vermentino-wine.html">Vermentino wine</a>
                        </li>
                        <li>
                            <a class="estDynamic" href="../sardinian-products/wine-beer-and-spirits.html">Wine beer and spirits</a>
                        </li>
                    </ul>
                </li>
            </ul>
        </li>
        <li>
            <a href="../about.html">About</a>
        </li>
        <li>
            <a href="../faq.html">Faq</a>
        </li>
        <li>
            <a href="../customer-care.html">Support</a>
        </li>
        <li>
            <a href="../news.html">Blog</a>
        </li>
        <li>
            <a href="../terms-and-conditions.html">Conditions</a>
        </li>
        <li>
            <a href="../privacy-policy.html">Privacy policy</a>
        </li>
        <li>
            <a href="../login.html">Login</a>
        </li>
        <li>
             <a href="../sign-up.html">Sign up</a>
        </li>
    </ul>
</div><section class="first">
    <div id="menuCategories" class="colLeft">
    <ul id="main_nav" >
        <li>
            <a class="estDynamic" href="../on-offer.html">
               <img src="../../cdn.spesati.com/images/menu/on-sale.png"/>
               On sale            </a>
            <i class="fa fa-angle-right" aria-hidden="true"></i>
            <ul class="sub-menu">
                <li>
    <a href="../tacchino-fesa-a-fette.html" class="estDynamic">Tacchino Fesa A Fette</a>
</li><li>
    <a href="../amaro-montenegro-15lt.html" class="estDynamic">Amaro Montenegro 1,5lt</a>
</li><li>
    <a href="../carbone-di-legna-sacco-10kg.html" class="estDynamic">Carbone Di Legna Sacco 10Kg</a>
</li><li>
    <a href="../filu-e-ferru-silvio-carta-70cl.html" class="estDynamic">Filu E Ferru Silvio Carta 70Cl</a>
</li><li>
    <a href="../braciole-suino-con-cotenna.html" class="estDynamic">Braciole Suino Con Cotenna</a>
</li><li>
    <a href="../bovino-adulto-polpa.html" class="estDynamic">Bovino Adulto Polpa</a>
</li><li>
    <a href="../vino-la-palma-cannonau-le-bombarde.html" class="estDynamic">Vino La Palma Cannonau Le Bombarde</a>
</li><li>
    <a href="../fettine-sceltissime-bovino-adulto.html" class="estDynamic">Fettine Sceltissime Bovino Adulto</a>
</li><li>
    <a href="../suino-fettine-scelte.html" class="estDynamic">Suino Fettine Scelte</a>
</li><li>
    <a href="../lavazza-caffe-qualita-rossa-2x250gr.html" class="estDynamic">Lavazza Caffé Qualità Rossa 2x250gr</a>
</li>                <li>
                    <a class="estDynamic" href="../on-offer.html">All products on sale</a>
                </li>
            </ul>
        </li>
        <li>
            <a class="estDynamic" href="../gift.html">
               <img src="../../cdn.spesati.com/images/menu/gift.png"/>
               Gifts            </a>
            <i class="fa fa-angle-right" aria-hidden="true"></i>
            <ul class="sub-menu">
                <li>
    <a href="../gift-card-da-150.html" class="estDynamic">Gift Card Da 150</a>
</li><li>
    <a href="../gift-card-da-100.html" class="estDynamic">Gift Card Da 100</a>
</li><li>
    <a href="../gift-card-da-50.html" class="estDynamic">Gift Card Da 50</a>
</li><li>
    <a href="../gift-card-da-25.html" class="estDynamic">Gift Card Da 25</a>
</li>                <li>
                    <a class="estDynamic" href="../gift.html">All products in the gifts category</a>
                </li>
            </ul>
        </li>
        <li>
            <a class="estDynamic" href="../gift-card.html">
               <img src="../../cdn.spesati.com/images/menu/gift-card.png"/>
               Gift card and discounts            </a>
            <i class="fa fa-angle-right" aria-hidden="true"></i>
            <ul class="sub-menu">
                <li>
    <a href="../gift-card-da-150.html">Gift Card Da 150</a>
</li><li>
    <a href="../gift-card-da-100.html">Gift Card Da 100</a>
</li><li>
    <a href="../gift-card-da-50.html">Gift Card Da 50</a>
</li><li>
    <a href="../gift-card-da-25.html">Gift Card Da 25</a>
</li>            </ul>
        </li>
        <li>
            <a class="estDynamic" href="../fruit-and-vegetables.html">
               <img src="../../cdn.spesati.com/images/menu/fuit-and-vegetables.png"/>
               Fruit and vegetables           </a>
            <i class="fa fa-angle-right" aria-hidden="true"></i>
            <ul class="sub-menu">
                <li>
                    <a class="estDynamic" href="../fruit-and-vegetables/pulses-and-beans.html">Cereals and pulses and beans</a>
                </li>
                <li>
                    <a class="estDynamic" href="../fruit-and-vegetables/fruit.html">Fruit</a>
                </li>
                <li>
                    <a class="estDynamic" href="../fruit-and-vegetables/canned-fruit.html">Canned fruit</a>
                </li>
                <li>
                    <a class="estDynamic" href="../fruit-and-vegetables/dried-fruit.html">Dried fruit</a>
                </li>
                <li>
                    <a class="estDynamic" href="../fruit-and-vegetables/ready-salads.html">Ready salads</a>
                </li>
                <li>
                    <a class="estDynamic" href="../fruit-and-vegetables/fresh-spices.html">Fresh spices</a>
                </li>
                <li>
                    <a class="estDynamic" href="../fruit-and-vegetables/vegetables.html">Vegetables and soy</a>
                </li>
            </ul>
        </li>
        <li>
            <a class="estDynamic" href="../fresh-products.html">
                <img src="../../cdn.spesati.com/images/menu/fresh-products.png"/>
                Fresh products            </a>
            <i class="fa fa-angle-right" aria-hidden="true"></i>
            <ul class="sub-menu">
                <li>
                    <a class="estDynamic" href="../fresh-products/margarine-and-butter.html">Butter and margarine</a>
                </li>
                <li>
                    <a class="estDynamic" href="../fresh-products/danone.html">Danone</a>
                </li>
                <li>
                    <a class="estDynamic" href="../fresh-products/dessert.html">Dessert</a>
                </li>
                <li>
                    <a class="estDynamic" href="../fresh-products/sweets.html">Sweets</a>
                </li>
                <li>
                    <a class="estDynamic" href="../fresh-products/dairy-products.html">Dairy product</a>
                </li>
                <li>
                    <a class="estDynamic" href="../fresh-products/bakery.html">Yeast</a>
                </li>
                <li>
                    <a class="estDynamic" href="../fresh-products/mascarpone.html">Mascarpone</a>
                </li>
                <li>
                    <a class="estDynamic" href="../fresh-products/snacks.html">Snacks</a>
                </li>
                <li>
                    <a class="estDynamic" href="../fresh-products/mozzarella.html">Mozzarella</a>
                </li>
                <li>
                    <a class="estDynamic" href="../fresh-products/pasta.html">Pasta</a>
                </li>
                <li>
                    <a class="estDynamic" href="../fresh-products/pesto-and-sauces.html">Pesto and sauces</a>
                </li>
                <li>
                    <a class="estDynamic" href="../fresh-products/ricotta-and-cheese.html">Ricotta and cheese</a>
                </li>
                <li>
                    <a class="estDynamic" href="../fresh-products/cured-meat.html">Cured meat</a>
                </li>
                <li>
                    <a class="estDynamic" href="../fresh-products/wurstel.html">Würstel</a>
                </li>
                <li>
                    <a class="estDynamic" href="../fresh-products/yogurt.html">Yogurt</a>
                </li>
            </ul>
        </li>
        <li>
            <a class="estDynamic" href="../frozen-foods.html">
                <img src="../../cdn.spesati.com/images/menu/frozen-foods.png"/>
                Frozen foods            </a>
            <i class="fa fa-angle-right" aria-hidden="true"></i>
            <ul class="sub-menu">
                <li>
                    <a class="estDynamic" href="../frozen-foods/meat.html">Meat</a>
                </li>
                <li>
                    <a class="estDynamic" href="../frozen-foods/ice-creams.html">Ice cream and sweet</a>
                </li>
                <li>
                    <a class="estDynamic" href="../frozen-foods/pasta.html">Pasta</a>
                </li>
                <li>
                    <a class="estDynamic" href="../frozen-foods/fish.html">Fish</a>
                </li>
                <li>
                    <a class="estDynamic" href="../frozen-foods/ready-meals.html">Ready meals</a>
                </li>
                <li>
                    <a class="estDynamic" href="../frozen-foods/pizzas.html">Pizzas</a>
                </li>
                <li>
                    <a class="estDynamic" href="../frozen-foods/vegetables.html">Vegetables and soy</a>
                </li>
            </ul>
        </li>
        <li>
            <a class="estDynamic" href="../bread-and-pasta.html">
                <img src="../../cdn.spesati.com/images/menu/bread-and-pasta.png"/>
                Bread and pasta            </a>
            <i class="fa fa-angle-right" aria-hidden="true"></i>
            <ul class="sub-menu">
                <li>
                    <a class="estDynamic" href="../bread-and-pasta/crackers.html">Crackers</a>
                </li>
                <li>
                    <a class="estDynamic" href="../bread-and-pasta/rusks.html">Rusks</a>
                </li>
                <li>
                    <a class="estDynamic" href="../bread-and-pasta/white-bread.html">White bread</a>
                </li>
                <li>
                    <a class="estDynamic" href="../bread-and-pasta/local-bread.html">Local bread</a>
                </li>
                <li>
                    <a class="estDynamic" href="../bread-and-pasta/soft-bread.html">Soft bread</a>
                </li>
                <li>
                    <a class="estDynamic" href="../bread-and-pasta/sardinian-bread.html">Sardinian bread</a>
                </li>
                <li>
                    <a class="estDynamic" href="../bread-and-pasta/bakery.html">Bakery</a>
                </li>
                <li>
                    <a class="estDynamic" href="../bread-and-pasta/pasta.html">Pasta</a>
                </li>
                <li>
                    <a class="estDynamic" href="../bread-and-pasta/fresh-pasta.html">Fresh pasta</a>
                </li>
            </ul>
        </li>
        <li>
            <a class="estDynamic" href="../meat.html">
                <img src="../../cdn.spesati.com/images/menu/meat.png"/>
                Meat            </a>
            <i class="fa fa-angle-right" aria-hidden="true"></i>
            <ul class="sub-menu">
                <li>
                    <a class="estDynamic" href="../meat/beef.html">Beef</a>
                </li>
                <li>
                    <a class="estDynamic" href="../meat/goat.html">Goat</a>
                </li>
                <li>
                    <a class="estDynamic" href="../meat/packaged-meat.html">Packaged meat</a>
                </li>
                <li>
                    <a class="estDynamic" href="../meat/rabbit.html">Rabbit</a>
                </li>
                <li>
                    <a class="estDynamic" href="../meat/horse.html">Horse</a>
                </li>
                <li>
                    <a class="estDynamic" href="../meat/pork.html">Pork</a>
                </li>
                <li>
                    <a class="estDynamic" href="../meat/lamb.html">Lamb</a>
                </li>
                <li>
                    <a class="estDynamic" href="../meat/poultry.html">Poultry</a>
                </li>
            </ul>
        </li>
        <li>
            <a class="estDynamic" href="../fish.html">
                <img src="../../cdn.spesati.com/images/menu/fish.png"/>
                Fish            </a>
            <i class="fa fa-angle-right" aria-hidden="true"></i>
            <ul class="sub-menu">
                <li>
                    <a class="estDynamic" href="../fish/fresh-water.html">Fresh water</a>
                </li>
                <li>
                    <a class="estDynamic" href="../fish/salt-water.html">Salt water</a>
                </li>
                <li>
                    <a class="estDynamic" href="../fish/mussels.html">Mussels</a>
                </li>
                <li>
                    <a class="estDynamic" href="../fish/dried-and-salted.html">Dried and salted</a>
                </li>
                <li>
                    <a class="estDynamic" href="../fish/seafood-salad.html">Seafood salad</a>
                </li>
                <li>
                    <a class="estDynamic" href="../fish/prepared.html">Prepared</a>
                </li>
                <li>
                    <a class="estDynamic" href="../fish/specialty.html">Specialty</a>
                </li>   
                <li>
                    <a class="estDynamic" href="../fish/tuna-and-salmon.html">Tuna and salmon</a>
                </li>
            </ul>
        </li>
        <li>
            <a class="estDynamic" href="../wine-beer-and-spirits.html">
                <img src="../../cdn.spesati.com/images/menu/alcohol.png"/>
                Wine beer and spirits            </a>
            <i class="fa fa-angle-right" aria-hidden="true"></i>
            <ul class="sub-menu">
                <li>
                    <a class="estDynamic" href="../wine-beer-and-spirits/spirits-and-liquors.html">Alcohol</a>
                </li>
                <li>
                    <a class="estDynamic" href="../wine-beer-and-spirits/bitters.html">Bitters</a>
                </li>
                <li>
                    <a class="estDynamic" href="../wine-beer-and-spirits/aperatif.html">Aperatifs</a>
                </li>
                <li>
                    <a class="estDynamic" href="../wine-beer-and-spirits/beer.html">Beer</a>
                </li>
                <li>
                    <a class="estDynamic" href="../wine-beer-and-spirits/creams.html">Creams</a>
                </li>
                <li>
                    <a class="estDynamic" href="../wine-beer-and-spirits/spirits.html">Spirits</a>
                </li>
                <li>
                    <a class="estDynamic" href="../wine-beer-and-spirits/liquors.html">Liquors</a>
                </li>
                <li>
                    <a class="estDynamic" href="../wine-beer-and-spirits/white-wine.html">White wine</a>
                </li>
                <li>
                    <a class="estDynamic" href="../wine-beer-and-spirits/prosecco-wine.html">Prosecco wine</a>
                </li>
                <li>
                    <a class="estDynamic" href="../wine-beer-and-spirits/rose-wine.html">Rose wine</a>
                </li>
                <li>
                    <a class="estDynamic" href="../wine-beer-and-spirits/red-wine.html">Red wine</a>
                </li>
                <li>
                    <a class="estDynamic" href="../wine-beer-and-spirits/specialty-wine.html">Special wine</a>
                </li>
                <li>
                    <a class="estDynamic" href="../wine-beer-and-spirits/sparkling-wine.html">Sparkling wine</a>
                </li>
                <li>
                    <a class="estDynamic" href="../wine-beer-and-spirits/vermentino-wine.html">Vermentino wine</a>
                </li>
            </ul>
        </li>
        <li>
            <a class="estDynamic" href="../water-and-drinks.html">
                <img src="../../cdn.spesati.com/images/menu/water-and-drinks.png"/>
                Water and drinks            </a>
            <i class="fa fa-angle-right" aria-hidden="true"></i>
            <ul class="sub-menu">
                <li>
                    <a class="estDynamic" href="../water-and-drinks/san-martino.html">San Martino</a>
                </li>
                <li>
                    <a class="estDynamic" href="../water-and-drinks/water.html">Water</a>
                </li>
                <li>
                    <a class="estDynamic" href="../water-and-drinks/alpro.html">Alpro</a>
                </li>
                <li>
                    <a class="estDynamic" href="../water-and-drinks/fizzy-drinks.html">Fizzy drinks</a>
                </li>
                <li>
                    <a class="estDynamic" href="../water-and-drinks/coca-cola.html">Coca-Cola</a>
                </li>
                <li>
                    <a class="estDynamic" href="../water-and-drinks/energy-drink.html">Energy drink</a>
                </li>
                <li>
                    <a class="estDynamic" href="../water-and-drinks/syrups.html">Syrups</a>
                </li>
                <li>
                    <a class="estDynamic" href="../water-and-drinks/supplements.html">Supplements</a>
                </li>
                <li>
                    <a class="estDynamic" href="../water-and-drinks/instant-drinks.html">Instant drinks</a>
                </li>
                <li>
                    <a class="estDynamic" href="../water-and-drinks/juice.html">Juice</a>
                </li>
                <li>
                    <a class="estDynamic" href="../water-and-drinks/tea.html">Tea</a>
                </li>
            </ul>
        </li>
        <li>
            <a class="estDynamic" href="../sweets.html">
                <img src="../../cdn.spesati.com/images/menu/sweets.png"/>
                Sweets            </a>
            <i class="fa fa-angle-right" aria-hidden="true"></i>
            <ul class="sub-menu">
                <li>
                    <a class="estDynamic" href="bars-and-snacks.html">Bars and snacks</a>
                </li>
                <li>
                    <a class="estDynamic" href="biscuits.html">Biscuits</a>
                </li>
                <li>
                    <a class="estDynamic" href="brioches.html">Brioches</a>
                </li>
                <li>
                    <a class="estDynamic" href="candy-and-chewing-gum.html">Candy and chewing gum</a>
                </li>
                <li>
                    <a class="estDynamic" href="cereals.html">Cereals</a>
                </li>
                <li>
                    <a class="estDynamic" href="chocolate.html">Chocolate</a>
                </li>
                <li>
                    <a class="estDynamic" href="spreadable-creams.html">Spreads</a>
                </li>
                <li>
                    <a class="estDynamic" href="dessert-toppings.html">Dessert toppings</a>
                </li>
                <li>
                    <a class="estDynamic" href="jam.html">Jam</a>
                </li>
                <li>
                    <a class="estDynamic" href="honey.html">Honey</a>
                </li>
                <li>
                    <a class="estDynamic" href="panettoni-and-pandoro.html">Panettone and pandoro</a>
                </li>
                <li>
                    <a class="estDynamic" href="pastry.html">Pastry</a>
                </li>
                <li>
                    <a class="estDynamic" href="instant-dessert.html">Prepared</a>
                </li>
                <li>
                    <a class="estDynamic" href="cakes-and-pies.html">Cakes and pies</a>
                </li>
                <li>
                    <a class="estDynamic" href="easter-eggs-and-doves.html">Easter eggs and doves</a>
                </li>
            </ul>
        </li>
        <li>
            <a class="estDynamic" href="../shelf.html">
                <img src="../../cdn.spesati.com/images/menu/shelf.png"/>
                Cupboard            </a>
            <i class="fa fa-angle-right" aria-hidden="true"></i>
            <ul class="sub-menu">
                <li>
                    <a class="estDynamic" href="../shelf/coffee.html">Coffee</a>
                </li>
                <li>
                    <a class="estDynamic" href="../shelf/gift-baskets.html">Gift baskets</a>
                </li>
                <li>
                    <a class="estDynamic" href="../shelf/stock-cubes.html">Nuts and preparations</a>
                </li>
                <li>
                    <a class="estDynamic" href="../shelf/flour-and-baking.html">Flour and baking</a>
                </li>
                <li>
                    <a class="estDynamic" href="../shelf/milk.html">Milk</a>
                </li>
                <li>
                    <a class="estDynamic" href="../shelf/oil-salt-vinegar.html">Oil, vinegar and salt</a>
                </li>
                <li>
                    <a class="estDynamic" href="../shelf/cream-and-bechamel.html">Cream and bechamel</a>
                </li>
                <li>
                    <a class="estDynamic" href="../shelf/crisps-and-pretzels.html">Crisps and pretzels</a>
                </li>
                <li>
                    <a class="estDynamic" href="../shelf/baby-and-infants-products.html">Early childhood products</a>
                </li>
                <li>
                    <a class="estDynamic" href="../shelf/rice.html">Rice</a>
                </li>
                <li>
                    <a class="estDynamic" href="../shelf/tins-and-preserves.html">Tins and Preserves</a>
                </li>
                <li>
                    <a class="estDynamic" href="../shelf/spices.html">Spices</a>
                </li>
                <li>
                    <a class="estDynamic" href="../shelf/sauces.html">Sauces</a>
                </li>
                <li>
                    <a class="estDynamic" href="../shelf/tea-and-infusions.html">Tea and infusions</a>
                </li>
                <li>
                    <a class="estDynamic" href="../shelf/eggs.html">Eggs</a>
                </li>
                <li>
                    <a class="estDynamic" href="../shelf/sugar-and-sweeteners.html">Sugar and sweeteners</a>
                </li>
            </ul>
        </li>
        <li>
            <a class="estDynamic" href="../personal-care.html">
                <img src="../../cdn.spesati.com/images/menu/personal-care.png"/>
                Personal care            </a>
            <i class="fa fa-angle-right" aria-hidden="true"></i>
            <ul class="sub-menu">
                <li>
                    <a class="estDynamic" href="../personal-care/accessories-and-cotton.html">Accessories and cotton</a>
                </li>
                <li>
                    <a class="estDynamic" href="../personal-care/feminine-care-incontinence-and-baby-diapers.html">Feminine incontinence and diapers</a>
                </li>
                <li>
                    <a class="estDynamic" href="../personal-care/shower-gel.html">Shower gel</a>
                </li>
                <li>
                    <a class="estDynamic" href="../personal-care/creams.html">Creams</a>
                </li>
                <li>
                    <a class="estDynamic" href="../personal-care/deodorant.html">Deodorant</a>
                </li>
                <li>
                    <a class="estDynamic" href="../personal-care/hair-removal.html">Hair removal</a>
                </li>
                <li>
                    <a class="estDynamic" href="../personal-care/disinfectants.html">Disinfectants</a>
                </li>
                <li>
                    <a class="estDynamic" href="../personal-care/oral-hygiene.html">Oral hygiene</a>
                </li>
                <li>
                    <a class="estDynamic" href="../personal-care/supplements-and-multivitamins.html">Supplements and multivitamins</a>
                </li>
                <li>
                    <a class="estDynamic" href="../personal-care/first-aid.html">First aid label</a>
                </li>
                <li>
                    <a class="estDynamic" href="../personal-care/beard-products.html">Beard products</a>
                </li>
                <li>
                    <a class="estDynamic" href="../personal-care/hairs-products.html">Hair products</a>
                </li>
                <li>
                    <a class="estDynamic" href="../personal-care/perfume.html">Perfumes</a>
                </li>
                <li>
                    <a class="estDynamic" href="../personal-care/wipes.html">Wipes</a>
                </li>
                <li>
                    <a class="estDynamic" href="../personal-care/soaps-and-body-wash.html">Soaps and body wash</a>
                </li>
                <li>
                    <a class="estDynamic" href="../personal-care/shampoo-and-conditioner.html">Shampoo and conditioner</a>
                </li>
            </ul>
        </li>
        <li>
            <a class="estDynamic" href="../household-and-outdoors.html">
                <img src="../../cdn.spesati.com/images/menu/pellet-and-home.png"/>
                Home and outdoors 
            </a>
            <i class="fa fa-angle-right" aria-hidden="true"></i>
            <ul class="sub-menu">
                <li>
                    <a class="estDynamic" href="../household-and-outdoors/distilled-water.html">Distilled water</a>
                </li>
                <li>
                    <a class="estDynamic" href="../household-and-outdoors/car-products.html">Cars</a>
                </li>
                <li>
                    <a class="estDynamic" href="../household-and-outdoors/bin-bags-and-buckets.html">Bin bags and buckets</a>
                </li>
                <li>
                    <a class="estDynamic" href="../household-and-outdoors/bleach-and-stain-removers.html">Bleach and stain removers</a>
                </li>
                <li>
                    <a class="estDynamic" href="../household-and-outdoors/candles.html">Candles</a>
                </li>
                <li>
                    <a class="estDynamic" href="../household-and-outdoors/kitchen-roll.html">Kitchen roll</a>
                </li>
                <li>
                    <a class="estDynamic" href="../household-and-outdoors/air-fresheners.html">Air fresheners</a>
                </li>
                <li>
                    <a class="estDynamic" href="../household-and-outdoors/laundry-accessories-and-detergent.html">Laundry detergent</a>
                </li>
                <li>
                    <a class="estDynamic" href="../household-and-outdoors/dishwasher-and-washing-up.html">Dishwasher and washing up</a>
                </li>
                <li>
                    <a class="estDynamic" href="../household-and-outdoors/gardening.html">Gardening</a>
                </li>
                <li>
                    <a class="estDynamic" href="../household-and-outdoors/light-bulbs-and-batteries.html">Lightbulbs and batteries</a>
                </li>
                <li>
                    <a class="estDynamic" href="../household-and-outdoors/pellet-and-bbq.html">Pellet and BBQ</a>
                </li>
                <li>
                    <a class="estDynamic" href="../household-and-outdoors/bathroom-products.html">Bathroom products</a>
                </li>
                <li>
                    <a class="estDynamic" href="../household-and-outdoors/home-and-furniture-products.html">Home and furniture products</a>
                </li>
                <li>
                    <a class="estDynamic" href="../household-and-outdoors/kitchen-products.html">Kitchen products</a>
                </li>
                <li>
                    <a class="estDynamic" href="../household-and-outdoors/window-and-floor-cleaners.html">Window and floor cleaner</a>
                </li>
                <li>
                    <a class="estDynamic" href="../household-and-outdoors/repellents.html">Repellents</a>
                </li>
                <li>
                    <a class="estDynamic" href="../household-and-outdoors/disposable-tableware.html">Disposable tableware</a>
                </li>
            </ul>
        </li>
        <li>
            <a class="estDynamic" href="../pet.html">
                <img src="../../cdn.spesati.com/images/menu/animals.png"/>
                Pets            </a>
            <i class="fa fa-angle-right" aria-hidden="true"></i>
            <ul class="sub-menu">
                <li>
                    <a class="estDynamic" href="../pets/pet-food-other-animals.html">Other animals pet food</a>
                </li>
                <li>
                    <a class="estDynamic" href="../pets/pet-food-dogs.html">Pet food dogs</a>
                </li>
                <li>
                    <a class="estDynamic" href="../pets/pet-food-cats.html">Pet food cats</a>
                </li>
                <li>
                    <a class="estDynamic" href="../pets/hygiene-and-cleaning.html">Hygiene and cleaning</a>
                </li>
            </ul>
        </li>
        <li>
            <a class="estDynamic" href="../technology.html">
                <img src="../../cdn.spesati.com/images/menu/technology.png"/>
                Technology            </a>
            <i class="fa fa-angle-right" aria-hidden="true"></i>
            <ul class="sub-menu">
                <li>
                    <a class="estDynamic" href="../technology/accessories.html">Accessories</a>
                </li>
                <li>
                    <a class="estDynamic" href="../technology/computer.html">Computer</a>
                </li>
                <li>
                    <a class="estDynamic" href="../technology/telephones.html">Telephones</a>
                </li>
                <li>
                    <a class="estDynamic" href="../technology/tv.html">TV</a>
                </li>
            </ul>
        </li>
        <li>
            <a class="estDynamic" href="../gluten-free.html">
                <img src="../../cdn.spesati.com/images/menu/gluten-free.png"/>
                Gluten free            </a>
            <i class="fa fa-angle-right" aria-hidden="true"></i>
            <ul class="sub-menu">
                <li>
                    <a class="estDynamic" href="../gluten-free/frozen-foods.html">Frozen foods</a>
                </li>
                <li>
                    <a class="estDynamic" href="../gluten-free/beer.html">Beer</a>
                </li>
                <li>
                    <a class="estDynamic" href="../gluten-free/sweets.html">Sweets</a>
                </li>
                <li>
                    <a class="estDynamic" href="../gluten-free/bread-and-pasta.html">Bread and pasta</a>
                </li>
                <li>
                    <a class="estDynamic" href="../gluten-free/shelf.html">Cupboard</a>
                </li>
            </ul>
        </li>
        <li>
            <a class="estDynamic" href="../lactose-free.html">
                <img src="../../cdn.spesati.com/images/menu/lactose-free.png"/>
                Lactose free            </a>
            <i class="fa fa-angle-right" aria-hidden="true"></i>
            <ul class="sub-menu">
                <li>
                    <a class="estDynamic" href="../lactose-free/frozen-foods.html">Frozen foods</a>
                </li>
                <li>
                    <a class="estDynamic" href="../lactose-free/sweets.html">Sweets</a>
                </li>
                <li>
                    <a class="estDynamic" href="../lactose-free/dairy-product.html">Dairy product</a>
                </li>
                <li>
                    <a class="estDynamic" href="../lactose-free/shelf.html">Cupboard</a>
                </li>
            </ul>
        </li>
        <li>
            <a class="estDynamic" href="../special.html">
                <img src="../../cdn.spesati.com/images/menu/special.png"/>
                Special            </a>
            <i class="fa fa-angle-right" aria-hidden="true"></i>
            <ul class="sub-menu">
                <li>
                    <a class="estDynamic" href="../special/alpro.html">Alpro</a>
                </li>
                <li>
                    <a class="estDynamic" href="../special/organic.html">Biological</a>
                </li>
                <li>
                    <a class="estDynamic" href="../special/meat.html">Meat</a>
                </li>
                <li>
                    <a class="estDynamic" href="../special/wholegrain.html">Wholegrain</a>
                </li>
                <li>
                    <a class="estDynamic" href="../special/bread-and-pasta.html">Bread and pasta</a>
                </li>
                <li>
                    <a class="estDynamic" href="../special/vegan.html">Vegan</a>
                </li>
            </ul>
        </li>
        <li>
            <a class="estDynamic" href="../sardinian-products.html">
                <img src="../../cdn.spesati.com/images/menu/sardinian-products.png"/>
                Sardinian products            </a>
            <i class="fa fa-angle-right" aria-hidden="true"></i>
            <ul class="sub-menu">
                <li>
                    <a class="estDynamic" href="../sardinian-products/drinks.html">Drinks</a>
                </li>
                <li>
                    <a class="estDynamic" href="../sardinian-products/meat.html">Meat</a>
                </li>
                <li>
                    <a class="estDynamic" href="../sardinian-products/sweets.html">Sweets</a>
                </li>
                <li>
                    <a class="estDynamic" href="../sardinian-products/fruit-and-vegetables.html">Fruit and vegetables</a>
                </li>
                <li>
                    <a class="estDynamic" href="../sardinian-products/ichnusa.html">Ichnusa</a>
                </li>
                <li>
                    <a class="estDynamic" href="../sardinian-products/dairy-product.html">Dairy product</a>
                </li>
                <li>
                    <a class="estDynamic" href="../sardinian-products/bread-and-pasta.html">Bread and pasta</a>
                </li>
                <li>
                    <a class="estDynamic" href="../sardinian-products/fish.html">Fish</a>
                </li>
                <li>
                    <a class="estDynamic" href="../sardinian-products/cured-meat.html">Cured meat</a>
                </li>
                <li>
                    <a class="estDynamic" href="../sardinian-products/shelf.html">Cupboard</a>
                </li>
                <li>
                    <a class="estDynamic" href="../sardinian-products/vermentino-wine.html">Vermentino wine</a>
                </li>
                <li>
                    <a class="estDynamic" href="../sardinian-products/wine-beer-and-spirits.html">Wine beer and spirits</a>
                </li>
            </ul>
        </li>
    </ul>
</div>    <div class="colRight">
        <div class="title mobile">
	<a href="../sweets.html"><i class="fa red fa-angle-left fa-3x mobile" aria-hidden="true"></i></a>
	<h2>
		<b>
			candy and chewing gum		</b>
	</h2>
</div>

<div class="breadcrumb bgGrey internal">
	<p>
		<b>
			<a href="../index.html">Home</a>
												&gt; <a href="../sweets.html">Sweets</a>
																&gt; Candy and chewing gum									</b>
	</p>
	<div>
		<p>Order by</p>
		<select name="orderProd" id="orderProd">
			<option disabled="disabled" selected="selected">- Choose -</option>
			<option value="nameAsc">Name (A - Z)</option>
			<option value="nameDes">Name (Z - A)</option>
			<option value="priceHigh">Price - High to low</option>
			<option value="priceLow">Price - Low to high</option>
			<option value="soldAsc">Best Selling</option>
			<option value="available">Availability</option>
		</select>
	</div>
</div>
        <div class="containerProduct">
            <script type='text/javascript'>var track = '{"event":"ViewContent", "type":"category", "id":"Dolciumi", "subids":["Caramelle","Chewing Gum"], "url":"https://www.spesati.com/sweets/candy-and-chewing-gum"}';</script>
<script>
gtag('event', 'select_content', {content_type: 'category', item_id: 'Dolciumi'});gtag('event', 'select_content', {content_type: 'category', item_id: 'Caramelle'});gtag('event', 'select_content', {content_type: 'category', item_id: 'Chewing Gum'});
</script>
<div class="left product prod1"
        data-name="Caramelle Giulia Toffee Frutta 300"
        data-price="2.95"
        data-id="4727"
        data-available="yes"
        data-category="4748"
        data-bestselling="">
    <a href="../caramelle-giulia-toffee-frutta-300">
        <div style="background-image: url('../../cdn.spesati.com/images/products/132052/caram-giulia-toffee-01.jpg')">
            <div class="hover"></div>
            
            <div class="stickers"></div>
        </div>
    </a>
    <div>
        <h4><a href="../caramelle-giulia-toffee-frutta-300"><b>Caramelle Giulia Toffee Frutta 300</b></a></h4>
        <p class="description">0.3 Kg</p>
        <p class="right price"><b>2.95 €</b></p>
        <p class="right unitPrice">9.85 € per kg</p>
    </div>
    <div class="contButton">
    <a class="button bgRed white addToCart" href="#">Add</a>
</div>
</div><div class="left product prod2"
        data-name="Caramelle Giulia Menta Più Latte Menta 300"
        data-price="2.95"
        data-id="4726"
        data-available="yes"
        data-category="4748"
        data-bestselling="">
    <a href="../caramelle-giulia-menta-piu-latte-menta-300">
        <div style="background-image: url('../../cdn.spesati.com/images/products/111069/caram-giulia-mentap-01.jpg')">
            <div class="hover"></div>
            
            <div class="stickers"></div>
        </div>
    </a>
    <div>
        <h4><a href="../caramelle-giulia-menta-piu-latte-menta-300"><b>Caramelle Giulia Menta Più Latte Menta 300</b></a></h4>
        <p class="description">0.3 Kg</p>
        <p class="right price"><b>2.95 €</b></p>
        <p class="right unitPrice">9.85 € per kg</p>
    </div>
    <div class="contButton">
    <a class="button bgRed white addToCart" href="#">Add</a>
</div>
</div><div class="left product prod3"
        data-name="Caramelle Giulia Anice 300Gr"
        data-price="2.95"
        data-id="5829"
        data-available="yes"
        data-category="4748"
        data-bestselling="">
    <a href="../caramelle-giulia-anice-300gr">
        <div style="background-image: url('../../cdn.spesati.com/images/products/111038/caramelle-giulia-anice-01.jpg')">
            <div class="hover"></div>
            
            <div class="stickers"><img class="left" src="../../cdn.spesati.com/images/layout/gluten-free.png" /></div>
        </div>
    </a>
    <div>
        <h4><a href="../caramelle-giulia-anice-300gr"><b>Caramelle Giulia Anice 300Gr</b></a></h4>
        <p class="description">0.3 Kg</p>
        <p class="right price"><b>2.95 €</b></p>
        <p class="right unitPrice">9.85 € per kg</p>
    </div>
    <div class="contButton">
    <a class="button bgRed white addToCart" href="#">Add</a>
</div>
</div><div class="left product prod4"
        data-name="Caramelle Menta Più 300Gr"
        data-price="2.95"
        data-id="5847"
        data-available="yes"
        data-category="4748"
        data-bestselling="">
    <a href="../caramelle-menta-piu-300gr">
        <div style="background-image: url('../../cdn.spesati.com/images/products/110493/caramelle-menta-piu-01.jpg')">
            <div class="hover"></div>
            
            <div class="stickers"><img class="left" src="../../cdn.spesati.com/images/layout/gluten-free.png" /></div>
        </div>
    </a>
    <div>
        <h4><a href="../caramelle-menta-piu-300gr"><b>Caramelle Menta Più 300Gr</b></a></h4>
        <p class="description">0.3 Kg</p>
        <p class="right price"><b>2.95 €</b></p>
        <p class="right unitPrice">9.85 € per kg</p>
    </div>
    <div class="contButton">
    <a class="button bgRed white addToCart" href="#">Add</a>
</div>
</div><div class="left product prod5"
        data-name="Caramelle Giulia Gelee 300Gr"
        data-price="2.45"
        data-id="6799"
        data-available="yes"
        data-category="4748"
        data-bestselling="">
    <a href="../caramelle-giulia-gelee-300gr">
        <div style="background-image: url('../../cdn.spesati.com/images/products/110491/caramelle-giulia-gelee-01.jpg')">
            <div class="hover"></div>
            
            <div class="stickers"></div>
        </div>
    </a>
    <div>
        <h4><a href="../caramelle-giulia-gelee-300gr"><b>Caramelle Giulia Gelee 300Gr</b></a></h4>
        <p class="description">0.3 Kg</p>
        <p class="right price"><b>2.45 €</b></p>
        <p class="right unitPrice">8.16 € per kg</p>
    </div>
    <div class="contButton">
    <a class="button bgRed white addToCart" href="#">Add</a>
</div>
</div><div class="left product prod6"
        data-name="Caramelle Mangini Noccioletto 90Gr"
        data-price="2.65"
        data-id="5974"
        data-available="yes"
        data-category="4748"
        data-bestselling="">
    <a href="../caramelle-mangini-noccioletto-90gr">
        <div style="background-image: url('../../cdn.spesati.com/images/products/110330/caramelle-mangini-noccioletto-01.jpg')">
            <div class="hover"></div>
            
            <div class="stickers"></div>
        </div>
    </a>
    <div>
        <h4><a href="../caramelle-mangini-noccioletto-90gr"><b>Caramelle Mangini Noccioletto 90Gr</b></a></h4>
        <p class="description">0.09 Kg</p>
        <p class="right price"><b>2.65 €</b></p>
        <p class="right unitPrice">29.46 € per kg</p>
    </div>
    <div class="contButton">
    <a class="button bgRed white addToCart" href="#">Add</a>
</div>
</div><div class="left product prod7"
        data-name="Caram Glotzer Occhi 75gr"
        data-price="2.99"
        data-id="88080"
        data-available="yes"
        data-category="4748"
        data-bestselling="">
    <a href="../caram-glotzer-occhi-75gr">
        <div style="background-image: url('../../cdn.spesati.com/images/products/000472980/trolli-pop-eye-75-g-01.png')">
            <div class="hover"></div>
            
            <div class="stickers"></div>
        </div>
    </a>
    <div>
        <h4><a href="../caram-glotzer-occhi-75gr"><b>Caram Glotzer Occhi 75gr</b></a></h4>
        <p class="description">Trolli Pop Eye 75 g</p>
        <p class="right price"><b>2.99 €</b></p>
        <p class="right unitPrice">37.38 € per kg</p>
    </div>
    <div class="contButton">
    <a class="button bgRed white addToCart" href="#">Add</a>
</div>
</div><div class="left product prod8"
        data-name="Caram Haribo Mallow Mix 150 Gr"
        data-price="1.85"
        data-id="81467"
        data-available="yes"
        data-category="4748"
        data-bestselling="">
    <a href="../caram-haribo-mallow-mix-150-gr">
        <div style="background-image: url('../../cdn.spesati.com/images/products/000443195/haribo-chamallows-mallow-mix-150-g-01.png')">
            <div class="hover"></div>
            
            <div class="stickers"></div>
        </div>
    </a>
    <div>
        <h4><a href="../caram-haribo-mallow-mix-150-gr"><b>Caram Haribo Mallow Mix 150 Gr</b></a></h4>
        <p class="description">Haribo Chamallows Mallow Mix 150 g</p>
        <p class="right price"><b>1.85 €</b></p>
        <p class="right unitPrice">12.33 € per kg</p>
    </div>
    <div class="contButton">
    <a class="button bgRed white addToCart" href="#">Add</a>
</div>
</div><div class="left product prod9"
        data-name="Caram Ricola Eucalipto Bs 70g"
        data-price="2.25"
        data-id="64722"
        data-available="yes"
        data-category="4748"
        data-bestselling="">
    <a href="../caram-ricola-eucalipto-bs-70g">
        <div style="background-image: url('../../cdn.spesati.com/images/products/000437714/ricola-eucaliptolo-70-g-01.png')">
            <div class="hover"></div>
            
            <div class="stickers"></div>
        </div>
    </a>
    <div>
        <h4><a href="../caram-ricola-eucalipto-bs-70g"><b>Caram Ricola Eucalipto Bs 70g</b></a></h4>
        <p class="description">Ricola Eucaliptolo 70 g</p>
        <p class="right price"><b>2.25 €</b></p>
        <p class="right unitPrice">32.13 € per kg</p>
    </div>
    <div class="contButton">
    <a class="button bgRed white addToCart" href="#">Add</a>
</div>
</div><div class="left product prod10"
        data-name="Caram Ricola Meliss/lim Bs 70g"
        data-price="2.25"
        data-id="64719"
        data-available="yes"
        data-category="4748"
        data-bestselling="">
    <a href="../caram-ricola-melisslim-bs-70g">
        <div style="background-image: url('../../cdn.spesati.com/images/products/000437713/ricola-melissa-limoncella-70-g-01.png')">
            <div class="hover"></div>
            
            <div class="stickers"></div>
        </div>
    </a>
    <div>
        <h4><a href="../caram-ricola-melisslim-bs-70g"><b>Caram Ricola Meliss/lim Bs 70g</b></a></h4>
        <p class="description">Ricola Melissa Limoncella 70 g</p>
        <p class="right price"><b>2.25 €</b></p>
        <p class="right unitPrice">32.13 € per kg</p>
    </div>
    <div class="contButton">
    <a class="button bgRed white addToCart" href="#">Add</a>
</div>
</div><div class="left product prod11"
        data-name="Caram Haribo Frizzi Mix 175gr"
        data-price="2.04"
        data-id="60198"
        data-available="yes"
        data-category="4748"
        data-bestselling="">
    <a href="../caram-haribo-frizzi-mix-175gr">
        <div style="background-image: url('../../cdn.spesati.com/images/products/000437653/haribo-mix-frzzi-175-g-01.png')">
            <div class="hover"></div>
            
            <div class="stickers"></div>
        </div>
    </a>
    <div>
        <h4><a href="../caram-haribo-frizzi-mix-175gr"><b>Caram Haribo Frizzi Mix 175gr</b></a></h4>
        <p class="description">Haribo Mix Fr!zzi 175 g</p>
        <p class="right price"><b>2.04 €</b></p>
        <p class="right unitPrice">11.31 € per kg</p>
    </div>
    <div class="contButton">
    <a class="button bgRed white addToCart" href="#">Add</a>
</div>
</div><div class="left product prod12"
        data-name="Caramelle Haribo Polka 175GR"
        data-price="1.69"
        data-id="14614"
        data-available="yes"
        data-category="4748"
        data-bestselling="1">
    <a href="../caramelle-haribo-polka-175gr">
        <div style="background-image: url('../../cdn.spesati.com/images/products/000140781/haribo-polka-175-g-01.png')">
            <div class="hover"></div>
            <p class="arrow bgRed white">Best Seller</p>
            <div class="stickers"></div>
        </div>
    </a>
    <div>
        <h4><a href="../caramelle-haribo-polka-175gr"><b>Caramelle Haribo Polka 175GR</b></a></h4>
        <p class="description">Haribo Polka 175 g</p>
        <p class="right price"><b>1.69 €</b></p>
        <p class="right unitPrice">9.66 € per kg</p>
    </div>
    <div class="contButton">
    <a class="button bgRed white addToCart" href="#">Add</a>
</div>
</div><div class="left product prod13"
        data-name="Caram Haribo Ciucc Frizz 175gr"
        data-price="1.55"
        data-id="27659"
        data-available="yes"
        data-category="4748"
        data-bestselling="">
    <a href="../caram-haribo-ciucc-frizz-175gr">
        <div style="background-image: url('../../cdn.spesati.com/images/products/000140780/haribo-ciucciotti-frzzi-175-g-01.png')">
            <div class="hover"></div>
            
            <div class="stickers"></div>
        </div>
    </a>
    <div>
        <h4><a href="../caram-haribo-ciucc-frizz-175gr"><b>Caram Haribo Ciucc Frizz 175gr</b></a></h4>
        <p class="description">Haribo Ciucciotti Fr!zzi 175 g</p>
        <p class="right price"><b>1.55 €</b></p>
        <p class="right unitPrice">8.86 € per kg</p>
    </div>
    <div class="contButton">
    <a class="button bgRed white addToCart" href="#">Add</a>
</div>
</div><div class="left product prod14"
        data-name="Caram Haribo Fresh Cola 175gr"
        data-price="1.55"
        data-id="27658"
        data-available="yes"
        data-category="4748"
        data-bestselling="">
    <a href="../caram-haribo-fresh-cola-175gr">
        <div style="background-image: url('../../cdn.spesati.com/images/products/000140779/haribo-happy-cola-frzzi-175-g-01.png')">
            <div class="hover"></div>
            
            <div class="stickers"></div>
        </div>
    </a>
    <div>
        <h4><a href="../caram-haribo-fresh-cola-175gr"><b>Caram Haribo Fresh Cola 175gr</b></a></h4>
        <p class="description">Haribo Happy-Cola Fr!zzi 175 g</p>
        <p class="right price"><b>1.55 €</b></p>
        <p class="right unitPrice">8.86 € per kg</p>
    </div>
    <div class="contButton">
    <a class="button bgRed white addToCart" href="#">Add</a>
</div>
</div><div class="left product prod15"
        data-name="Caramelle Haribo Tagada 175GR"
        data-price="1.69"
        data-id="14616"
        data-available="yes"
        data-category="4748"
        data-bestselling="">
    <a href="../caramelle-haribo-tagada-175gr">
        <div style="background-image: url('../../cdn.spesati.com/images/products/000140778/haribo-tagada-175-g-01.png')">
            <div class="hover"></div>
            
            <div class="stickers"></div>
        </div>
    </a>
    <div>
        <h4><a href="../caramelle-haribo-tagada-175gr"><b>Caramelle Haribo Tagada 175GR</b></a></h4>
        <p class="description">Haribo Tagada 175 g</p>
        <p class="right price"><b>1.69 €</b></p>
        <p class="right unitPrice">9.66 € per kg</p>
    </div>
    <div class="contButton">
    <a class="button bgRed white addToCart" href="#">Add</a>
</div>
</div><div class="left product prod16"
        data-name="Caram Haribo Bananas 175gr"
        data-price="1.69"
        data-id="27657"
        data-available="yes"
        data-category="4748"
        data-bestselling="">
    <a href="../caram-haribo-bananas-175gr">
        <div style="background-image: url('../../cdn.spesati.com/images/products/000140777/haribo-banane-175-g-01.png')">
            <div class="hover"></div>
            
            <div class="stickers"></div>
        </div>
    </a>
    <div>
        <h4><a href="../caram-haribo-bananas-175gr"><b>Caram Haribo Bananas 175gr</b></a></h4>
        <p class="description">Haribo Banane 175 g</p>
        <p class="right price"><b>1.69 €</b></p>
        <p class="right unitPrice">9.66 € per kg</p>
    </div>
    <div class="contButton">
    <a class="button bgRed white addToCart" href="#">Add</a>
</div>
</div><div class="left product prod17"
        data-name="Caram Haribo Uova Tegam 175gr"
        data-price="1.72"
        data-id="27656"
        data-available="yes"
        data-category="4748"
        data-bestselling="">
    <a href="../caram-haribo-uova-tegam-175gr">
        <div style="background-image: url('../../cdn.spesati.com/images/products/000140776/haribo-uova-al-tegamino-175-g-01.png')">
            <div class="hover"></div>
            
            <div class="stickers"></div>
        </div>
    </a>
    <div>
        <h4><a href="../caram-haribo-uova-tegam-175gr"><b>Caram Haribo Uova Tegam 175gr</b></a></h4>
        <p class="description">Haribo Uova al Tegamino 175 g</p>
        <p class="right price"><b>1.72 €</b></p>
        <p class="right unitPrice">9.85 € per kg</p>
    </div>
    <div class="contButton">
    <a class="button bgRed white addToCart" href="#">Add</a>
</div>
</div><div class="left product prod18"
        data-name="Caram Haribo Coccodri' 175gr"
        data-price="1.69"
        data-id="27655"
        data-available="yes"
        data-category="4748"
        data-bestselling="">
    <a href="../caram-haribo-coccodri-175gr">
        <div style="background-image: url('../../cdn.spesati.com/images/products/000140775/haribo-coccodri-175-g-01.png')">
            <div class="hover"></div>
            
            <div class="stickers"></div>
        </div>
    </a>
    <div>
        <h4><a href="../caram-haribo-coccodri-175gr"><b>Caram Haribo Coccodri' 175gr</b></a></h4>
        <p class="description">Haribo Coccodrì 175 g</p>
        <p class="right price"><b>1.69 €</b></p>
        <p class="right unitPrice">9.66 € per kg</p>
    </div>
    <div class="contButton">
    <a class="button bgRed white addToCart" href="#">Add</a>
</div>
</div><div class="left product prod19"
        data-name="Caram Haribo Rotella 175gr"
        data-price="1.69"
        data-id="27654"
        data-available="yes"
        data-category="4748"
        data-bestselling="1">
    <a href="../caram-haribo-rotella-175gr">
        <div style="background-image: url('../../cdn.spesati.com/images/products/000140774/haribo-rotella-175-g-01.png')">
            <div class="hover"></div>
            <p class="arrow bgRed white">Best Seller</p>
            <div class="stickers"></div>
        </div>
    </a>
    <div>
        <h4><a href="../caram-haribo-rotella-175gr"><b>Caram Haribo Rotella 175gr</b></a></h4>
        <p class="description">Haribo Rotella 175 g</p>
        <p class="right price"><b>1.69 €</b></p>
        <p class="right unitPrice">9.66 € per kg</p>
    </div>
    <div class="contButton">
    <a class="button bgRed white addToCart" href="#">Add</a>
</div>
</div><div class="left product prod20"
        data-name="Caram Elah Cubik 150gr"
        data-price="1.95"
        data-id="27577"
        data-available="yes"
        data-category="4748"
        data-bestselling="1">
    <a href="../caram-elah-cubik-150gr">
        <div style="background-image: url('../../cdn.spesati.com/images/products/000136016/elah-cubik-150-g-01.png')">
            <div class="hover"></div>
            <p class="arrow bgRed white">Best Seller</p>
            <div class="stickers"></div>
        </div>
    </a>
    <div>
        <h4><a href="../caram-elah-cubik-150gr"><b>Caram Elah Cubik 150gr</b></a></h4>
        <p class="description">Elah Cubik 150 g</p>
        <p class="right price"><b>1.95 €</b></p>
        <p class="right unitPrice">13.00 € per kg</p>
    </div>
    <div class="contButton">
    <a class="button bgRed white addToCart" href="#">Add</a>
</div>
</div><div class="left product prod21"
        data-name="Caram Elah Kremliquir 150gr"
        data-price="1.95"
        data-id="27575"
        data-available="yes"
        data-category="4748"
        data-bestselling="">
    <a href="../caram-elah-kremliquir-150gr">
        <div style="background-image: url('../../cdn.spesati.com/images/products/000136014/elah-kremliquirizia-150-g-01.png')">
            <div class="hover"></div>
            
            <div class="stickers"></div>
        </div>
    </a>
    <div>
        <h4><a href="../caram-elah-kremliquir-150gr"><b>Caram Elah Kremliquir 150gr</b></a></h4>
        <p class="description">Elah Kremliquirizia 150 g</p>
        <p class="right price"><b>1.95 €</b></p>
        <p class="right unitPrice">13.00 € per kg</p>
    </div>
    <div class="contButton">
    <a class="button bgRed white addToCart" href="#">Add</a>
</div>
</div><div class="left product prod22"
        data-name="Caram.perugina Fruit Joy X32"
        data-price="45.97"
        data-id="63219"
        data-available="yes"
        data-category="4748"
        data-bestselling="">
    <a href="../caramperugina-fruit-joy-x32">
        <div style="background-image: url('../../cdn.spesati.com/images/products/000135350/nestle-fruit-joy-original-caramelle-gommose-ai-gusti-frutta-32-tubi-da-50-g-01.png')">
            <div class="hover"></div>
            
            <div class="stickers"></div>
        </div>
    </a>
    <div>
        <h4><a href="../caramperugina-fruit-joy-x32"><b>Caram.perugina Fruit Joy X32</b></a></h4>
        <p class="description">NESTLÉ FRUIT JOY Original Caramelle Gommose ai gusti frutta 32 tubi da 50 g</p>
        <p class="right price"><b>45.97 €</b></p>
        <p class="right unitPrice">27.37 € per kg</p>
    </div>
    <div class="contButton">
    <a class="button bgRed white addToCart" href="#">Add</a>
</div>
</div><div class="left product prod23"
        data-name="Caramelle Zaini Balsam Bs Kg 1"
        data-price="11.73"
        data-id="27475"
        data-available="yes"
        data-category="4748"
        data-bestselling="">
    <a href="../caramelle-zaini-balsam-bs-kg-1">
        <div style="background-image: url('../../cdn.spesati.com/images/products/000133081/zaini-mini-balsamiche-1-kg-01.png')">
            <div class="hover"></div>
            
            <div class="stickers"></div>
        </div>
    </a>
    <div>
        <h4><a href="../caramelle-zaini-balsam-bs-kg-1"><b>Caramelle Zaini Balsam Bs Kg 1</b></a></h4>
        <p class="description">Zàini Mini Balsamiche 1 kg</p>
        <p class="right price"><b>11.73 €</b></p>
        <p class="right unitPrice">11.74 € per kg</p>
    </div>
    <div class="contButton">
    <a class="button bgRed white addToCart" href="#">Add</a>
</div>
</div><div class="left product prod24"
        data-name="Caramelle Zaini Frutta Bs Kg 1"
        data-price="10.97"
        data-id="27474"
        data-available="yes"
        data-category="4748"
        data-bestselling="">
    <a href="../caramelle-zaini-frutta-bs-kg-1">
        <div style="background-image: url('../../cdn.spesati.com/images/products/000133080/zaini-mini-frutta-caramelle-al-gusto-di-frutta-1-kg-01.png')">
            <div class="hover"></div>
            
            <div class="stickers"></div>
        </div>
    </a>
    <div>
        <h4><a href="../caramelle-zaini-frutta-bs-kg-1"><b>Caramelle Zaini Frutta Bs Kg 1</b></a></h4>
        <p class="description">Zàini Mini Frutta Caramelle al Gusto di Frutta 1 kg</p>
        <p class="right price"><b>10.97 €</b></p>
        <p class="right unitPrice">10.97 € per kg</p>
    </div>
    <div class="contButton">
    <a class="button bgRed white addToCart" href="#">Add</a>
</div>
</div><div class="left product prod25"
        data-name="Caram Ambrosoli Lat-miele 135g"
        data-price="2.05"
        data-id="26261"
        data-available="yes"
        data-category="4748"
        data-bestselling="">
    <a href="../caram-ambrosoli-lat-miele-135g">
        <div style="background-image: url('../../cdn.spesati.com/images/products/000115346/ambrosoli-caramelle-latte-miele-135-g-01.png')">
            <div class="hover"></div>
            
            <div class="stickers"></div>
        </div>
    </a>
    <div>
        <h4><a href="../caram-ambrosoli-lat-miele-135g"><b>Caram Ambrosoli Lat-miele 135g</b></a></h4>
        <p class="description">Ambrosoli Caramelle Latte Miele 135 g</p>
        <p class="right price"><b>2.05 €</b></p>
        <p class="right unitPrice">15.19 € per kg</p>
    </div>
    <div class="contButton">
    <a class="button bgRed white addToCart" href="#">Add</a>
</div>
</div><div class="left product prod26"
        data-name="Caramelle Ambrosoli Miele 135Gr"
        data-price="2.05"
        data-id="6730"
        data-available="yes"
        data-category="4748"
        data-bestselling="">
    <a href="../caramelle-ambrosoli-miele-135gr">
        <div style="background-image: url('../../cdn.spesati.com/images/products/000115345/ambrosoli-caramelle-classiche-al-miele-135-g-01.png')">
            <div class="hover"></div>
            
            <div class="stickers"></div>
        </div>
    </a>
    <div>
        <h4><a href="../caramelle-ambrosoli-miele-135gr"><b>Caramelle Ambrosoli Miele 135Gr</b></a></h4>
        <p class="description">Ambrosoli Caramelle Classiche al Miele 135 g</p>
        <p class="right price"><b>2.05 €</b></p>
        <p class="right unitPrice">15.19 € per kg</p>
    </div>
    <div class="contButton">
    <a class="button bgRed white addToCart" href="#">Add</a>
</div>
</div><div class="left product prod27"
        data-name="Caram Perugina Spicchi 175gr"
        data-price="2.79"
        data-id="59844"
        data-available="yes"
        data-category="4748"
        data-bestselling="">
    <a href="../caram-perugina-spicchi-175gr">
        <div style="background-image: url('../../cdn.spesati.com/images/products/000112989/dal-1926-perugia-spicchi-175-g-01.png')">
            <div class="hover"></div>
            
            <div class="stickers"></div>
        </div>
    </a>
    <div>
        <h4><a href="../caram-perugina-spicchi-175gr"><b>Caram Perugina Spicchi 175gr</b></a></h4>
        <p class="description">Dal 1926 Perugia Spicchi 175 g</p>
        <p class="right price"><b>2.79 €</b></p>
        <p class="right unitPrice">15.49 € per kg</p>
    </div>
    <div class="contButton">
    <a class="button bgRed white addToCart" href="#">Add</a>
</div>
</div><div class="left product prod28"
        data-name="Caram Perugina Glacia 175gr"
        data-price="2.79"
        data-id="59841"
        data-available="yes"
        data-category="4748"
        data-bestselling="">
    <a href="../caram-perugina-glacia-175gr">
        <div style="background-image: url('../../cdn.spesati.com/images/products/000112988/dal-1926-perugia-glacia-175-g-01.png')">
            <div class="hover"></div>
            
            <div class="stickers"></div>
        </div>
    </a>
    <div>
        <h4><a href="../caram-perugina-glacia-175gr"><b>Caram Perugina Glacia 175gr</b></a></h4>
        <p class="description">Dal 1926 Perugia Glacia 175 g</p>
        <p class="right price"><b>2.79 €</b></p>
        <p class="right unitPrice">15.49 € per kg</p>
    </div>
    <div class="contButton">
    <a class="button bgRed white addToCart" href="#">Add</a>
</div>
</div><div class="left product prod29"
        data-name="Caram Haribo Orsetto Sfuso Kg1"
        data-price="8.35"
        data-id="25947"
        data-available="yes"
        data-category="4748"
        data-bestselling="">
    <a href="../caram-haribo-orsetto-sfuso-kg1">
        <div style="background-image: url('../../cdn.spesati.com/images/products/000112447/haribo-goldbaeren-1000-g-01.png')">
            <div class="hover"></div>
            
            <div class="stickers"></div>
        </div>
    </a>
    <div>
        <h4><a href="../caram-haribo-orsetto-sfuso-kg1"><b>Caram Haribo Orsetto Sfuso Kg1</b></a></h4>
        <p class="description">Haribo Goldbären 1000 g</p>
        <p class="right price"><b>8.35 €</b></p>
        <p class="right unitPrice">8.35 € per kg</p>
    </div>
    <div class="contButton">
    <a class="button bgRed white addToCart" href="#">Add</a>
</div>
</div><div class="left product prod30"
        data-name="Caram Haribo Mix Shamallow Kg1"
        data-price="8.58"
        data-id="25946"
        data-available="yes"
        data-category="4748"
        data-bestselling="">
    <a href="../caram-haribo-mix-shamallow-kg1">
        <div style="background-image: url('../../cdn.spesati.com/images/products/000112446/haribo-chamallows-1-kg-01.png')">
            <div class="hover"></div>
            
            <div class="stickers"></div>
        </div>
    </a>
    <div>
        <h4><a href="../caram-haribo-mix-shamallow-kg1"><b>Caram Haribo Mix Shamallow Kg1</b></a></h4>
        <p class="description">Haribo Chamallows 1 Kg</p>
        <p class="right price"><b>8.58 €</b></p>
        <p class="right unitPrice">8.58 € per kg</p>
    </div>
    <div class="contButton">
    <a class="button bgRed white addToCart" href="#">Add</a>
</div>
</div><div class="left product prod31"
        data-name="Caramel Haribo Serpentelli Kg1"
        data-price="8.35"
        data-id="25944"
        data-available="yes"
        data-category="4748"
        data-bestselling="">
    <a href="../caramel-haribo-serpentelli-kg1">
        <div style="background-image: url('../../cdn.spesati.com/images/products/000112443/haribo-big-bag-bruchi-1-kg-01.png')">
            <div class="hover"></div>
            
            <div class="stickers"></div>
        </div>
    </a>
    <div>
        <h4><a href="../caramel-haribo-serpentelli-kg1"><b>Caramel Haribo Serpentelli Kg1</b></a></h4>
        <p class="description">Haribo Big Bag Bruchi 1 Kg</p>
        <p class="right price"><b>8.35 €</b></p>
        <p class="right unitPrice">8.35 € per kg</p>
    </div>
    <div class="contButton">
    <a class="button bgRed white addToCart" href="#">Add</a>
</div>
</div><div class="left product prod32"
        data-name="Carar Haribo Chamallow Bbq Kg1"
        data-price="8.58"
        data-id="25943"
        data-available="yes"
        data-category="4748"
        data-bestselling="">
    <a href="../carar-haribo-chamallow-bbq-kg1">
        <div style="background-image: url('../../cdn.spesati.com/images/products/000112442/haribo-chamallows-1-kg-01.png')">
            <div class="hover"></div>
            
            <div class="stickers"></div>
        </div>
    </a>
    <div>
        <h4><a href="../carar-haribo-chamallow-bbq-kg1"><b>Carar Haribo Chamallow Bbq Kg1</b></a></h4>
        <p class="description">Haribo Chamallows 1 Kg</p>
        <p class="right price"><b>8.58 €</b></p>
        <p class="right unitPrice">8.58 € per kg</p>
    </div>
    <div class="contButton">
    <a class="button bgRed white addToCart" href="#">Add</a>
</div>
</div><div class="left product prod33"
        data-name="Caram Haribo Maoam 50pz"
        data-price="10.40"
        data-id="25938"
        data-available="yes"
        data-category="4748"
        data-bestselling="">
    <a href="../caram-haribo-maoam-50pz">
        <div style="background-image: url('../../cdn.spesati.com/images/products/000112420/maoam-bloxx-1100-g-01.png')">
            <div class="hover"></div>
            
            <div class="stickers"></div>
        </div>
    </a>
    <div>
        <h4><a href="../caram-haribo-maoam-50pz"><b>Caram Haribo Maoam 50pz</b></a></h4>
        <p class="description">Maoam Bloxx 1100 g</p>
        <p class="right price"><b>10.40 €</b></p>
        <p class="right unitPrice">7.54 € per kg</p>
    </div>
    <div class="contButton">
    <a class="button bgRed white addToCart" href="#">Add</a>
</div>
</div><div class="left product prod34"
        data-name="Caram Haribo Rotel Frutta 2kg"
        data-price="16.56"
        data-id="25937"
        data-available="yes"
        data-category="4748"
        data-bestselling="">
    <a href="../caram-haribo-rotel-frutta-2kg">
        <div style="background-image: url('../../cdn.spesati.com/images/products/000112418/haribo-caramelle-gommose-2000-g-01.png')">
            <div class="hover"></div>
            
            <div class="stickers"></div>
        </div>
    </a>
    <div>
        <h4><a href="../caram-haribo-rotel-frutta-2kg"><b>Caram Haribo Rotel Frutta 2kg</b></a></h4>
        <p class="description">Haribo Caramelle Gommose 2000 g</p>
        <p class="right price"><b>16.56 €</b></p>
        <p class="right unitPrice">8.28 € per kg</p>
    </div>
    <div class="contButton">
    <a class="button bgRed white addToCart" href="#">Add</a>
</div>
</div><div class="left product prod35"
        data-name="Caram Haribo Anguria 1kg Bs"
        data-price="8.00"
        data-id="25936"
        data-available="yes"
        data-category="4748"
        data-bestselling="">
    <a href="../caram-haribo-anguria-1kg-bs">
        <div style="background-image: url('../../cdn.spesati.com/images/products/000112413/haribo-anguria-1-kg-01.png')">
            <div class="hover"></div>
            
            <div class="stickers"></div>
        </div>
    </a>
    <div>
        <h4><a href="../caram-haribo-anguria-1kg-bs"><b>Caram Haribo Anguria 1kg Bs</b></a></h4>
        <p class="description">Haribo Anguria 1 kg</p>
        <p class="right price"><b>8.00 €</b></p>
        <p class="right unitPrice">8.00 € per kg</p>
    </div>
    <div class="contButton">
    <a class="button bgRed white addToCart" href="#">Add</a>
</div>
</div><div class="left product prod36"
        data-name="Caramelle Rossana 175Gr"
        data-price="2.35"
        data-id="5820"
        data-available="yes"
        data-category="4748"
        data-bestselling="">
    <a href="../caramelle-rossana-175gr">
        <div style="background-image: url('../../cdn.spesati.com/images/products/000112402/rossana-loriginale-175-g-01.png')">
            <div class="hover"></div>
            
            <div class="stickers"></div>
        </div>
    </a>
    <div>
        <h4><a href="../caramelle-rossana-175gr"><b>Caramelle Rossana 175Gr</b></a></h4>
        <p class="description">Rossana l'originale 175 g</p>
        <p class="right price"><b>2.35 €</b></p>
        <p class="right unitPrice">13.43 € per kg</p>
    </div>
    <div class="contButton">
    <a class="button bgRed white addToCart" href="#">Add</a>
</div>
</div><div class="left product prod37"
        data-name="Caram Perugina Fond 175gr"
        data-price="3.13"
        data-id="25930"
        data-available="yes"
        data-category="4748"
        data-bestselling="">
    <a href="../caram-perugina-fond-175gr">
        <div style="background-image: url('../../cdn.spesati.com/images/products/000112383/dal-1926-perugia-fondenti-frutta-175-g-01.png')">
            <div class="hover"></div>
            
            <div class="stickers"></div>
        </div>
    </a>
    <div>
        <h4><a href="../caram-perugina-fond-175gr"><b>Caram Perugina Fond 175gr</b></a></h4>
        <p class="description">Dal 1926 Perugia Fondenti Frutta 175 g</p>
        <p class="right price"><b>3.13 €</b></p>
        <p class="right unitPrice">17.91 € per kg</p>
    </div>
    <div class="contButton">
    <a class="button bgRed white addToCart" href="#">Add</a>
</div>
</div><div class="left product prod38"
        data-name="Caram Haribo Berries Kg 1"
        data-price="7.99"
        data-id="25781"
        data-available="yes"
        data-category="4748"
        data-bestselling="">
    <a href="../caram-haribo-berries-kg-1">
        <div style="background-image: url('../../cdn.spesati.com/images/products/000111733/haribo-berries-1-kg-01.png')">
            <div class="hover"></div>
            
            <div class="stickers"></div>
        </div>
    </a>
    <div>
        <h4><a href="../caram-haribo-berries-kg-1"><b>Caram Haribo Berries Kg 1</b></a></h4>
        <p class="description">Haribo Berries 1 kg</p>
        <p class="right price"><b>7.99 €</b></p>
        <p class="right unitPrice">8.00 € per kg</p>
    </div>
    <div class="contButton">
    <a class="button bgRed white addToCart" href="#">Add</a>
</div>
</div><div class="left product prod39"
        data-name="Busta Best Mix Mao Pop 150pz"
        data-price="32.22"
        data-id="25614"
        data-available="yes"
        data-category="4748"
        data-bestselling="">
    <a href="../busta-best-mix-mao-pop-150pz">
        <div style="background-image: url('../../cdn.spesati.com/images/products/000110988/mao-pop-best-mix-150-pezzi-1950-g-01.png')">
            <div class="hover"></div>
            
            <div class="stickers"></div>
        </div>
    </a>
    <div>
        <h4><a href="../busta-best-mix-mao-pop-150pz"><b>Busta Best Mix Mao Pop 150pz</b></a></h4>
        <p class="description">Mao Pop Best Mix 150 pezzi 1950 g</p>
        <p class="right price"><b>32.22 €</b></p>
        <p class="right unitPrice">21.48 € per kg</p>
    </div>
    <div class="contButton">
    <a class="button bgRed white addToCart" href="#">Add</a>
</div>
</div><div class="left product prod40"
        data-name="Caram.haribo Bottiglie Cola 1k"
        data-price="8.92"
        data-id="25613"
        data-available="yes"
        data-category="4748"
        data-bestselling="">
    <a href="../caramharibo-bottiglie-cola-1k">
        <div style="background-image: url('../../cdn.spesati.com/images/products/000110987/haribo-happy-cola-1000-g-01.png')">
            <div class="hover"></div>
            
            <div class="stickers"></div>
        </div>
    </a>
    <div>
        <h4><a href="../caramharibo-bottiglie-cola-1k"><b>Caram.haribo Bottiglie Cola 1k</b></a></h4>
        <p class="description">Haribo Happy-Cola 1000 g</p>
        <p class="right price"><b>8.92 €</b></p>
        <p class="right unitPrice">8.92 € per kg</p>
    </div>
    <div class="contButton">
    <a class="button bgRed white addToCart" href="#">Add</a>
</div>
</div><div class="left product prod41"
        data-name="Caram.haribo Cocc.fragola Kg 1"
        data-price="8.92"
        data-id="25612"
        data-available="yes"
        data-category="4748"
        data-bestselling="">
    <a href="../caramharibo-coccfragola-kg-1">
        <div style="background-image: url('../../cdn.spesati.com/images/products/000110981/haribo-coccole-fragola-1-kg-01.png')">
            <div class="hover"></div>
            
            <div class="stickers"></div>
        </div>
    </a>
    <div>
        <h4><a href="../caramharibo-coccfragola-kg-1"><b>Caram.haribo Cocc.fragola Kg 1</b></a></h4>
        <p class="description">Haribo Coccole Fragola 1 kg</p>
        <p class="right price"><b>8.92 €</b></p>
        <p class="right unitPrice">8.92 € per kg</p>
    </div>
    <div class="contButton">
    <a class="button bgRed white addToCart" href="#">Add</a>
</div>
</div><div class="left product prod42"
        data-name="Caram.haribo Ciliegie Kg 1"
        data-price="8.92"
        data-id="25611"
        data-available="yes"
        data-category="4748"
        data-bestselling="">
    <a href="../caramharibo-ciliegie-kg-1">
        <div style="background-image: url('../../cdn.spesati.com/images/products/000110979/haribo-big-bag-ciliegie-1-kg-01.png')">
            <div class="hover"></div>
            
            <div class="stickers"></div>
        </div>
    </a>
    <div>
        <h4><a href="../caramharibo-ciliegie-kg-1"><b>Caram.haribo Ciliegie Kg 1</b></a></h4>
        <p class="description">Haribo Big Bag Ciliegie 1 Kg</p>
        <p class="right price"><b>8.92 €</b></p>
        <p class="right unitPrice">8.92 € per kg</p>
    </div>
    <div class="contButton">
    <a class="button bgRed white addToCart" href="#">Add</a>
</div>
</div><div class="left product prod43"
        data-name="Caram.haribo Cuori Kg 1"
        data-price="8.92"
        data-id="25609"
        data-available="yes"
        data-category="4748"
        data-bestselling="">
    <a href="../caramharibo-cuori-kg-1">
        <div style="background-image: url('../../cdn.spesati.com/images/products/000110977/haribo-big-bag-cuori-1-kg-01.png')">
            <div class="hover"></div>
            
            <div class="stickers"></div>
        </div>
    </a>
    <div>
        <h4><a href="../caramharibo-cuori-kg-1"><b>Caram.haribo Cuori Kg 1</b></a></h4>
        <p class="description">Haribo Big Bag Cuori 1 Kg</p>
        <p class="right price"><b>8.92 €</b></p>
        <p class="right unitPrice">8.92 € per kg</p>
    </div>
    <div class="contButton">
    <a class="button bgRed white addToCart" href="#">Add</a>
</div>
</div><div class="left product prod44"
        data-name="Caram.haribo Dragibus Kg 2"
        data-price="14.48"
        data-id="25606"
        data-available="yes"
        data-category="4748"
        data-bestselling="">
    <a href="../caramharibo-dragibus-kg-2">
        <div style="background-image: url('../../cdn.spesati.com/images/products/000110972/haribo-dragibus-original-2-kg-01.png')">
            <div class="hover"></div>
            
            <div class="stickers"></div>
        </div>
    </a>
    <div>
        <h4><a href="../caramharibo-dragibus-kg-2"><b>Caram.haribo Dragibus Kg 2</b></a></h4>
        <p class="description">Haribo Dragibus Original 2 kg</p>
        <p class="right price"><b>14.48 €</b></p>
        <p class="right unitPrice">7.24 € per kg</p>
    </div>
    <div class="contButton">
    <a class="button bgRed white addToCart" href="#">Add</a>
</div>
</div><div class="left product prod45"
        data-name="Caram Mentos 20pz Frutta"
        data-price="23.51"
        data-id="25605"
        data-available="yes"
        data-category="4748"
        data-bestselling="">
    <a href="../caram-mentos-20pz-frutta">
        <div style="background-image: url('../../cdn.spesati.com/images/products/000110971/mentos-chewy-dragees-gusto-frutta-20-x-38-g-01.png')">
            <div class="hover"></div>
            
            <div class="stickers"></div>
        </div>
    </a>
    <div>
        <h4><a href="../caram-mentos-20pz-frutta"><b>Caram Mentos 20pz Frutta</b></a></h4>
        <p class="description">mentos Chewy Dragees gusto frutta 20 x 38 g</p>
        <p class="right price"><b>23.51 €</b></p>
        <p class="right unitPrice">30.93 € per kg</p>
    </div>
    <div class="contButton">
    <a class="button bgRed white addToCart" href="#">Add</a>
</div>
</div><div class="left product prod46"
        data-name="Caram.haribo Dessert Car.kg1.5"
        data-price="12.76"
        data-id="25604"
        data-available="yes"
        data-category="4748"
        data-bestselling="">
    <a href="../caramharibo-dessert-carkg15">
        <div style="background-image: url('../../cdn.spesati.com/images/products/000110967/haribo-dessert-caramel-15-kg-01.png')">
            <div class="hover"></div>
            
            <div class="stickers"></div>
        </div>
    </a>
    <div>
        <h4><a href="../caramharibo-dessert-carkg15"><b>Caram.haribo Dessert Car.kg1.5</b></a></h4>
        <p class="description">Haribo Dessert Caramel 1,5 kg</p>
        <p class="right price"><b>12.76 €</b></p>
        <p class="right unitPrice">8.50 € per kg</p>
    </div>
    <div class="contButton">
    <a class="button bgRed white addToCart" href="#">Add</a>
</div>
</div><div class="left product prod47"
        data-name="Caram Haribo Coccodrilli 2kg"
        data-price="14.48"
        data-id="25603"
        data-available="yes"
        data-category="4748"
        data-bestselling="">
    <a href="../caram-haribo-coccodrilli-2kg">
        <div style="background-image: url('../../cdn.spesati.com/images/products/000110962/haribo-coccodri-2-kg-01.png')">
            <div class="hover"></div>
            
            <div class="stickers"></div>
        </div>
    </a>
    <div>
        <h4><a href="../caram-haribo-coccodrilli-2kg"><b>Caram Haribo Coccodrilli 2kg</b></a></h4>
        <p class="description">Haribo Coccodri 2 kg</p>
        <p class="right price"><b>14.48 €</b></p>
        <p class="right unitPrice">7.24 € per kg</p>
    </div>
    <div class="contButton">
    <a class="button bgRed white addToCart" href="#">Add</a>
</div>
</div><div class="left product prod48"
        data-name="Busta Best Mix Mao Pop 10 Pz"
        data-price="2.31"
        data-id="6804"
        data-available="yes"
        data-category="4748"
        data-bestselling="">
    <a href="../busta-best-mix-mao-pop-10-pz">
        <div style="background-image: url('../../cdn.spesati.com/images/products/000110957/maoam-mao-pop-best-mix-10-units-130-g-01.png')">
            <div class="hover"></div>
            
            <div class="stickers"></div>
        </div>
    </a>
    <div>
        <h4><a href="../busta-best-mix-mao-pop-10-pz"><b>Busta Best Mix Mao Pop 10 Pz</b></a></h4>
        <p class="description">Maoam Mao Pop Best Mix 10 units 130 g</p>
        <p class="right price"><b>2.31 €</b></p>
        <p class="right unitPrice">2.31 € per piece</p>
    </div>
    <div class="contButton">
    <a class="button bgRed white addToCart" href="#">Add</a>
</div>
</div><div class="left product prod49"
        data-name="Caram Haribo Morb Banane K 1,5"
        data-price="12.76"
        data-id="25601"
        data-available="yes"
        data-category="4748"
        data-bestselling="">
    <a href="../caram-haribo-morb-banane-k-15">
        <div style="background-image: url('../../cdn.spesati.com/images/products/000110950/haribo-morbidezze-banana-15-kg-01.png')">
            <div class="hover"></div>
            
            <div class="stickers"></div>
        </div>
    </a>
    <div>
        <h4><a href="../caram-haribo-morb-banane-k-15"><b>Caram Haribo Morb Banane K 1,5</b></a></h4>
        <p class="description">Haribo Morbidezze Banana 1,5 kg</p>
        <p class="right price"><b>12.76 €</b></p>
        <p class="right unitPrice">8.50 € per kg</p>
    </div>
    <div class="contButton">
    <a class="button bgRed white addToCart" href="#">Add</a>
</div>
</div><div class="left product prod50"
        data-name="Caram Haribo Uova Tegamin K1,5"
        data-price="12.76"
        data-id="25600"
        data-available="yes"
        data-category="4748"
        data-bestselling="">
    <a href="../caram-haribo-uova-tegamin-k15">
        <div style="background-image: url('../../cdn.spesati.com/images/products/000110949/haribo-uova-al-tegamino-15-kg-01.png')">
            <div class="hover"></div>
            
            <div class="stickers"></div>
        </div>
    </a>
    <div>
        <h4><a href="../caram-haribo-uova-tegamin-k15"><b>Caram Haribo Uova Tegamin K1,5</b></a></h4>
        <p class="description">Haribo Uova al Tegamino 1,5 kg</p>
        <p class="right price"><b>12.76 €</b></p>
        <p class="right unitPrice">8.50 € per kg</p>
    </div>
    <div class="contButton">
    <a class="button bgRed white addToCart" href="#">Add</a>
</div>
</div><div class="left product prod51"
        data-name="Caram Haribo Rot Liquiriz Kg 2"
        data-price="14.48"
        data-id="25599"
        data-available="yes"
        data-category="4748"
        data-bestselling="">
    <a href="../caram-haribo-rot-liquiriz-kg-2">
        <div style="background-image: url('../../cdn.spesati.com/images/products/000110948/haribo-maxi-rotelle-1818-kg-01.png')">
            <div class="hover"></div>
            
            <div class="stickers"></div>
        </div>
    </a>
    <div>
        <h4><a href="../caram-haribo-rot-liquiriz-kg-2"><b>Caram Haribo Rot Liquiriz Kg 2</b></a></h4>
        <p class="description">Haribo Maxi Rotelle 1,818 kg</p>
        <p class="right price"><b>14.48 €</b></p>
        <p class="right unitPrice">7.24 € per kg</p>
    </div>
    <div class="contButton">
    <a class="button bgRed white addToCart" href="#">Add</a>
</div>
</div><div class="left product prod52"
        data-name="Caram Haribo M Fragoline K1.5"
        data-price="12.76"
        data-id="25598"
        data-available="yes"
        data-category="4748"
        data-bestselling="">
    <a href="../caram-haribo-m-fragoline-k15">
        <div style="background-image: url('../../cdn.spesati.com/images/products/000110947/haribo-morbidezze-fragoline-15-kg-01.png')">
            <div class="hover"></div>
            
            <div class="stickers"></div>
        </div>
    </a>
    <div>
        <h4><a href="../caram-haribo-m-fragoline-k15"><b>Caram Haribo M Fragoline K1.5</b></a></h4>
        <p class="description">Haribo Morbidezze Fragoline 1,5 kg</p>
        <p class="right price"><b>12.76 €</b></p>
        <p class="right unitPrice">8.50 € per kg</p>
    </div>
    <div class="contButton">
    <a class="button bgRed white addToCart" href="#">Add</a>
</div>
</div><div class="left product prod53"
        data-name="Caram Haribo C-gelato 8x200 Pz"
        data-price="12.01"
        data-id="25596"
        data-available="yes"
        data-category="4748"
        data-bestselling="">
    <a href="../caram-haribo-c-gelato-8x200-pz">
        <div style="background-image: url('../../cdn.spesati.com/images/products/000110934/haribo-cono-gelato-976-g-01.png')">
            <div class="hover"></div>
            
            <div class="stickers"></div>
        </div>
    </a>
    <div>
        <h4><a href="../caram-haribo-c-gelato-8x200-pz"><b>Caram Haribo C-gelato 8x200 Pz</b></a></h4>
        <p class="description">Haribo Cono Gelato 976 g</p>
        <p class="right price"><b>12.01 €</b></p>
        <p class="right unitPrice">60.06 € per kg</p>
    </div>
    <div class="contButton">
    <a class="button bgRed white addToCart" href="#">Add</a>
</div>
</div><div class="left product prod54"
        data-name="Caram Frisk Pepperm Newbox S-z"
        data-price="17.24"
        data-id="25577"
        data-available="yes"
        data-category="4748"
        data-bestselling="">
    <a href="../caram-frisk-pepperm-newbox-s-z">
        <div style="background-image: url('../../cdn.spesati.com/images/products/000110749/frisk-peppermint-12-x-57-g-01.png')">
            <div class="hover"></div>
            
            <div class="stickers"></div>
        </div>
    </a>
    <div>
        <h4><a href="../caram-frisk-pepperm-newbox-s-z"><b>Caram Frisk Pepperm Newbox S-z</b></a></h4>
        <p class="description">Frisk Peppermint 12 x 5,7 g</p>
        <p class="right price"><b>17.24 €</b></p>
        <p class="right unitPrice">492.59 € per kg</p>
    </div>
    <div class="contButton">
    <a class="button bgRed white addToCart" href="#">Add</a>
</div>
</div><div class="left product prod55"
        data-name="Galatine Sperlari 125Gr"
        data-price="2.49"
        data-id="6734"
        data-available="yes"
        data-category="4748"
        data-bestselling="">
    <a href="../galatine-sperlari-125gr">
        <div style="background-image: url('../../cdn.spesati.com/images/products/000110594/galatine-tavolette-al-latte-125-g-01.png')">
            <div class="hover"></div>
            
            <div class="stickers"></div>
        </div>
    </a>
    <div>
        <h4><a href="../galatine-sperlari-125gr"><b>Galatine Sperlari 125Gr</b></a></h4>
        <p class="description">Galatine Tavolette al Latte 125 g</p>
        <p class="right price"><b>2.49 €</b></p>
        <p class="right unitPrice">19.92 € per kg</p>
    </div>
    <div class="contButton">
    <a class="button bgRed white addToCart" href="#">Add</a>
</div>
</div><div class="left product prod56"
        data-name="Chupa Ch Tbo Busta 120pz"
        data-price="40.18"
        data-id="25564"
        data-available="yes"
        data-category="4748"
        data-bestselling="">
    <a href="../chupa-ch-tbo-busta-120pz">
        <div style="background-image: url('../../cdn.spesati.com/images/products/000110589/chupa-chups-the-best-of-120-x-12-g-01.png')">
            <div class="hover"></div>
            
            <div class="stickers"></div>
        </div>
    </a>
    <div>
        <h4><a href="../chupa-ch-tbo-busta-120pz"><b>Chupa Ch Tbo Busta 120pz</b></a></h4>
        <p class="description">Chupa Chups the Best of 120 x 12 g</p>
        <p class="right price"><b>40.18 €</b></p>
        <p class="right unitPrice">3.30 € per kg</p>
    </div>
    <div class="contButton">
    <a class="button bgRed white addToCart" href="#">Add</a>
</div>
</div><div class="left product prod57"
        data-name="Chupa Chups Tbo Tin 150p"
        data-price="48.40"
        data-id="25563"
        data-available="yes"
        data-category="4748"
        data-bestselling="">
    <a href="../chupa-chups-tbo-tin-150p">
        <div style="background-image: url('../../cdn.spesati.com/images/products/000110588/chupa-chups-forever-fun-150-x-12-g-01.png')">
            <div class="hover"></div>
            
            <div class="stickers"></div>
        </div>
    </a>
    <div>
        <h4><a href="../chupa-chups-tbo-tin-150p"><b>Chupa Chups Tbo Tin 150p</b></a></h4>
        <p class="description">Chupa Chups Forever Fun 150 x 12 g</p>
        <p class="right price"><b>48.40 €</b></p>
        <p class="right unitPrice">26.88 € per kg</p>
    </div>
    <div class="contButton">
    <a class="button bgRed white addToCart" href="#">Add</a>
</div>
</div><div class="left product prod58"
        data-name="Chupa Ch The Best Of Ruota 200"
        data-price="64.52"
        data-id="25562"
        data-available="yes"
        data-category="4748"
        data-bestselling="">
    <a href="../chupa-ch-the-best-of-ruota-200">
        <div style="background-image: url('../../cdn.spesati.com/images/products/000110587/chupa-chups-the-best-of-200-x-12-g-01.png')">
            <div class="hover"></div>
            
            <div class="stickers"></div>
        </div>
    </a>
    <div>
        <h4><a href="../chupa-ch-the-best-of-ruota-200"><b>Chupa Ch The Best Of Ruota 200</b></a></h4>
        <p class="description">Chupa Chups the Best of 200 x 12 g</p>
        <p class="right price"><b>64.52 €</b></p>
        <p class="right unitPrice">4.40 € per kg</p>
    </div>
    <div class="contButton">
    <a class="button bgRed white addToCart" href="#">Add</a>
</div>
</div><div class="left product prod59"
        data-name="Caramelle Gelees Sperlari Gr 400"
        data-price="4.47"
        data-id="4725"
        data-available="yes"
        data-category="4748"
        data-bestselling="">
    <a href="../caramelle-gelees-sperlari-gr-400">
        <div style="background-image: url('../../cdn.spesati.com/images/products/000110586/sperlari-gran-gelees-frutti-del-sole-400-g-01.png')">
            <div class="hover"></div>
            
            <div class="stickers"></div>
        </div>
    </a>
    <div>
        <h4><a href="../caramelle-gelees-sperlari-gr-400"><b>Caramelle Gelees Sperlari Gr 400</b></a></h4>
        <p class="description">Sperlari Gran Gelées Frutti del Sole 400 g</p>
        <p class="right price"><b>4.47 €</b></p>
        <p class="right unitPrice">11.19 € per kg</p>
    </div>
    <div class="contButton">
    <a class="button bgRed white addToCart" href="#">Add</a>
</div>
</div><div class="left product prod60"
        data-name="Caram Gelees Sperlari 3kg"
        data-price="36.24"
        data-id="25561"
        data-available="yes"
        data-category="4748"
        data-bestselling="">
    <a href="../caram-gelees-sperlari-3kg">
        <div style="background-image: url('../../cdn.spesati.com/images/products/000110585/sperlari-caramelle-gelees-ai-gusti-di-frutta-3-kg-01.png')">
            <div class="hover"></div>
            
            <div class="stickers"></div>
        </div>
    </a>
    <div>
        <h4><a href="../caram-gelees-sperlari-3kg"><b>Caram Gelees Sperlari 3kg</b></a></h4>
        <p class="description">Sperlari Caramelle Gelees ai Gusti di Frutta 3 kg</p>
        <p class="right price"><b>36.24 €</b></p>
        <p class="right unitPrice">12.08 € per kg</p>
    </div>
    <div class="contButton">
    <a class="button bgRed white addToCart" href="#">Add</a>
</div>
</div><div class="left product prod61"
        data-name="Perfetti Golia Activ Plus Sz Stick"
        data-price="31.58"
        data-id="1544"
        data-available="yes"
        data-category="4748"
        data-bestselling="">
    <a href="../perfetti-golia-activ-plus-sz-stick">
        <div style="background-image: url('../../cdn.spesati.com/images/products/000110387/golia-activ-plus-24-x-34-g-01.png')">
            <div class="hover"></div>
            
            <div class="stickers"></div>
        </div>
    </a>
    <div>
        <h4><a href="../perfetti-golia-activ-plus-sz-stick"><b>Perfetti Golia Activ Plus Sz Stick</b></a></h4>
        <p class="description">Golia Activ Plus 24 x 34 g</p>
        <p class="right price"><b>31.58 €</b></p>
        <p class="right unitPrice">631.62 € per kg</p>
    </div>
    <div class="contButton">
    <a class="button bgRed white addToCart" href="#">Add</a>
</div>
</div><div class="left product prod62"
        data-name="Caram Mentos 40pz Menta"
        data-price="46.16"
        data-id="25545"
        data-available="yes"
        data-category="4748"
        data-bestselling="">
    <a href="../caram-mentos-40pz-menta">
        <div style="background-image: url('../../cdn.spesati.com/images/products/000110370/mentos-chewy-dragees-menta-40-x-38-g-01.png')">
            <div class="hover"></div>
            
            <div class="stickers"></div>
        </div>
    </a>
    <div>
        <h4><a href="../caram-mentos-40pz-menta"><b>Caram Mentos 40pz Menta</b></a></h4>
        <p class="description">mentos Chewy Dragees menta 40 x 38 g</p>
        <p class="right price"><b>46.16 €</b></p>
        <p class="right unitPrice">30.37 € per kg</p>
    </div>
    <div class="contButton">
    <a class="button bgRed white addToCart" href="#">Add</a>
</div>
</div><div class="left product prod63"
        data-name="Caram Morositas Berry Frut 16p"
        data-price="35.61"
        data-id="25544"
        data-available="yes"
        data-category="4748"
        data-bestselling="">
    <a href="../caram-morositas-berry-frut-16p">
        <div style="background-image: url('../../cdn.spesati.com/images/products/000110367/morositas-berry-gusti-mora-e-lampone-16-x-50-g-01.png')">
            <div class="hover"></div>
            
            <div class="stickers"></div>
        </div>
    </a>
    <div>
        <h4><a href="../caram-morositas-berry-frut-16p"><b>Caram Morositas Berry Frut 16p</b></a></h4>
        <p class="description">Morositas Berry Gusti Mora e Lampone 16 x 50 g</p>
        <p class="right price"><b>35.61 €</b></p>
        <p class="right unitPrice">44.52 € per kg</p>
    </div>
    <div class="contButton">
    <a class="button bgRed white addToCart" href="#">Add</a>
</div>
</div><div class="left product prod64"
        data-name="Perfetti Morositas Stick Assortite"
        data-price="28.21"
        data-id="5739"
        data-available="yes"
        data-category="4748"
        data-bestselling="">
    <a href="../perfetti-morositas-stick-assortite">
        <div style="background-image: url('../../cdn.spesati.com/images/products/000110360/morositas-caramelle-gommose-alla-liquirizia-24-x-34-g-01.png')">
            <div class="hover"></div>
            
            <div class="stickers"><img class="left" src="../../cdn.spesati.com/images/layout/gluten-free.png" /></div>
        </div>
    </a>
    <div>
        <h4><a href="../perfetti-morositas-stick-assortite"><b>Perfetti Morositas Stick Assortite</b></a></h4>
        <p class="description">Morositas caramelle gommose alla liquirizia 24 x 34 g</p>
        <p class="right price"><b>28.21 €</b></p>
        <p class="right unitPrice">829.81 € per kg</p>
    </div>
    <div class="contButton">
    <a class="button bgRed white addToCart" href="#">Add</a>
</div>
</div><div class="left product prod65"
        data-name="Perfetti Golia Bian Stick"
        data-price="28.21"
        data-id="1545"
        data-available="yes"
        data-category="4748"
        data-bestselling="">
    <a href="../perfetti-golia-bian-stick">
        <div style="background-image: url('../../cdn.spesati.com/images/products/000110352/golia-bianca-24-x-38-g-01.png')">
            <div class="hover"></div>
            
            <div class="stickers"></div>
        </div>
    </a>
    <div>
        <h4><a href="../perfetti-golia-bian-stick"><b>Perfetti Golia Bian Stick</b></a></h4>
        <p class="description">Golia Bianca 24 x 38 g</p>
        <p class="right price"><b>28.21 €</b></p>
        <p class="right unitPrice">564.27 € per kg</p>
    </div>
    <div class="contButton">
    <a class="button bgRed white addToCart" href="#">Add</a>
</div>
</div><div class="left product prod66"
        data-name="Caramelle Saila Liquirizia Busta 100Gr"
        data-price="2.10"
        data-id="6736"
        data-available="yes"
        data-category="4748"
        data-bestselling="">
    <a href="../caramelle-saila-liquirizia-busta-100gr">
        <div style="background-image: url('../../cdn.spesati.com/images/products/000110192/saila-con-100-liquirizia-italiana-confetti-teneri-100-g-01.png')">
            <div class="hover"></div>
            
            <div class="stickers"></div>
        </div>
    </a>
    <div>
        <h4><a href="../caramelle-saila-liquirizia-busta-100gr"><b>Caramelle Saila Liquirizia Busta 100Gr</b></a></h4>
        <p class="description">Saila con 100% Liquirizia Italiana Confetti teneri 100 g</p>
        <p class="right price"><b>2.10 €</b></p>
        <p class="right unitPrice">21.01 € per kg</p>
    </div>
    <div class="contButton">
    <a class="button bgRed white addToCart" href="#">Add</a>
</div>
</div><div class="left product prod67"
        data-name="Caramelle Saila Menta Busta 100Gr"
        data-price="2.10"
        data-id="6728"
        data-available="yes"
        data-category="4748"
        data-bestselling="">
    <a href="../caramelle-saila-menta-busta-100gr">
        <div style="background-image: url('../../cdn.spesati.com/images/products/000110190/saila-alla-menta-piemontese-confetti-teneri-100-g-01.png')">
            <div class="hover"></div>
            
            <div class="stickers"></div>
        </div>
    </a>
    <div>
        <h4><a href="../caramelle-saila-menta-busta-100gr"><b>Caramelle Saila Menta Busta 100Gr</b></a></h4>
        <p class="description">Saila alla Menta Piemontese Confetti teneri 100 g</p>
        <p class="right price"><b>2.10 €</b></p>
        <p class="right unitPrice">21.01 € per kg</p>
    </div>
    <div class="contButton">
    <a class="button bgRed white addToCart" href="#">Add</a>
</div>
</div><div class="left product prod68"
        data-name="Car Halls Cool Ex Fo S-z 2x12p"
        data-price="19.96"
        data-id="25484"
        data-available="yes"
        data-category="4748"
        data-bestselling="">
    <a href="../car-halls-cool-ex-fo-s-z-2x12p">
        <div style="background-image: url('../../cdn.spesati.com/images/products/000110061/halls-bipack-extrastrong-2-x-32-g-01.png')">
            <div class="hover"></div>
            
            <div class="stickers"></div>
        </div>
    </a>
    <div>
        <h4><a href="../car-halls-cool-ex-fo-s-z-2x12p"><b>Car Halls Cool Ex Fo S-z 2x12p</b></a></h4>
        <p class="description">Halls Bipack ExtraStrong 2 x 32 g</p>
        <p class="right price"><b>19.96 €</b></p>
        <p class="right unitPrice">307.08 € per kg</p>
    </div>
    <div class="contButton">
    <a class="button bgRed white addToCart" href="#">Add</a>
</div>
</div><div class="left product prod69"
        data-name="Caramelle Halls Cool Original Senza Zucchero"
        data-price="26.69"
        data-id="6731"
        data-available="yes"
        data-category="4748"
        data-bestselling="">
    <a href="../caramelle-halls-cool-original-senza-zucchero">
        <div style="background-image: url('../../cdn.spesati.com/images/products/000110060/halls-bipack-original-2-x-32-g-01.png')">
            <div class="hover"></div>
            
            <div class="stickers"></div>
        </div>
    </a>
    <div>
        <h4><a href="../caramelle-halls-cool-original-senza-zucchero"><b>Caramelle Halls Cool Original Senza Zucchero</b></a></h4>
        <p class="description">Halls Bipack Original 2 x 32 g</p>
        <p class="right price"><b>26.69 €</b></p>
        <p class="right unitPrice">222.43 € per kg</p>
    </div>
    <div class="contButton">
    <a class="button bgRed white addToCart" href="#">Add</a>
</div>
</div><div class="left product prod70"
        data-name="Caram Giulia Fruitland 300gr"
        data-price="2.95"
        data-id="25615"
        data-available="yes"
        data-category="4748"
        data-bestselling="">
    <a href="../caram-giulia-fruitland-300gr">
        <div style="background-image: url('../../cdn.spesati.com/images/products/missing-image/missing-image.jpg')">
            <div class="hover"></div>
            
            <div class="stickers"></div>
        </div>
    </a>
    <div>
        <h4><a href="../caram-giulia-fruitland-300gr"><b>Caram Giulia Fruitland 300gr</b></a></h4>
        <p class="description">0.3 Kg</p>
        <p class="right price"><b>2.95 €</b></p>
        <p class="right unitPrice">9.85 € per kg</p>
    </div>
    <div class="contButton">
    <a class="button bgRed white addToCart" href="#">Add</a>
</div>
</div><div class="left product prod71"
        data-name="Caram Giulia Mou Milk 300 Gr"
        data-price="2.95"
        data-id="25626"
        data-available="yes"
        data-category="4748"
        data-bestselling="">
    <a href="../caram-giulia-mou-milk-300-gr">
        <div style="background-image: url('../../cdn.spesati.com/images/products/missing-image/missing-image.jpg')">
            <div class="hover"></div>
            
            <div class="stickers"></div>
        </div>
    </a>
    <div>
        <h4><a href="../caram-giulia-mou-milk-300-gr"><b>Caram Giulia Mou Milk 300 Gr</b></a></h4>
        <p class="description">0.3 Kg</p>
        <p class="right price"><b>2.95 €</b></p>
        <p class="right unitPrice">9.85 € per kg</p>
    </div>
    <div class="contButton">
    <a class="button bgRed white addToCart" href="#">Add</a>
</div>
</div><div class="left product prod72"
        data-name="Confet Tricioc Pistacchi 500gr"
        data-price="8.78"
        data-id="25773"
        data-available="yes"
        data-category="4748"
        data-bestselling="">
    <a href="../confet-tricioc-pistacchi-500gr">
        <div style="background-image: url('../../cdn.spesati.com/images/products/missing-image/missing-image.jpg')">
            <div class="hover"></div>
            
            <div class="stickers"></div>
        </div>
    </a>
    <div>
        <h4><a href="../confet-tricioc-pistacchi-500gr"><b>Confet Tricioc Pistacchi 500gr</b></a></h4>
        <p class="description">0.5 Kg</p>
        <p class="right price"><b>8.78 €</b></p>
        <p class="right unitPrice">17.56 € per kg</p>
    </div>
    <div class="contButton">
    <a class="button bgRed white addToCart" href="#">Add</a>
</div>
</div><div class="left product prod73"
        data-name="Confet Tricioc Mix 500gr"
        data-price="8.78"
        data-id="25774"
        data-available="yes"
        data-category="4748"
        data-bestselling="">
    <a href="../confet-tricioc-mix-500gr">
        <div style="background-image: url('../../cdn.spesati.com/images/products/missing-image/missing-image.jpg')">
            <div class="hover"></div>
            
            <div class="stickers"></div>
        </div>
    </a>
    <div>
        <h4><a href="../confet-tricioc-mix-500gr"><b>Confet Tricioc Mix 500gr</b></a></h4>
        <p class="description">0.5 Kg</p>
        <p class="right price"><b>8.78 €</b></p>
        <p class="right unitPrice">17.56 € per kg</p>
    </div>
    <div class="contButton">
    <a class="button bgRed white addToCart" href="#">Add</a>
</div>
</div><div class="left product prod74"
        data-name="Confet Maxtris Sacch Mix 150g"
        data-price="4.00"
        data-id="25778"
        data-available="yes"
        data-category="4748"
        data-bestselling="">
    <a href="../confet-maxtris-sacch-mix-150g">
        <div style="background-image: url('../../cdn.spesati.com/images/products/missing-image/missing-image.jpg')">
            <div class="hover"></div>
            
            <div class="stickers"></div>
        </div>
    </a>
    <div>
        <h4><a href="../confet-maxtris-sacch-mix-150g"><b>Confet Maxtris Sacch Mix 150g</b></a></h4>
        <p class="description">0.15 Kg</p>
        <p class="right price"><b>4.00 €</b></p>
        <p class="right unitPrice">26.64 € per kg</p>
    </div>
    <div class="contButton">
    <a class="button bgRed white addToCart" href="#">Add</a>
</div>
</div><div class="left product prod75"
        data-name="Caram Peruga Polo Menta 32x34g"
        data-price="43.10"
        data-id="25831"
        data-available="yes"
        data-category="4748"
        data-bestselling="">
    <a href="../caram-peruga-polo-menta-32x34g">
        <div style="background-image: url('../../cdn.spesati.com/images/products/missing-image/missing-image.jpg')">
            <div class="hover"></div>
            
            <div class="stickers"></div>
        </div>
    </a>
    <div>
        <h4><a href="../caram-peruga-polo-menta-32x34g"><b>Caram Peruga Polo Menta 32x34g</b></a></h4>
        <p class="description">1.09 Kg</p>
        <p class="right price"><b>43.10 €</b></p>
        <p class="right unitPrice">39.62 € per kg</p>
    </div>
    <div class="contButton">
    <a class="button bgRed white addToCart" href="#">Add</a>
</div>
</div><div class="left product prod76"
        data-name="Confet Triciok Marbled 500gr"
        data-price="8.78"
        data-id="25835"
        data-available="yes"
        data-category="4748"
        data-bestselling="">
    <a href="../confet-triciok-marbled-500gr">
        <div style="background-image: url('../../cdn.spesati.com/images/products/missing-image/missing-image.jpg')">
            <div class="hover"></div>
            
            <div class="stickers"></div>
        </div>
    </a>
    <div>
        <h4><a href="../confet-triciok-marbled-500gr"><b>Confet Triciok Marbled 500gr</b></a></h4>
        <p class="description">0.5 Kg</p>
        <p class="right price"><b>8.78 €</b></p>
        <p class="right unitPrice">17.56 € per kg</p>
    </div>
    <div class="contButton">
    <a class="button bgRed white addToCart" href="#">Add</a>
</div>
</div><div class="left product prod77"
        data-name="Confet Triciok Yog Frutt 500gr"
        data-price="8.78"
        data-id="25836"
        data-available="yes"
        data-category="4748"
        data-bestselling="">
    <a href="../confet-triciok-yog-frutt-500gr">
        <div style="background-image: url('../../cdn.spesati.com/images/products/missing-image/missing-image.jpg')">
            <div class="hover"></div>
            
            <div class="stickers"></div>
        </div>
    </a>
    <div>
        <h4><a href="../confet-triciok-yog-frutt-500gr"><b>Confet Triciok Yog Frutt 500gr</b></a></h4>
        <p class="description">0.5 Kg</p>
        <p class="right price"><b>8.78 €</b></p>
        <p class="right unitPrice">17.56 € per kg</p>
    </div>
    <div class="contButton">
    <a class="button bgRed white addToCart" href="#">Add</a>
</div>
</div><div class="left product prod78"
        data-name="Confet Triciok Frut Bian 500gr"
        data-price="8.78"
        data-id="25837"
        data-available="yes"
        data-category="4748"
        data-bestselling="">
    <a href="../confet-triciok-frut-bian-500gr">
        <div style="background-image: url('../../cdn.spesati.com/images/products/missing-image/missing-image.jpg')">
            <div class="hover"></div>
            
            <div class="stickers"></div>
        </div>
    </a>
    <div>
        <h4><a href="../confet-triciok-frut-bian-500gr"><b>Confet Triciok Frut Bian 500gr</b></a></h4>
        <p class="description">0.5 Kg</p>
        <p class="right price"><b>8.78 €</b></p>
        <p class="right unitPrice">17.56 € per kg</p>
    </div>
    <div class="contButton">
    <a class="button bgRed white addToCart" href="#">Add</a>
</div>
</div><div class="left product prod79"
        data-name="Confet Triciok Clas Rosa 500gr"
        data-price="9.74"
        data-id="25838"
        data-available="yes"
        data-category="4748"
        data-bestselling="">
    <a href="../confet-triciok-clas-rosa-500gr">
        <div style="background-image: url('../../cdn.spesati.com/images/products/missing-image/missing-image.jpg')">
            <div class="hover"></div>
            
            <div class="stickers"></div>
        </div>
    </a>
    <div>
        <h4><a href="../confet-triciok-clas-rosa-500gr"><b>Confet Triciok Clas Rosa 500gr</b></a></h4>
        <p class="description">0.5 Kg</p>
        <p class="right price"><b>9.74 €</b></p>
        <p class="right unitPrice">19.48 € per kg</p>
    </div>
    <div class="contButton">
    <a class="button bgRed white addToCart" href="#">Add</a>
</div>
</div><div class="left product prod80"
        data-name="Conf Triciok Sfum Celes 500gr"
        data-price="9.09"
        data-id="25839"
        data-available="yes"
        data-category="4748"
        data-bestselling="">
    <a href="../conf-triciok-sfum-celes-500gr">
        <div style="background-image: url('../../cdn.spesati.com/images/products/missing-image/missing-image.jpg')">
            <div class="hover"></div>
            
            <div class="stickers"></div>
        </div>
    </a>
    <div>
        <h4><a href="../conf-triciok-sfum-celes-500gr"><b>Conf Triciok Sfum Celes 500gr</b></a></h4>
        <p class="description">0.5 Kg</p>
        <p class="right price"><b>9.09 €</b></p>
        <p class="right unitPrice">18.17 € per kg</p>
    </div>
    <div class="contButton">
    <a class="button bgRed white addToCart" href="#">Add</a>
</div>
</div><div class="left product prod81"
        data-name="Conf Triciok Sfumat Rosa 500gr"
        data-price="9.09"
        data-id="25840"
        data-available="yes"
        data-category="4748"
        data-bestselling="">
    <a href="../conf-triciok-sfumat-rosa-500gr">
        <div style="background-image: url('../../cdn.spesati.com/images/products/missing-image/missing-image.jpg')">
            <div class="hover"></div>
            
            <div class="stickers"></div>
        </div>
    </a>
    <div>
        <h4><a href="../conf-triciok-sfumat-rosa-500gr"><b>Conf Triciok Sfumat Rosa 500gr</b></a></h4>
        <p class="description">0.5 Kg</p>
        <p class="right price"><b>9.09 €</b></p>
        <p class="right unitPrice">18.17 € per kg</p>
    </div>
    <div class="contButton">
    <a class="button bgRed white addToCart" href="#">Add</a>
</div>
</div><div class="left product prod82"
        data-name="Conf Almond Dragees Bian 500gr"
        data-price="8.40"
        data-id="25843"
        data-available="yes"
        data-category="4748"
        data-bestselling="">
    <a href="../conf-almond-dragees-bian-500gr">
        <div style="background-image: url('../../cdn.spesati.com/images/products/missing-image/missing-image.jpg')">
            <div class="hover"></div>
            
            <div class="stickers"></div>
        </div>
    </a>
    <div>
        <h4><a href="../conf-almond-dragees-bian-500gr"><b>Conf Almond Dragees Bian 500gr</b></a></h4>
        <p class="description">0.5 Kg</p>
        <p class="right price"><b>8.40 €</b></p>
        <p class="right unitPrice">16.80 € per kg</p>
    </div>
    <div class="contButton">
    <a class="button bgRed white addToCart" href="#">Add</a>
</div>
</div><div class="left product prod83"
        data-name="Conf Almond Dragees Cele 500gr"
        data-price="8.40"
        data-id="25844"
        data-available="yes"
        data-category="4748"
        data-bestselling="">
    <a href="../conf-almond-dragees-cele-500gr">
        <div style="background-image: url('../../cdn.spesati.com/images/products/missing-image/missing-image.jpg')">
            <div class="hover"></div>
            
            <div class="stickers"></div>
        </div>
    </a>
    <div>
        <h4><a href="../conf-almond-dragees-cele-500gr"><b>Conf Almond Dragees Cele 500gr</b></a></h4>
        <p class="description">0.5 Kg</p>
        <p class="right price"><b>8.40 €</b></p>
        <p class="right unitPrice">16.80 € per kg</p>
    </div>
    <div class="contButton">
    <a class="button bgRed white addToCart" href="#">Add</a>
</div>
</div><div class="left product prod84"
        data-name="Conf Almond Dragees Rosa 500gr"
        data-price="8.40"
        data-id="25845"
        data-available="yes"
        data-category="4748"
        data-bestselling="">
    <a href="../conf-almond-dragees-rosa-500gr">
        <div style="background-image: url('../../cdn.spesati.com/images/products/missing-image/missing-image.jpg')">
            <div class="hover"></div>
            
            <div class="stickers"></div>
        </div>
    </a>
    <div>
        <h4><a href="../conf-almond-dragees-rosa-500gr"><b>Conf Almond Dragees Rosa 500gr</b></a></h4>
        <p class="description">0.5 Kg</p>
        <p class="right price"><b>8.40 €</b></p>
        <p class="right unitPrice">16.80 € per kg</p>
    </div>
    <div class="contButton">
    <a class="button bgRed white addToCart" href="#">Add</a>
</div>
</div><div class="left product prod85"
        data-name="Conf Almond Dragees Ross 500gr"
        data-price="8.40"
        data-id="25846"
        data-available="yes"
        data-category="4748"
        data-bestselling="">
    <a href="../conf-almond-dragees-ross-500gr">
        <div style="background-image: url('../../cdn.spesati.com/images/products/missing-image/missing-image.jpg')">
            <div class="hover"></div>
            
            <div class="stickers"></div>
        </div>
    </a>
    <div>
        <h4><a href="../conf-almond-dragees-ross-500gr"><b>Conf Almond Dragees Ross 500gr</b></a></h4>
        <p class="description">0.5 Kg</p>
        <p class="right price"><b>8.40 €</b></p>
        <p class="right unitPrice">16.80 € per kg</p>
    </div>
    <div class="contButton">
    <a class="button bgRed white addToCart" href="#">Add</a>
</div>
</div><div class="left product prod86"
        data-name="Conf Almond Dragees Oro 500gr"
        data-price="12.71"
        data-id="25848"
        data-available="yes"
        data-category="4748"
        data-bestselling="">
    <a href="../conf-almond-dragees-oro-500gr">
        <div style="background-image: url('../../cdn.spesati.com/images/products/missing-image/missing-image.jpg')">
            <div class="hover"></div>
            
            <div class="stickers"></div>
        </div>
    </a>
    <div>
        <h4><a href="../conf-almond-dragees-oro-500gr"><b>Conf Almond Dragees Oro 500gr</b></a></h4>
        <p class="description">0.5 Kg</p>
        <p class="right price"><b>12.71 €</b></p>
        <p class="right unitPrice">25.42 € per kg</p>
    </div>
    <div class="contButton">
    <a class="button bgRed white addToCart" href="#">Add</a>
</div>
</div><div class="left product prod87"
        data-name="Caram Giulia Spicchi 300g"
        data-price="2.95"
        data-id="25884"
        data-available="yes"
        data-category="4748"
        data-bestselling="">
    <a href="../caram-giulia-spicchi-300g">
        <div style="background-image: url('../../cdn.spesati.com/images/products/missing-image/missing-image.jpg')">
            <div class="hover"></div>
            
            <div class="stickers"></div>
        </div>
    </a>
    <div>
        <h4><a href="../caram-giulia-spicchi-300g"><b>Caram Giulia Spicchi 300g</b></a></h4>
        <p class="description">0.3 Kg</p>
        <p class="right price"><b>2.95 €</b></p>
        <p class="right unitPrice">9.85 € per kg</p>
    </div>
    <div class="contButton">
    <a class="button bgRed white addToCart" href="#">Add</a>
</div>
</div><div class="left product prod88"
        data-name="Car Haribo Mallow Girondo Pz60"
        data-price="11.43"
        data-id="25945"
        data-available="yes"
        data-category="4748"
        data-bestselling="">
    <a href="../car-haribo-mallow-girondo-pz60">
        <div style="background-image: url('../../cdn.spesati.com/images/products/missing-image/missing-image.jpg')">
            <div class="hover"></div>
            
            <div class="stickers"></div>
        </div>
    </a>
    <div>
        <h4><a href="../car-haribo-mallow-girondo-pz60"><b>Car Haribo Mallow Girondo Pz60</b></a></h4>
        <p class="description">0.78 Kg</p>
        <p class="right price"><b>11.43 €</b></p>
        <p class="right unitPrice">14.65 € per kg</p>
    </div>
    <div class="contButton">
    <a class="button bgRed white addToCart" href="#">Add</a>
</div>
</div><div class="left product prod89"
        data-name="Caram Giulia Frutta Ripien 1kg"
        data-price="8.15"
        data-id="27342"
        data-available="yes"
        data-category="4748"
        data-bestselling="">
    <a href="../caram-giulia-frutta-ripien-1kg">
        <div style="background-image: url('../../cdn.spesati.com/images/products/missing-image/missing-image.jpg')">
            <div class="hover"></div>
            
            <div class="stickers"></div>
        </div>
    </a>
    <div>
        <h4><a href="../caram-giulia-frutta-ripien-1kg"><b>Caram Giulia Frutta Ripien 1kg</b></a></h4>
        <p class="description">1 Kg</p>
        <p class="right price"><b>8.15 €</b></p>
        <p class="right unitPrice">8.15 € per kg</p>
    </div>
    <div class="contButton">
    <a class="button bgRed white addToCart" href="#">Add</a>
</div>
</div><div class="left product prod90"
        data-name="Caram Mangini Bye Gelee Liq 1k"
        data-price="16.77"
        data-id="25513"
        data-available="yes"
        data-category="4748"
        data-bestselling="">
    <a href="../caram-mangini-bye-gelee-liq-1k">
        <div style="background-image: url('../../cdn.spesati.com/images/products/missing-image/missing-image.jpg')">
            <div class="hover"></div>
            
            <div class="stickers"></div>
        </div>
    </a>
    <div>
        <h4><a href="../caram-mangini-bye-gelee-liq-1k"><b>Caram Mangini Bye Gelee Liq 1k</b></a></h4>
        <p class="description">medium weight  6.5 Kg</p>
        <p class="right price"><b>16.77 €</b></p>
        <p class="right unitPrice">15.25 € per kg</p>
    </div>
    <div class="contButton">
    <a class="button bgRed white addToCart" href="#">Add</a>
</div>
</div><div class="left product prod91"
        data-name="Caram Mangini Bye Latte Gr 150"
        data-price="2.38"
        data-id="25523"
        data-available="yes"
        data-category="4748"
        data-bestselling="">
    <a href="../caram-mangini-bye-latte-gr-150">
        <div style="background-image: url('../../cdn.spesati.com/images/products/missing-image/missing-image.jpg')">
            <div class="hover"></div>
            
            <div class="stickers"></div>
        </div>
    </a>
    <div>
        <h4><a href="../caram-mangini-bye-latte-gr-150"><b>Caram Mangini Bye Latte Gr 150</b></a></h4>
        <p class="description">0.15 Kg</p>
        <p class="right price"><b>2.38 €</b></p>
        <p class="right unitPrice">15.88 € per kg</p>
    </div>
    <div class="contButton">
    <a class="button bgRed white addToCart" href="#">Add</a>
</div>
</div><div class="left product prod92"
        data-name="Caram Mangini Bye Polar Gr 150"
        data-price="2.38"
        data-id="25524"
        data-available="yes"
        data-category="4748"
        data-bestselling="">
    <a href="../caram-mangini-bye-polar-gr-150">
        <div style="background-image: url('../../cdn.spesati.com/images/products/missing-image/missing-image.jpg')">
            <div class="hover"></div>
            
            <div class="stickers"></div>
        </div>
    </a>
    <div>
        <h4><a href="../caram-mangini-bye-polar-gr-150"><b>Caram Mangini Bye Polar Gr 150</b></a></h4>
        <p class="description">0.15 Kg</p>
        <p class="right price"><b>2.38 €</b></p>
        <p class="right unitPrice">15.88 € per kg</p>
    </div>
    <div class="contButton">
    <a class="button bgRed white addToCart" href="#">Add</a>
</div>
</div><div class="left product prod93"
        data-name="Caram Mangini Menta Pac 150gr"
        data-price="1.75"
        data-id="25525"
        data-available="yes"
        data-category="4748"
        data-bestselling="">
    <a href="../caram-mangini-menta-pac-150gr">
        <div style="background-image: url('../../cdn.spesati.com/images/products/missing-image/missing-image.jpg')">
            <div class="hover"></div>
            
            <div class="stickers"></div>
        </div>
    </a>
    <div>
        <h4><a href="../caram-mangini-menta-pac-150gr"><b>Caram Mangini Menta Pac 150gr</b></a></h4>
        <p class="description">0.15 Kg</p>
        <p class="right price"><b>1.75 €</b></p>
        <p class="right unitPrice">11.64 € per kg</p>
    </div>
    <div class="contButton">
    <a class="button bgRed white addToCart" href="#">Add</a>
</div>
</div><div class="left product prod94"
        data-name="Caram Mangini Bye Coffee 150gr"
        data-price="2.38"
        data-id="25526"
        data-available="yes"
        data-category="4748"
        data-bestselling="">
    <a href="../caram-mangini-bye-coffee-150gr">
        <div style="background-image: url('../../cdn.spesati.com/images/products/missing-image/missing-image.jpg')">
            <div class="hover"></div>
            
            <div class="stickers"></div>
        </div>
    </a>
    <div>
        <h4><a href="../caram-mangini-bye-coffee-150gr"><b>Caram Mangini Bye Coffee 150gr</b></a></h4>
        <p class="description">0.15 Kg</p>
        <p class="right price"><b>2.38 €</b></p>
        <p class="right unitPrice">15.88 € per kg</p>
    </div>
    <div class="contButton">
    <a class="button bgRed white addToCart" href="#">Add</a>
</div>
</div><div class="left product prod95"
        data-name="Caram Mangini Bye Frutta 150gr"
        data-price="2.38"
        data-id="25527"
        data-available="yes"
        data-category="4748"
        data-bestselling="">
    <a href="../caram-mangini-bye-frutta-150gr">
        <div style="background-image: url('../../cdn.spesati.com/images/products/missing-image/missing-image.jpg')">
            <div class="hover"></div>
            
            <div class="stickers"></div>
        </div>
    </a>
    <div>
        <h4><a href="../caram-mangini-bye-frutta-150gr"><b>Caram Mangini Bye Frutta 150gr</b></a></h4>
        <p class="description">0.15 Kg</p>
        <p class="right price"><b>2.38 €</b></p>
        <p class="right unitPrice">15.88 € per kg</p>
    </div>
    <div class="contButton">
    <a class="button bgRed white addToCart" href="#">Add</a>
</div>
</div><div class="left product prod96"
        data-name="Caram Mangini Anice Gr 150"
        data-price="1.49"
        data-id="25528"
        data-available="yes"
        data-category="4748"
        data-bestselling="">
    <a href="../caram-mangini-anice-gr-150">
        <div style="background-image: url('../../cdn.spesati.com/images/products/missing-image/missing-image.jpg')">
            <div class="hover"></div>
            
            <div class="stickers"></div>
        </div>
    </a>
    <div>
        <h4><a href="../caram-mangini-anice-gr-150"><b>Caram Mangini Anice Gr 150</b></a></h4>
        <p class="description">0.15 Kg</p>
        <p class="right price"><b>1.49 €</b></p>
        <p class="right unitPrice">9.93 € per kg</p>
    </div>
    <div class="contButton">
    <a class="button bgRed white addToCart" href="#">Add</a>
</div>
</div><div class="left product prod97"
        data-name="Caram Mangini Menta Rip Gr 150"
        data-price="1.90"
        data-id="25529"
        data-available="yes"
        data-category="4748"
        data-bestselling="">
    <a href="../caram-mangini-menta-rip-gr-150">
        <div style="background-image: url('../../cdn.spesati.com/images/products/missing-image/missing-image.jpg')">
            <div class="hover"></div>
            
            <div class="stickers"></div>
        </div>
    </a>
    <div>
        <h4><a href="../caram-mangini-menta-rip-gr-150"><b>Caram Mangini Menta Rip Gr 150</b></a></h4>
        <p class="description">0.15 Kg</p>
        <p class="right price"><b>1.90 €</b></p>
        <p class="right unitPrice">12.68 € per kg</p>
    </div>
    <div class="contButton">
    <a class="button bgRed white addToCart" href="#">Add</a>
</div>
</div><div class="left product prod98"
        data-name="Caram.mangini Noblesse Gr 400"
        data-price="6.83"
        data-id="25530"
        data-available="yes"
        data-category="4748"
        data-bestselling="">
    <a href="../carammangini-noblesse-gr-400">
        <div style="background-image: url('../../cdn.spesati.com/images/products/missing-image/missing-image.jpg')">
            <div class="hover"></div>
            
            <div class="stickers"></div>
        </div>
    </a>
    <div>
        <h4><a href="../carammangini-noblesse-gr-400"><b>Caram.mangini Noblesse Gr 400</b></a></h4>
        <p class="description">0.4 Kg</p>
        <p class="right price"><b>6.83 €</b></p>
        <p class="right unitPrice">17.08 € per kg</p>
    </div>
    <div class="contButton">
    <a class="button bgRed white addToCart" href="#">Add</a>
</div>
</div><div class="left product prod99"
        data-name="Caram Mangini Noblesse 150gr"
        data-price="2.55"
        data-id="25531"
        data-available="yes"
        data-category="4748"
        data-bestselling="">
    <a href="../caram-mangini-noblesse-150gr">
        <div style="background-image: url('../../cdn.spesati.com/images/products/missing-image/missing-image.jpg')">
            <div class="hover"></div>
            
            <div class="stickers"></div>
        </div>
    </a>
    <div>
        <h4><a href="../caram-mangini-noblesse-150gr"><b>Caram Mangini Noblesse 150gr</b></a></h4>
        <p class="description">0.15 Kg</p>
        <p class="right price"><b>2.55 €</b></p>
        <p class="right unitPrice">17.00 € per kg</p>
    </div>
    <div class="contButton">
    <a class="button bgRed white addToCart" href="#">Add</a>
</div>
</div><div class="left product prod100"
        data-name="Caram Mangini Liquir Rip Gr150"
        data-price="1.90"
        data-id="25532"
        data-available="yes"
        data-category="4748"
        data-bestselling="">
    <a href="../caram-mangini-liquir-rip-gr150">
        <div style="background-image: url('../../cdn.spesati.com/images/products/missing-image/missing-image.jpg')">
            <div class="hover"></div>
            
            <div class="stickers"></div>
        </div>
    </a>
    <div>
        <h4><a href="../caram-mangini-liquir-rip-gr150"><b>Caram Mangini Liquir Rip Gr150</b></a></h4>
        <p class="description">0.15 Kg</p>
        <p class="right price"><b>1.90 €</b></p>
        <p class="right unitPrice">12.68 € per kg</p>
    </div>
    <div class="contButton">
    <a class="button bgRed white addToCart" href="#">Add</a>
</div>
</div><div class="left product prod101"
        data-name="Caram Mangini Creme 1 Kg"
        data-price="12.70"
        data-id="25534"
        data-available="yes"
        data-category="4748"
        data-bestselling="">
    <a href="../caram-mangini-creme-1-kg">
        <div style="background-image: url('../../cdn.spesati.com/images/products/missing-image/missing-image.jpg')">
            <div class="hover"></div>
            
            <div class="stickers"></div>
        </div>
    </a>
    <div>
        <h4><a href="../caram-mangini-creme-1-kg"><b>Caram Mangini Creme 1 Kg</b></a></h4>
        <p class="description">medium weight  6.5 Kg</p>
        <p class="right price"><b>12.70 €</b></p>
        <p class="right unitPrice">12.69 € per kg</p>
    </div>
    <div class="contButton">
    <a class="button bgRed white addToCart" href="#">Add</a>
</div>
</div><div class="left product prod102"
        data-name="Caram.facc Bye Frutta 1kg"
        data-price="13.50"
        data-id="25535"
        data-available="yes"
        data-category="4748"
        data-bestselling="">
    <a href="../caramfacc-bye-frutta-1kg">
        <div style="background-image: url('../../cdn.spesati.com/images/products/missing-image/missing-image.jpg')">
            <div class="hover"></div>
            
            <div class="stickers"></div>
        </div>
    </a>
    <div>
        <h4><a href="../caramfacc-bye-frutta-1kg"><b>Caram.facc Bye Frutta 1kg</b></a></h4>
        <p class="description">1 Kg</p>
        <p class="right price"><b>13.50 €</b></p>
        <p class="right unitPrice">13.50 € per kg</p>
    </div>
    <div class="contButton">
    <a class="button bgRed white addToCart" href="#">Add</a>
</div>
</div><div class="left product prod103"
        data-name="Caram. Mangini Perle 1 Kg"
        data-price="22.25"
        data-id="25536"
        data-available="yes"
        data-category="4748"
        data-bestselling="">
    <a href="../caram-mangini-perle-1-kg">
        <div style="background-image: url('../../cdn.spesati.com/images/products/missing-image/missing-image.jpg')">
            <div class="hover"></div>
            
            <div class="stickers"></div>
        </div>
    </a>
    <div>
        <h4><a href="../caram-mangini-perle-1-kg"><b>Caram. Mangini Perle 1 Kg</b></a></h4>
        <p class="description">medium weight  4.400 Kg</p>
        <p class="right price"><b>22.25 €</b></p>
        <p class="right unitPrice">22.24 € per kg</p>
    </div>
    <div class="contButton">
    <a class="button bgRed white addToCart" href="#">Add</a>
</div>
</div><div class="left product prod104"
        data-name="Caram. Mangini Bye Gelee 1 Kg"
        data-price="13.50"
        data-id="25537"
        data-available="yes"
        data-category="4748"
        data-bestselling="">
    <a href="../caram-mangini-bye-gelee-1-kg">
        <div style="background-image: url('../../cdn.spesati.com/images/products/missing-image/missing-image.jpg')">
            <div class="hover"></div>
            
            <div class="stickers"></div>
        </div>
    </a>
    <div>
        <h4><a href="../caram-mangini-bye-gelee-1-kg"><b>Caram. Mangini Bye Gelee 1 Kg</b></a></h4>
        <p class="description">1 Kg</p>
        <p class="right price"><b>13.50 €</b></p>
        <p class="right unitPrice">13.50 € per kg</p>
    </div>
    <div class="contButton">
    <a class="button bgRed white addToCart" href="#">Add</a>
</div>
</div><div class="left product prod105"
        data-name="Caram Mangini Noblesse 1 Kg"
        data-price="15.40"
        data-id="25538"
        data-available="yes"
        data-category="4748"
        data-bestselling="">
    <a href="../caram-mangini-noblesse-1-kg">
        <div style="background-image: url('../../cdn.spesati.com/images/products/missing-image/missing-image.jpg')">
            <div class="hover"></div>
            
            <div class="stickers"></div>
        </div>
    </a>
    <div>
        <h4><a href="../caram-mangini-noblesse-1-kg"><b>Caram Mangini Noblesse 1 Kg</b></a></h4>
        <p class="description">1 Kg</p>
        <p class="right price"><b>15.40 €</b></p>
        <p class="right unitPrice">15.40 € per kg</p>
    </div>
    <div class="contButton">
    <a class="button bgRed white addToCart" href="#">Add</a>
</div>
</div><div class="left product prod106"
        data-name="Caram Promenade Menta 350gr"
        data-price="1.96"
        data-id="64536"
        data-available="yes"
        data-category="4748"
        data-bestselling="">
    <a href="../caram-promenade-menta-350gr">
        <div style="background-image: url('../../cdn.spesati.com/images/products/missing-image/missing-image.jpg')">
            <div class="hover"></div>
            
            <div class="stickers"></div>
        </div>
    </a>
    <div>
        <h4><a href="../caram-promenade-menta-350gr"><b>Caram Promenade Menta 350gr</b></a></h4>
        <p class="description">0.35 Kg</p>
        <p class="right price"><b>1.96 €</b></p>
        <p class="right unitPrice">5.60 € per kg</p>
    </div>
    <div class="contButton">
    <a class="button bgRed white addToCart" href="#">Add</a>
</div>
</div><div class="left product prod107"
        data-name="Caram Mangini Menta Pac 1 Kg"
        data-price="9.53"
        data-id="25539"
        data-available="yes"
        data-category="4748"
        data-bestselling="">
    <a href="../caram-mangini-menta-pac-1-kg">
        <div style="background-image: url('../../cdn.spesati.com/images/products/missing-image/missing-image.jpg')">
            <div class="hover"></div>
            
            <div class="stickers"></div>
        </div>
    </a>
    <div>
        <h4><a href="../caram-mangini-menta-pac-1-kg"><b>Caram Mangini Menta Pac 1 Kg</b></a></h4>
        <p class="description">medium weight  6.5 Kg</p>
        <p class="right price"><b>9.53 €</b></p>
        <p class="right unitPrice">9.54 € per kg</p>
    </div>
    <div class="contButton">
    <a class="button bgRed white addToCart" href="#">Add</a>
</div>
</div><div class="left product prod108"
        data-name="Caram Mangini Luana 1 Kg"
        data-price="23.57"
        data-id="25540"
        data-available="yes"
        data-category="4748"
        data-bestselling="">
    <a href="../caram-mangini-luana-1-kg">
        <div style="background-image: url('../../cdn.spesati.com/images/products/missing-image/missing-image.jpg')">
            <div class="hover"></div>
            
            <div class="stickers"></div>
        </div>
    </a>
    <div>
        <h4><a href="../caram-mangini-luana-1-kg"><b>Caram Mangini Luana 1 Kg</b></a></h4>
        <p class="description">medium weight  6.5 Kg</p>
        <p class="right price"><b>23.57 €</b></p>
        <p class="right unitPrice">21.43 € per kg</p>
    </div>
    <div class="contButton">
    <a class="button bgRed white addToCart" href="#">Add</a>
</div>
</div><div class="left product prod109"
        data-name="Confet Trio Singoli Rossi 500g"
        data-price="9.53"
        data-id="68301"
        data-available="yes"
        data-category="4748"
        data-bestselling="">
    <a href="../confet-trio-singoli-rossi-500g">
        <div style="background-image: url('../../cdn.spesati.com/images/products/missing-image/missing-image.jpg')">
            <div class="hover"></div>
            
            <div class="stickers"></div>
        </div>
    </a>
    <div>
        <h4><a href="../confet-trio-singoli-rossi-500g"><b>Confet Trio Singoli Rossi 500g</b></a></h4>
        <p class="description">0.5 Kg</p>
        <p class="right price"><b>9.53 €</b></p>
        <p class="right unitPrice">19.06 € per kg</p>
    </div>
    <div class="contButton">
    <a class="button bgRed white addToCart" href="#">Add</a>
</div>
</div><div class="left product prod110"
        data-name="Confet Maxtris Sacc Pist 150gr"
        data-price="3.82"
        data-id="68316"
        data-available="yes"
        data-category="4748"
        data-bestselling="">
    <a href="../confet-maxtris-sacc-pist-150gr">
        <div style="background-image: url('../../cdn.spesati.com/images/products/missing-image/missing-image.jpg')">
            <div class="hover"></div>
            
            <div class="stickers"></div>
        </div>
    </a>
    <div>
        <h4><a href="../confet-maxtris-sacc-pist-150gr"><b>Confet Maxtris Sacc Pist 150gr</b></a></h4>
        <p class="description">0.15 Kg</p>
        <p class="right price"><b>3.82 €</b></p>
        <p class="right unitPrice">25.47 € per kg</p>
    </div>
    <div class="contButton">
    <a class="button bgRed white addToCart" href="#">Add</a>
</div>
</div><div class="left product prod111"
        data-name="Caram Frizzy Pazzy Fragola 50p"
        data-price="27.69"
        data-id="68604"
        data-available="yes"
        data-category="4748"
        data-bestselling="">
    <a href="../caram-frizzy-pazzy-fragola-50p">
        <div style="background-image: url('../../cdn.spesati.com/images/products/missing-image/missing-image.jpg')">
            <div class="hover"></div>
            
            <div class="stickers"></div>
        </div>
    </a>
    <div>
        <h4><a href="../caram-frizzy-pazzy-fragola-50p"><b>Caram Frizzy Pazzy Fragola 50p</b></a></h4>
        <p class="description">0.35 Kg</p>
        <p class="right price"><b>27.69 €</b></p>
        <p class="right unitPrice">79.10 € per kg</p>
    </div>
    <div class="contButton">
    <a class="button bgRed white addToCart" href="#">Add</a>
</div>
</div><div class="left product prod112"
        data-name="Caram Giulia Mentapiu' 1 Kg"
        data-price="8.10"
        data-id="25556"
        data-available="yes"
        data-category="4748"
        data-bestselling="">
    <a href="../caram-giulia-mentapiu-1-kg">
        <div style="background-image: url('../../cdn.spesati.com/images/products/missing-image/missing-image.jpg')">
            <div class="hover"></div>
            
            <div class="stickers"></div>
        </div>
    </a>
    <div>
        <h4><a href="../caram-giulia-mentapiu-1-kg"><b>Caram Giulia Mentapiu' 1 Kg</b></a></h4>
        <p class="description">1 Kg</p>
        <p class="right price"><b>8.10 €</b></p>
        <p class="right unitPrice">8.11 € per kg</p>
    </div>
    <div class="contButton">
    <a class="button bgRed white addToCart" href="#">Add</a>
</div>
</div><div class="left product prod113"
        data-name="Caram Giulia Anice 1kg"
        data-price="8.15"
        data-id="25558"
        data-available="yes"
        data-category="4748"
        data-bestselling="">
    <a href="../caram-giulia-anice-1kg">
        <div style="background-image: url('../../cdn.spesati.com/images/products/missing-image/missing-image.jpg')">
            <div class="hover"></div>
            
            <div class="stickers"></div>
        </div>
    </a>
    <div>
        <h4><a href="../caram-giulia-anice-1kg"><b>Caram Giulia Anice 1kg</b></a></h4>
        <p class="description">1 Kg</p>
        <p class="right price"><b>8.15 €</b></p>
        <p class="right unitPrice">8.15 € per kg</p>
    </div>
    <div class="contButton">
    <a class="button bgRed white addToCart" href="#">Add</a>
</div>
</div><div class="left product prod114"
        data-name="Conf Extra Pere 230gr"
        data-price="6.99"
        data-id="89224"
        data-available="yes"
        data-category="4748"
        data-bestselling="">
    <a href="../conf-extra-pere-230gr">
        <div style="background-image: url('../../cdn.spesati.com/images/products/missing-image/missing-image.jpg')">
            <div class="hover"></div>
            
            <div class="stickers"></div>
        </div>
    </a>
    <div>
        <h4><a href="../conf-extra-pere-230gr"><b>Conf Extra Pere 230gr</b></a></h4>
        <p class="description">0.23 Kg</p>
        <p class="right price"><b>6.99 €</b></p>
        <p class="right unitPrice">30.39 € per kg</p>
    </div>
    <div class="contButton">
    <a class="button bgRed white addToCart" href="#">Add</a>
</div>
</div><div class="left product prod115"
        data-name="Conf Extra Mirto 230gr"
        data-price="7.76"
        data-id="89227"
        data-available="yes"
        data-category="4748"
        data-bestselling="">
    <a href="../conf-extra-mirto-230gr">
        <div style="background-image: url('../../cdn.spesati.com/images/products/missing-image/missing-image.jpg')">
            <div class="hover"></div>
            
            <div class="stickers"></div>
        </div>
    </a>
    <div>
        <h4><a href="../conf-extra-mirto-230gr"><b>Conf Extra Mirto 230gr</b></a></h4>
        <p class="description">0.23 Kg</p>
        <p class="right price"><b>7.76 €</b></p>
        <p class="right unitPrice">33.74 € per kg</p>
    </div>
    <div class="contButton">
    <a class="button bgRed white addToCart" href="#">Add</a>
</div>
</div><div class="left product prod116"
        data-name="Conf Extra Fic/mirt 230gr"
        data-price="6.99"
        data-id="89230"
        data-available="yes"
        data-category="4748"
        data-bestselling="">
    <a href="../conf-extra-ficmirt-230gr">
        <div style="background-image: url('../../cdn.spesati.com/images/products/missing-image/missing-image.jpg')">
            <div class="hover"></div>
            
            <div class="stickers"></div>
        </div>
    </a>
    <div>
        <h4><a href="../conf-extra-ficmirt-230gr"><b>Conf Extra Fic/mirt 230gr</b></a></h4>
        <p class="description">0.23 Kg</p>
        <p class="right price"><b>6.99 €</b></p>
        <p class="right unitPrice">30.39 € per kg</p>
    </div>
    <div class="contButton">
    <a class="button bgRed white addToCart" href="#">Add</a>
</div>
</div><div class="left product prod117"
        data-name="Confetti Mandorla Idav Bian 1k"
        data-price="9.52"
        data-id="25572"
        data-available="yes"
        data-category="4748"
        data-bestselling="">
    <a href="../confetti-mandorla-idav-bian-1k">
        <div style="background-image: url('../../cdn.spesati.com/images/products/missing-image/missing-image.jpg')">
            <div class="hover"></div>
            
            <div class="stickers"></div>
        </div>
    </a>
    <div>
        <h4><a href="../confetti-mandorla-idav-bian-1k"><b>Confetti Mandorla Idav Bian 1k</b></a></h4>
        <p class="description">1 Kg</p>
        <p class="right price"><b>9.52 €</b></p>
        <p class="right unitPrice">9.53 € per kg</p>
    </div>
    <div class="contButton">
    <a class="button bgRed white addToCart" href="#">Add</a>
</div>
</div><div class="left product prod118"
        data-name="Conf Extra Albic 230gr"
        data-price="6.99"
        data-id="89233"
        data-available="yes"
        data-category="4748"
        data-bestselling="">
    <a href="../conf-extra-albic-230gr">
        <div style="background-image: url('../../cdn.spesati.com/images/products/missing-image/missing-image.jpg')">
            <div class="hover"></div>
            
            <div class="stickers"></div>
        </div>
    </a>
    <div>
        <h4><a href="../conf-extra-albic-230gr"><b>Conf Extra Albic 230gr</b></a></h4>
        <p class="description">0.23 Kg</p>
        <p class="right price"><b>6.99 €</b></p>
        <p class="right unitPrice">30.39 € per kg</p>
    </div>
    <div class="contButton">
    <a class="button bgRed white addToCart" href="#">Add</a>
</div>
</div><div class="left product prod119"
        data-name="Confetti Avoletta Idav Bian 1k"
        data-price="12.69"
        data-id="25573"
        data-available="yes"
        data-category="4748"
        data-bestselling="">
    <a href="../confetti-avoletta-idav-bian-1k">
        <div style="background-image: url('../../cdn.spesati.com/images/products/missing-image/missing-image.jpg')">
            <div class="hover"></div>
            
            <div class="stickers"></div>
        </div>
    </a>
    <div>
        <h4><a href="../confetti-avoletta-idav-bian-1k"><b>Confetti Avoletta Idav Bian 1k</b></a></h4>
        <p class="description">1 Kg</p>
        <p class="right price"><b>12.69 €</b></p>
        <p class="right unitPrice">12.69 € per kg</p>
    </div>
    <div class="contButton">
    <a class="button bgRed white addToCart" href="#">Add</a>
</div>
</div><div class="left product prod120"
        data-name="Confetti Mandorla Dav Rosa 1kg"
        data-price="9.52"
        data-id="25574"
        data-available="yes"
        data-category="4748"
        data-bestselling="">
    <a href="../confetti-mandorla-dav-rosa-1kg">
        <div style="background-image: url('../../cdn.spesati.com/images/products/missing-image/missing-image.jpg')">
            <div class="hover"></div>
            
            <div class="stickers"></div>
        </div>
    </a>
    <div>
        <h4><a href="../confetti-mandorla-dav-rosa-1kg"><b>Confetti Mandorla Dav Rosa 1kg</b></a></h4>
        <p class="description">1 Kg</p>
        <p class="right price"><b>9.52 €</b></p>
        <p class="right unitPrice">9.53 € per kg</p>
    </div>
    <div class="contButton">
    <a class="button bgRed white addToCart" href="#">Add</a>
</div>
</div><div class="left product prod121"
        data-name="Caram Superfragoloso Sin 250p"
        data-price="31.35"
        data-id="25722"
        data-available="no"
        data-category="4748"
        data-bestselling="">
    <a href="../caram-superfragoloso-sin-250p">
        <div style="background-image: url('../../cdn.spesati.com/images/products/000111466/superfragoloso-250-x-8-g-01.png')">
            <div class="hover"></div>
            
            <div class="stickers"></div>
        </div>
    </a>
    <div>
        <h4><a href="../caram-superfragoloso-sin-250p"><b>Caram Superfragoloso Sin 250p</b></a></h4>
        <p class="description">Superfragoloso 250 x 8 g</p>
        <p class="right price"><b>31.35 €</b></p>
        <p class="right unitPrice">59.71 € per kg</p>
    </div>
    <div class="notAvailable">
    <a class="button bgDarkGrey white" href="../caram-superfragoloso-sin-250p">Not available</a>
</div>
</div><div class="left product prod122"
        data-name="Caram Nuovo Liquirone 250pz"
        data-price="42.11"
        data-id="25720"
        data-available="no"
        data-category="4748"
        data-bestselling="">
    <a href="../caram-nuovo-liquirone-250pz">
        <div style="background-image: url('../../cdn.spesati.com/images/products/000111463/perfetti-van-melle-liquirone-original-250-x-8-g-01.png')">
            <div class="hover"></div>
            
            <div class="stickers"></div>
        </div>
    </a>
    <div>
        <h4><a href="../caram-nuovo-liquirone-250pz"><b>Caram Nuovo Liquirone 250pz</b></a></h4>
        <p class="description">Perfetti Van Melle Liquirone Original 250 x 8 g</p>
        <p class="right price"><b>42.11 €</b></p>
        <p class="right unitPrice">81.62 € per kg</p>
    </div>
    <div class="notAvailable">
    <a class="button bgDarkGrey white" href="../caram-nuovo-liquirone-250pz">Not available</a>
</div>
</div><div class="left product prod123"
        data-name="Caramelle Haribo Chamallow Mix"
        data-price="1.55"
        data-id="1504"
        data-available="no"
        data-category="4748"
        data-bestselling="">
    <a href="../caramelle-haribo-chamallow-mix">
        <div style="background-image: url('../../cdn.spesati.com/images/products/000110960/haribo-chamallows-mix-175g-01.png')">
            <div class="hover"></div>
            
            <div class="stickers"></div>
        </div>
    </a>
    <div>
        <h4><a href="../caramelle-haribo-chamallow-mix"><b>Caramelle Haribo Chamallow Mix</b></a></h4>
        <p class="description">Haribo Chamallows mix 175g</p>
        <p class="right price"><b>1.55 €</b></p>
        <p class="right unitPrice">8.86 € per kg</p>
    </div>
    <div class="notAvailable">
    <a class="button bgDarkGrey white" href="../caramelle-haribo-chamallow-mix">Not available</a>
</div>
</div><div class="left product prod124"
        data-name="Caram Haribo Cream Rocks 3kg"
        data-price="24.76"
        data-id="25602"
        data-available="no"
        data-category="4748"
        data-bestselling="">
    <a href="../caram-haribo-cream-rocks-3kg">
        <div style="background-image: url('../../cdn.spesati.com/images/products/000110952/haribo-cream-rock-3-kg-01.png')">
            <div class="hover"></div>
            
            <div class="stickers"></div>
        </div>
    </a>
    <div>
        <h4><a href="../caram-haribo-cream-rocks-3kg"><b>Caram Haribo Cream Rocks 3kg</b></a></h4>
        <p class="description">Haribo Cream Rock 3 kg</p>
        <p class="right price"><b>24.76 €</b></p>
        <p class="right unitPrice">8.25 € per kg</p>
    </div>
    <div class="notAvailable">
    <a class="button bgDarkGrey white" href="../caram-haribo-cream-rocks-3kg">Not available</a>
</div>
</div><div class="left product prod125"
        data-name="Caram Fruitella Fr Ass X20"
        data-price="23.79"
        data-id="25548"
        data-available="no"
        data-category="4748"
        data-bestselling="">
    <a href="../caram-fruitella-fr-ass-x20">
        <div style="background-image: url('../../cdn.spesati.com/images/products/000110388/fruit-tella-20-x-41-g-01.png')">
            <div class="hover"></div>
            
            <div class="stickers"></div>
        </div>
    </a>
    <div>
        <h4><a href="../caram-fruitella-fr-ass-x20"><b>Caram Fruitella Fr Ass X20</b></a></h4>
        <p class="description">Fruit-tella 20 x 41 g</p>
        <p class="right price"><b>23.79 €</b></p>
        <p class="right unitPrice">29.01 € per kg</p>
    </div>
    <div class="notAvailable">
    <a class="button bgDarkGrey white" href="../caram-fruitella-fr-ass-x20">Not available</a>
</div>
</div><div class="left product prod126"
        data-name="Caram Alpenliebe Stick X 24 Pz"
        data-price="28.21"
        data-id="25546"
        data-available="no"
        data-category="4748"
        data-bestselling="">
    <a href="../caram-alpenliebe-stick-x-24-pz">
        <div style="background-image: url('../../cdn.spesati.com/images/products/000110372/alpenliebe-gusto-original-caramel-24-x-41-g-01.png')">
            <div class="hover"></div>
            
            <div class="stickers"></div>
        </div>
    </a>
    <div>
        <h4><a href="../caram-alpenliebe-stick-x-24-pz"><b>Caram Alpenliebe Stick X 24 Pz</b></a></h4>
        <p class="description">Alpenliebe Gusto Original Caramel 24 x 41 g</p>
        <p class="right price"><b>28.21 €</b></p>
        <p class="right unitPrice">28.22 € per piece</p>
    </div>
    <div class="notAvailable">
    <a class="button bgDarkGrey white" href="../caram-alpenliebe-stick-x-24-pz">Not available</a>
</div>
</div><div class="left product prod127"
        data-name="Confet Maxtris Sacch Nut 150gr"
        data-price="4.00"
        data-id="25779"
        data-available="no"
        data-category="4748"
        data-bestselling="">
    <a href="../confet-maxtris-sacch-nut-150gr">
        <div style="background-image: url('../../cdn.spesati.com/images/products/missing-image/missing-image.jpg')">
            <div class="hover"></div>
            
            <div class="stickers"></div>
        </div>
    </a>
    <div>
        <h4><a href="../confet-maxtris-sacch-nut-150gr"><b>Confet Maxtris Sacch Nut 150gr</b></a></h4>
        <p class="description">0.15 Kg</p>
        <p class="right price"><b>4.00 €</b></p>
        <p class="right unitPrice">26.64 € per kg</p>
    </div>
    <div class="notAvailable">
    <a class="button bgDarkGrey white" href="../confet-maxtris-sacch-nut-150gr">Not available</a>
</div>
</div><div class="left product prod128"
        data-name="Conf Almond Dragees Arge 500gr"
        data-price="12.71"
        data-id="25847"
        data-available="no"
        data-category="4748"
        data-bestselling="">
    <a href="../conf-almond-dragees-arge-500gr">
        <div style="background-image: url('../../cdn.spesati.com/images/products/missing-image/missing-image.jpg')">
            <div class="hover"></div>
            
            <div class="stickers"></div>
        </div>
    </a>
    <div>
        <h4><a href="../conf-almond-dragees-arge-500gr"><b>Conf Almond Dragees Arge 500gr</b></a></h4>
        <p class="description">0.5 Kg</p>
        <p class="right price"><b>12.71 €</b></p>
        <p class="right unitPrice">25.42 € per kg</p>
    </div>
    <div class="notAvailable">
    <a class="button bgDarkGrey white" href="../conf-almond-dragees-arge-500gr">Not available</a>
</div>
</div><div class="left product prod129"
        data-name="Caram Ferrero Tictac Aranc T1"
        data-price="1.15"
        data-id="33836"
        data-available="no"
        data-category="4748"
        data-bestselling="">
    <a href="../caram-ferrero-tictac-aranc-t1">
        <div style="background-image: url('../../cdn.spesati.com/images/products/missing-image/missing-image.jpg')">
            <div class="hover"></div>
            
            <div class="stickers"></div>
        </div>
    </a>
    <div>
        <h4><a href="../caram-ferrero-tictac-aranc-t1"><b>Caram Ferrero Tictac Aranc T1</b></a></h4>
        <p class="description">0.02 Kg</p>
        <p class="right price"><b>1.15 €</b></p>
        <p class="right unitPrice">71.84 € per kg</p>
    </div>
    <div class="notAvailable">
    <a class="button bgDarkGrey white" href="../caram-ferrero-tictac-aranc-t1">Not available</a>
</div>
</div><div class="left product prod130"
        data-name="Caram Ferrero Tictac Menta T1"
        data-price="1.15"
        data-id="33837"
        data-available="no"
        data-category="4748"
        data-bestselling="">
    <a href="../caram-ferrero-tictac-menta-t1">
        <div style="background-image: url('../../cdn.spesati.com/images/products/missing-image/missing-image.jpg')">
            <div class="hover"></div>
            
            <div class="stickers"></div>
        </div>
    </a>
    <div>
        <h4><a href="../caram-ferrero-tictac-menta-t1"><b>Caram Ferrero Tictac Menta T1</b></a></h4>
        <p class="description">0.02 Kg</p>
        <p class="right price"><b>1.15 €</b></p>
        <p class="right unitPrice">71.84 € per kg</p>
    </div>
    <div class="notAvailable">
    <a class="button bgDarkGrey white" href="../caram-ferrero-tictac-menta-t1">Not available</a>
</div>
</div><div class="left product prod131"
        data-name="Caramel Incap Toffee Panna 500"
        data-price="3.29"
        data-id="73006"
        data-available="no"
        data-category="4748"
        data-bestselling="">
    <a href="../caramel-incap-toffee-panna-500">
        <div style="background-image: url('../../cdn.spesati.com/images/products/missing-image/missing-image.jpg')">
            <div class="hover"></div>
            
            <div class="stickers"></div>
        </div>
    </a>
    <div>
        <h4><a href="../caramel-incap-toffee-panna-500"><b>Caramel Incap Toffee Panna 500</b></a></h4>
        <p class="description">0.5 Kg</p>
        <p class="right price"><b>3.29 €</b></p>
        <p class="right unitPrice">6.58 € per kg</p>
    </div>
    <div class="notAvailable">
    <a class="button bgDarkGrey white" href="../caramel-incap-toffee-panna-500">Not available</a>
</div>
</div><div class="left product prod132"
        data-name="Caram Giulia Gelee 1 Kg"
        data-price="8.10"
        data-id="25555"
        data-available="no"
        data-category="4748"
        data-bestselling="">
    <a href="../caram-giulia-gelee-1-kg">
        <div style="background-image: url('../../cdn.spesati.com/images/products/missing-image/missing-image.jpg')">
            <div class="hover"></div>
            
            <div class="stickers"></div>
        </div>
    </a>
    <div>
        <h4><a href="../caram-giulia-gelee-1-kg"><b>Caram Giulia Gelee 1 Kg</b></a></h4>
        <p class="description">1 Kg</p>
        <p class="right price"><b>8.10 €</b></p>
        <p class="right unitPrice">8.11 € per kg</p>
    </div>
    <div class="notAvailable">
    <a class="button bgDarkGrey white" href="../caram-giulia-gelee-1-kg">Not available</a>
</div>
</div><div class="left product prod133"
        data-name="Caram Hall Trol Sweet/sour 360"
        data-price="6.99"
        data-id="88050"
        data-available="no"
        data-category="4748"
        data-bestselling="">
    <a href="../caram-hall-trol-sweetsour-360">
        <div style="background-image: url('../../cdn.spesati.com/images/products/missing-image/missing-image.jpg')">
            <div class="hover"></div>
            
            <div class="stickers"></div>
        </div>
    </a>
    <div>
        <h4><a href="../caram-hall-trol-sweetsour-360"><b>Caram Hall Trol Sweet/sour 360</b></a></h4>
        <p class="description">0.36 Kg</p>
        <p class="right price"><b>6.99 €</b></p>
        <p class="right unitPrice">19.42 € per kg</p>
    </div>
    <div class="notAvailable">
    <a class="button bgDarkGrey white" href="../caram-hall-trol-sweetsour-360">Not available</a>
</div>
</div><div class="left product prod134"
        data-name="Caram Giulia Spicchi A-l 1kg"
        data-price="8.10"
        data-id="25557"
        data-available="no"
        data-category="4748"
        data-bestselling="">
    <a href="../caram-giulia-spicchi-a-l-1kg">
        <div style="background-image: url('../../cdn.spesati.com/images/products/missing-image/missing-image.jpg')">
            <div class="hover"></div>
            
            <div class="stickers"></div>
        </div>
    </a>
    <div>
        <h4><a href="../caram-giulia-spicchi-a-l-1kg"><b>Caram Giulia Spicchi A-l 1kg</b></a></h4>
        <p class="description">1 Kg</p>
        <p class="right price"><b>8.10 €</b></p>
        <p class="right unitPrice">8.11 € per kg</p>
    </div>
    <div class="notAvailable">
    <a class="button bgDarkGrey white" href="../caram-giulia-spicchi-a-l-1kg">Not available</a>
</div>
</div><div class="left product prod135"
        data-name="Zucca Halloween 100gr"
        data-price="5.99"
        data-id="88077"
        data-available="no"
        data-category="4748"
        data-bestselling="">
    <a href="../zucca-halloween-100gr">
        <div style="background-image: url('../../cdn.spesati.com/images/products/missing-image/missing-image.jpg')">
            <div class="hover"></div>
            
            <div class="stickers"></div>
        </div>
    </a>
    <div>
        <h4><a href="../zucca-halloween-100gr"><b>Zucca Halloween 100gr</b></a></h4>
        <p class="description">0.1 Kg</p>
        <p class="right price"><b>5.99 €</b></p>
        <p class="right unitPrice">59.90 € per kg</p>
    </div>
    <div class="notAvailable">
    <a class="button bgDarkGrey white" href="../zucca-halloween-100gr">Not available</a>
</div>
</div><div class="left product prod136"
        data-name="Caram Giulia Tof Mou Milk 1kg"
        data-price="8.10"
        data-id="25560"
        data-available="no"
        data-category="4748"
        data-bestselling="">
    <a href="../caram-giulia-tof-mou-milk-1kg">
        <div style="background-image: url('../../cdn.spesati.com/images/products/missing-image/missing-image.jpg')">
            <div class="hover"></div>
            
            <div class="stickers"></div>
        </div>
    </a>
    <div>
        <h4><a href="../caram-giulia-tof-mou-milk-1kg"><b>Caram Giulia Tof Mou Milk 1kg</b></a></h4>
        <p class="description">1 Kg</p>
        <p class="right price"><b>8.10 €</b></p>
        <p class="right unitPrice">8.11 € per kg</p>
    </div>
    <div class="notAvailable">
    <a class="button bgDarkGrey white" href="../caram-giulia-tof-mou-milk-1kg">Not available</a>
</div>
</div><div class="left product prod137"
        data-name="Caram Gommos Dent Dracula 200g"
        data-price="1.99"
        data-id="88083"
        data-available="no"
        data-category="4748"
        data-bestselling="">
    <a href="../caram-gommos-dent-dracula-200g">
        <div style="background-image: url('../../cdn.spesati.com/images/products/missing-image/missing-image.jpg')">
            <div class="hover"></div>
            
            <div class="stickers"></div>
        </div>
    </a>
    <div>
        <h4><a href="../caram-gommos-dent-dracula-200g"><b>Caram Gommos Dent Dracula 200g</b></a></h4>
        <p class="description">0.2 Kg</p>
        <p class="right price"><b>1.99 €</b></p>
        <p class="right unitPrice">9.96 € per kg</p>
    </div>
    <div class="notAvailable">
    <a class="button bgDarkGrey white" href="../caram-gommos-dent-dracula-200g">Not available</a>
</div>
</div><div class="left product prod138"
        data-name="Toffee Hallow Casa D/dolce 400"
        data-price="4.97"
        data-id="88086"
        data-available="no"
        data-category="4748"
        data-bestselling="">
    <a href="../toffee-hallow-casa-ddolce-400">
        <div style="background-image: url('../../cdn.spesati.com/images/products/missing-image/missing-image.jpg')">
            <div class="hover"></div>
            
            <div class="stickers"></div>
        </div>
    </a>
    <div>
        <h4><a href="../toffee-hallow-casa-ddolce-400"><b>Toffee Hallow Casa D/dolce 400</b></a></h4>
        <p class="description">0.4 Kg</p>
        <p class="right price"><b>4.97 €</b></p>
        <p class="right unitPrice">12.43 € per kg</p>
    </div>
    <div class="notAvailable">
    <a class="button bgDarkGrey white" href="../toffee-hallow-casa-ddolce-400">Not available</a>
</div>
</div><div class="left product prod139"
        data-name="Confetti Mandorla Idav Celes 1"
        data-price="9.52"
        data-id="25575"
        data-available="no"
        data-category="4748"
        data-bestselling="">
    <a href="../confetti-mandorla-idav-celes-1">
        <div style="background-image: url('../../cdn.spesati.com/images/products/missing-image/missing-image.jpg')">
            <div class="hover"></div>
            
            <div class="stickers"></div>
        </div>
    </a>
    <div>
        <h4><a href="../confetti-mandorla-idav-celes-1"><b>Confetti Mandorla Idav Celes 1</b></a></h4>
        <p class="description">1 Kg</p>
        <p class="right price"><b>9.52 €</b></p>
        <p class="right unitPrice">9.53 € per kg</p>
    </div>
    <div class="notAvailable">
    <a class="button bgDarkGrey white" href="../confetti-mandorla-idav-celes-1">Not available</a>
</div>
</div>        </div>
    </div>
</section>
<div class="footer">
    <div class="bgDarkGrey"></div>
    <footer>
        <div class="left bgDarkGrey">
            <a id="logoFooter" href="../index.html" class="estDynamic">
                <img src="../../cdn.spesati.com/images/layout/logo-eng.png" alt="Spesati.com" />
                <h2 class="red">Grocery Delivery</h2>
            </a>
            <a class="button bgRed white mobile" href="tel:390707968318">Phone order</a>
            <a class="button bgRed white desktop" href="../news/2020-04-07/news-on-spesati-the-telephone-order-service-is-active.html">Phone order</a>
            <a class="button bgRed white" href="../cdn-cgi/l/email-protection.html#d8b1b6beb798aba8bdabb9acb1f6bbb7b5">Send mail</a>
            <div id="social">
                <a class="left" href="https://www.facebook.com/spesati/" rel="external" target="_blank">
                    <span class="facebook bgRed fa-stack fa-lg">
                        <i class="fa fa-facebook fa-stack-1x "></i>
                    </span>
                </a>
                <a class="right" href="https://twitter.com/spesati" rel="external" target="_blank">
                    <span class="twitter bgRed fa-stack fa-lg">
                        <i class="fa fa-twitter fa-stack-1x "></i>
                    </span>
                </a>
            </div>
            <p>Copyright 2024 Spesati.com </p>
            
                    <p>All rights reserved</p>
                    <p>SPESATI SRL</p>
                    <p>Corso Vittorio Veneto 15/I, 07026, Olbia</p>
                    <p>CF e P.Iva: 02772380909</p>
                        </div>
        <div class="center bgRed">
            <div class="top">
                <h3>Categories</h3>
                <div class="col">
                    <ul>
                        <li>
                            <a href="#" class="estDynamic">On sale</a>
                        </li>
                        <li>
                            <a href="../fruit-and-vegetables.html" class="estDynamic">Fruit and vegetables</a>
                        </li>
                        <li>
                            <a href="../fresh-products.html" class="estDynamic">Fresh products</a>
                        </li>
                        <li>
                            <a href="../frozen-foods.html" class="estDynamic">Frozen foods</a>
                        </li>
                        <li>
                            <a href="../bread-and-pasta.html" class="estDynamic">Bread and pasta</a>
                        </li>
                        <li>
                            <a href="../meat.html" class="estDynamic">Meat</a>
                        </li>
                        <li>
                            <a href="../fish.html" class="estDynamic">Fish</a>
                        </li>
                    </ul>
                </div>
                <div class="col">
                    <ul>
                        <li>
                            <a href="../wine-beer-and-spirits.html" class="estDynamic">Wine beer and spirits</a>
                        </li>
                        <li>
                            <a href="../water-and-drinks.html" class="estDynamic">Water and drinks</a>
                        </li>
                        <li>
                            <a href="../sweets.html" class="estDynamic">Sweets</a>
                        </li>
                        <li>
                            <a href="../shelf.html" class="estDynamic">Cupboard</a>
                        </li>
                        <li>
                            <a href="../personal-care.html" class="estDynamic">Personal care</a>
                        </li>
                        <li>
                            <a href="../household-and-outdoors.html" class="estDynamic">Home and outdoors</a>
                        </li>
                        <li>
                            <a href="../pet.html" class="estDynamic">Pets</a>
                        </li>
                    </ul>
                </div>
                <div class="col">
                    <ul>
                        <li>
                            <a href="../technology.html" class="estDynamic">Technology</a>
                        </li>
                        <li>
                            <a href="../gluten-free.html" class="estDynamic">Gluten free</a>
                        </li>
                        <li>
                            <a href="../lactose-free.html" class="estDynamic">Lactose free</a>
                        </li>
                        <li>
                            <a href="../special.html" class="estDynamic">Special</a>
                        </li>
                        <li>
                            <a href="../sardinian-products.html" class="estDynamic">Sardinian products</a>
                        </li>
                    </ul>
                </div>
            </div>
            <div class="bottom bgRed">
                <div class="left">
                    <h3>Delivery payment</h3>
                    <div>
                        <i class="fa fa-money fa-3x" aria-hidden="true"></i>
                        <p>Cash</p>
                    </div>
                    <div>
                        <i class="fa fa-credit-card fa-3x" aria-hidden="true"></i>
                        <p>Bancomat or card</p>
                    </div>
                </div>
                <div class="right">
                    <h3>Online payment</h3>
                    <div>
                        <i class="fa fa-credit-card fa-3x" aria-hidden="true"></i>
                        <p>Credit or debit card <span class="red">online</span></p>
                    </div>
                    <div>
                        <i class="fa fa-paypal fa-3x" aria-hidden="true"></i>
                        <p>PayPal</p>
                    </div>
                    <div>
                        <i class="fa fa-university fa-3x" aria-hidden="true"></i>
                        <p>Bank transfer</p>
                    </div>
                </div>
            </div>
        </div>
        <div class="right bgRed">
            <div>
                <i class="fa fa-truck fa-flip-horizontal"></i>
                <a class="button bgYellow white" href="../delivery-prices.html">Delivery prices</a>
                
                    <h3>Home delivery:</h3>
                    <p><b>Monday to Saturday</b></p>
                    <p><b>9:00 to 20:00</b></p>
                    <p><b>Minimum order:</b> 29€</p>
                    <p><b>Delivery starting from:</b> 3,50€</p>
                            </div>
            <ul>
                <li>
                    <a href="../delivery-prices.html">Delivery prices</a>
                </li>
                <li>
                    <a href="../about.html">About</a>
                </li>
                <li>
                    <a href="../faq.html">Faq</a>
                </li>
                <li>
                    <a href="../customer-care.html">Support</a>
                </li>
                <li>
                    <a href="../news.html">Blog</a>
                </li>
                <li>
                    <a href="../terms-and-conditions.html">Conditions</a>
                </li>
                <li>
                    <a href="../privacy-policy.html">Privacy policy</a>
                </li>
                <li>
                    <a href="../legal-warranty.html">Legal guarantee</a>
                </li>
            </ul>
        </div>
    </footer>
    <div class="bgRed"></div>
</div>
<!--Start of Tawk.to Script-->
<script data-cfasync="false" src="../cdn-cgi/scripts/5c5dd728/cloudflare-static/email-decode.min.js"></script><script type="text/javascript">
var Tawk_API=Tawk_API||{}, Tawk_LoadStart=new Date();
(function(){
var s1=document.createElement("script"),s0=document.getElementsByTagName("script")[0];
s1.async=true;
s1.src='https://embed.tawk.to/59e86945c28eca75e4626ed9/default';
s1.charset='UTF-8';
s1.setAttribute('crossorigin','*');
s0.parentNode.insertBefore(s1,s0);
})();
</script>
<!--End of Tawk.to Script-->

<!-- Here are parked a few translatable strings, useful for Javascript rendering -->
<div id="js-texts" hidden>
    <input type="hidden" name="save_cart_notice" value="Saving your cart it will be possible to reload it next time you come for shopping">
    <input type="hidden" name="save_cart_notice_title" value="Want to save your cart?">
    <input type="hidden" name="save_cart_ok" value="Save">
    <input type="hidden" name="save_cart_ko" value="Don't Save">
    <input type="hidden" name="reload_cart" value="The Reload Order function allows you to top up your last cart to make a New Order. Warning: do not use this function to add products to the last order. At this time it is not possible to modify an order placed previously.">
</div>

<!-- new site and login popup -->
</body>
<!-- Mirrored from www.spesati.com/sweets/candy-and-chewing-gum by HTTrack Website Copier/3.x [XR&CO'2014], Fri, 23 Feb 2024 18:30:39 GMT -->
</html>