<!DOCTYPE html><html lang="en">
<!-- Mirrored from www.spesati.com/sweets/chocolate by HTTrack Website Copier/3.x [XR&CO'2014], Fri, 23 Feb 2024 18:30:42 GMT -->
<!-- Added by HTTrack --><meta http-equiv="content-type" content="text/html;charset=utf-8" /><!-- /Added by HTTrack -->
<head>
    <title>Chocolate - Sweets - Spesati.com</title>
    <meta http-equiv="Content-Type" content="text/html; charset=UTF-8" />
    <meta name="description" content="" />
    <meta name="keywords" content="" />
    <link href="../images/favicon.ico" rel="shortcut icon" type="image/x-icon" />
    <meta name="author" content="www.dodify.com" /><link rel="canonical" href="chocolate.html" /><link rel="alternate" hreflang="en" href="chocolate.html" /><link rel="alternate" hreflang="it" href="https://www.spesati.it/dolci/cioccolato" /><link href="../../cdnjs.cloudflare.com/ajax/libs/meyer-reset/2.0/reset.min.css" rel="stylesheet" type="text/css" /><link href="../../cdnjs.cloudflare.com/ajax/libs/font-awesome/6.5.1/css/all.min.css" rel="stylesheet" type="text/css" /><link href="https://fonts.googleapis.com/css?family=Montserrat:400,700" rel="stylesheet" type="text/css" /><link href="../../cdnjs.cloudflare.com/ajax/libs/fancybox/2.1.5/jquery.fancybox.min.css" rel="stylesheet" type="text/css" /><link href="../style/mainbea6.css?v=7" rel="stylesheet" type="text/css" /><link href="../style/lightslider.css" rel="stylesheet" type="text/css" /><link href="../style/categories.css" rel="stylesheet" type="text/css" /><script src="../../cdnjs.cloudflare.com/ajax/libs/jquery/3.6.1/jquery.min.js" type="text/javascript"></script><script src="../../ajax.googleapis.com/ajax/libs/jquery/1.11.0/jquery.min.js" type="text/javascript"></script><script src="http://unpkg.com/@floating-ui/core@0.4.0" type="text/javascript"></script><script src="http://unpkg.com/@floating-ui/dom@0.2.0" type="text/javascript"></script><script src="../../cdnjs.cloudflare.com/ajax/libs/fancybox/2.1.5/jquery.fancybox.min.js" type="text/javascript"></script><script src="../js/menu.js" type="text/javascript"></script><script src="../js/interfaceb6f5.js?v=10" type="text/javascript"></script><script src="../js/spesati.lightslider.min.js" type="text/javascript"></script><meta name="viewport" content="width=device-width, initial-scale=1, maximum-scale=1" /><meta name = "format-detection" content = "telephone=no">
<!-- Facebook Pixel Code -->
<script>
  !function(f,b,e,v,n,t,s)
  {if(f.fbq)return;n=f.fbq=function(){n.callMethod?
  n.callMethod.apply(n,arguments):n.queue.push(arguments)};
  if(!f._fbq)f._fbq=n;n.push=n;n.loaded=!0;n.version='2.0';
  n.queue=[];t=b.createElement(e);t.async=!0;
  t.src=v;s=b.getElementsByTagName(e)[0];
  s.parentNode.insertBefore(t,s)}(window, document,'script',
  '../../connect.facebook.net/en_US/fbevents.js');
  fbq('init', '792335014180667');
  fbq('track', 'PageView');
</script>
<noscript>
    <img height="1" width="1" style="display:none" src="https://www.facebook.com/tr?id=792335014180667&amp;ev=PageView&amp;noscript=1" />
</noscript>
<!-- End Facebook Pixel Code -->

<!-- GA4 -->
<script async src="https://www.googletagmanager.com/gtag/js?id=G-SSS6NRNXL0"></script>
<script>
  window.dataLayer = window.dataLayer || [];
  function gtag(){dataLayer.push(arguments);}
  gtag('js', new Date());
  gtag('config', 'AW-976671669');
  gtag('config', 'G-SSS6NRNXL0');
</script>
<!-- Elements for PWA deploy -->
<link rel="manifest" href="../manifest.json">
<meta name="theme-color" media="(prefers-color-scheme: light)" content="white">
<meta name="theme-color" media="(prefers-color-scheme: dark)"  content="black">
<link href=../images/icon-192.png rel=apple-touch-icon sizes="192x192">
<!-- Establishment logic -->
<script>var pageEstablishment = "Olbia"; var estDefaultPages = true</script>
    <!--[if lt IE 9]>
        <script src="https://cdnjs.cloudflare.com/ajax/libs/html5shiv/3.7.3/html5shiv.min.js" type="text/javascript"></script>
    <![endif]--><script type="text/javascript">
$(document).ready(function() {
    // Check if exists cookie
    if(document.cookie.indexOf("cookieAccepted") < 0) {
        var cookieText = '<div id=\"cookie\"><p>This site uses cookies. Cookies are used for ads personalisation. <a href=\"/privacy-policy\">More info</a></p><button id=\"cookieConsent\" type=\"button\">Accept</button></div>';
        $("body").append($(
            cookieText
        ));
        $('#cookie').css({
            'width'           : '100%',
            'text-align'      : 'center',
            'color'           : '#FFFFFF',
            'background-color': '#000000', 
            'opacity'         : '.8', 
            'position'        : 'fixed', 
            'bottom'          : '0',
            'padding'         : '.5em 0',
            'z-index'         : '999'
        });
        $('#cookie > *').css({
            'display': 'inline'
        });
        $('#cookie a').css({
            'color'          : '#FFFFFF',
            'text-decoration': 'underline',
            'margin-right'   : '2%'
        });
        $('#cookieConsent').click(function() {
            // Set cookie
            var expiry = new Date();
            expiry.setTime(expiry.getTime() + (365 * 24 * 60 * 60 * 1000));
            document.cookie = "cookieAccepted=yes; expires=" + expiry.toGMTString() + "; path=/; domain=.spesati.com";
            $('#cookie').css({'display': 'none'});
        });
    }
});
</script></head><body><script type="text/javascript">
    var addText = "Add";
    var slider  = null;
    $(document).ready(function() {
        slider = $('#cartSlider').lightSlider({
            controls: false,
            item:13,
            loop:false,
            slideMove:1,
            easing: 'cubic-bezier(0.25, 0, 0.25, 1)',
            speed:600,
            responsive : [
                {
                    breakpoint:1400,
                    settings: {
                        item:12,
                        slideMove:1,
                    }
                },
                {
                    breakpoint:1200,
                    settings: {
                        item:11,
                        slideMove:1,
                    }
                },
                {
                    breakpoint:1080,
                    settings: {
                        item:14,
                        slideMove:1,
                    }
                },
                {
                    breakpoint:800,
                    settings: {
                        item:12,
                        slideMove:1,
                    }
                }
            ]
        });
        $('.lSPager').css("display","none");
        $('.lSAction').css("display","block");
        $('#goToPrevSlide').on('click', function () {
            slider.goToPrevSlide();
        });
        $('#goToNextSlide').on('click', function () {
            slider.goToNextSlide();
        });
    });

</script>
<div id="header" class="bgYellow">
    <header>
        <a class="menu" href="#"><i class="fa red fa-bars fa-2x"></i></a>
        <a id="logo" class="colLeft estDynamic" href="../index.html">
            <img src="../../cdn.spesati.com/images/layout/logo-eng.png" alt="Spesati.com" />
            <h2 class="red">Grocery Delivery</h2>
        </a>
        <div class="colRight">
            <div id="controls" class="right">
                <p id="establishmentControls">
                    <span class="establishmentWarning"><i class="fa-solid fa-triangle-exclamation red" title="Stai visualizzando i prodotti disponibili in una zona diversa. Se vuoi cambiare zona, cliccan qui"></i>&nbsp;&nbsp;</span>
                    Shopping from <b><a id="establishment" href="#"></a></b> <span id="estAddress">for </span> <a href="../change-establishment.html">(<i class="fa-solid fa-pencil"></i> Change)</a> <span class="establishmentWarning">but viewing <b>Olbia</b></span>
                </p>
                <p><a href="https://www.spesati.it/dolci/cioccolato" class="black switch-site">Versione italiana</a></p>                
            </div>
            <div>
                <form id="search" action="https://www.spesati.com/search" method="post" class="left">
                    <fieldset>
                        <div>
                            <input type="text" name="searchBox" id="searchBox" placeholder="Search for a product"></input>
                            <input id="searchButton" type="submit" name="searchButton" class="button bgRed white left" value="Find" />
                        </div>
                    </fieldset>
                </form>
                <div class="center left">
                    <a class="button bgRed white log-in" href="../login.html">Login</a>
                    <a class="button bgRed white sign-up" href="../sign-up.html">Sign up</a>
                    <a class="button bgRed white profile" href="../profile.html">Profile</a>
                    <a class="button bgRed white log-out" href="../index.html" data-endpoint-check-cart="https://api.spesati.com/cart/check">Logout</a>
                </div>
                <div class="right user-function-icons">
                    <a class="red left account"><i class="fa fa-user fa-3x"></i></a>
                    <div id="dropdown">
                        <a class="log-in button bgRed white" href="../login.html">Login</a>
                        <a class="sign-up button bgRed white" href="../sign-up.html">Sign up</a>
                        <a class="profile button bgRed white" href="../profile.html">Profile</a>
                        <a class="log-out button bgRed white" href="../index.html">Logout</a>
                    </div>

                    <div class="cart left">
                        <i class="fa fa-sm fa-shopping-cart red" aria-hidden="true" id="shipping-cart-button"></i>
                        <p id="cartQuantity"></p>
                    </div>

                    <a class="right" href="../cart.html"><p class="black" id="cartTotal"></p></a>
                </div>
            </div>
                            <div id="previewCart">
                    <i id="goToPrevSlide" class="yellow fa fa-angle-left fa-2x" aria-hidden="true"></i>
                    <div><ul id="cartSlider"></ul></div>
                    <i id="goToNextSlide" class="yellow fa fa-angle-right fa-2x" aria-hidden="true"></i>
                </div>
                    </div>
    </header>

    <div id="shipping-cart-options" data-inited="false">
        <a href="../cart.html" class="goto-cart">checkout</a>
        <a href="#" data-endpoint-auth="https://api.spesati.com/cart/save" data-endpoint-noauth="/login" class="save-cart">save</a>
        <a href="#" data-endpoint-auth="https://api.spesati.com/cart/load" class="load-cart">load</a>
    </div>
</div>
<div id="menuCategoriesMobile" class="mobile bgRed">
    <div class="closeMenu">
        <i class="fa fa-times fa-2x white"></i>
        Close
    </div>
    <ul class="bgRed white">
        <div id="langMobile" class="right">
        <a href="https://www.spesati.it/dolci/cioccolato" class="white switch-site"><p>Versione italiana</p></a>    </div>
        <li><a>Categories</a>
            <ul class="bgWhite">
                <li>
                    <img src="../../cdn.spesati.com/images/menu/on-sale.png"/>
                    On sale                    <i class="fa fa-angle-down" aria-hidden="true"></i>
                    <ul class="sub-menu">
                    <li>
    <a href="../tacchino-fesa-a-fette.html">Tacchino Fesa A Fette</a>
</li><li>
    <a href="../amaro-montenegro-15lt.html">Amaro Montenegro 1,5lt</a>
</li><li>
    <a href="../carbone-di-legna-sacco-10kg.html">Carbone Di Legna Sacco 10Kg</a>
</li><li>
    <a href="../filu-e-ferru-silvio-carta-70cl.html">Filu E Ferru Silvio Carta 70Cl</a>
</li><li>
    <a href="../braciole-suino-con-cotenna.html">Braciole Suino Con Cotenna</a>
</li><li>
    <a href="../bovino-adulto-polpa.html">Bovino Adulto Polpa</a>
</li><li>
    <a href="../vino-la-palma-cannonau-le-bombarde.html">Vino La Palma Cannonau Le Bombarde</a>
</li><li>
    <a href="../fettine-sceltissime-bovino-adulto.html">Fettine Sceltissime Bovino Adulto</a>
</li><li>
    <a href="../suino-fettine-scelte.html">Suino Fettine Scelte</a>
</li><li>
    <a href="../lavazza-caffe-qualita-rossa-2x250gr.html">Lavazza Caffé Qualità Rossa 2x250gr</a>
</li>                        <li>
                            <a class="estDynamic" href="../on-offer.html">All products on sale</a>
                        </li>
                    </ul>
                </li>
                <li>
                    <img src="../../cdn.spesati.com/images/menu/gift.png"/>
                    Gifts                    <i class="fa fa-angle-down" aria-hidden="true"></i>
                    <ul class="sub-menu">
                        <li>
    <a href="../gift-card-da-150.html">Gift Card Da 150</a>
</li><li>
    <a href="../gift-card-da-100.html">Gift Card Da 100</a>
</li><li>
    <a href="../gift-card-da-50.html">Gift Card Da 50</a>
</li><li>
    <a href="../gift-card-da-25.html">Gift Card Da 25</a>
</li>                        <li>
                            <a class="estDynamic" href="../gift.html">All products in the gifts category</a>
                        </li>
                    </ul>
                </li>
                <li>
                    <img src="../../cdn.spesati.com/images/menu/gift-card.png"/>
                    Gift card and discounts                    <i class="fa fa-angle-down" aria-hidden="true"></i>
                    <ul class="sub-menu">
                        <li>
    <a href="../gift-card-da-150.html">Gift Card Da 150</a>
</li><li>
    <a href="../gift-card-da-100.html">Gift Card Da 100</a>
</li><li>
    <a href="../gift-card-da-50.html">Gift Card Da 50</a>
</li><li>
    <a href="../gift-card-da-25.html">Gift Card Da 25</a>
</li>                    </ul>
                </li>
                <li>
                    <img src="../../cdn.spesati.com/images/menu/fuit-and-vegetables.png"/>
                    Fruit and vegetables                    <i class="fa fa-angle-down" aria-hidden="true"></i>
                    <ul class="sub-menu">
                        <li>
                            <a class="estDynamic" href="../fruit-and-vegetables/pulses-and-beans.html">Cereals and pulses and beans</a>
                        </li>
                        <li>
                            <a class="estDynamic" href="../fruit-and-vegetables/fruit.html">Fruit</a>
                        </li>
                        <li>
                            <a class="estDynamic" href="../fruit-and-vegetables/canned-fruit.html">Canned fruit</a>
                        </li>
                        <li>
                            <a class="estDynamic" href="../fruit-and-vegetables/dried-fruit.html">Dried fruit</a>
                        </li>
                        <li>
                            <a class="estDynamic" href="../fruit-and-vegetables/ready-salads.html">Ready salads</a>
                        </li>
                        <li>
                            <a class="estDynamic" href="../fruit-and-vegetables/fresh-spices.html">Fresh spices</a>
                        </li>
                        <li>
                            <a class="estDynamic" href="../fruit-and-vegetables/vegetables.html">Vegetables and soy</a>
                        </li>
                    </ul>
                </li>
                <li>
                    <img src="../../cdn.spesati.com/images/menu/fresh-products.png"/>
                    Fresh products                    <i class="fa fa-angle-down" aria-hidden="true"></i>
                    <ul class="sub-menu">
                        <li>
                            <a class="estDynamic" href="../fresh-products/margarine-and-butter.html">Butter and margarine</a>
                        </li>
                        <li>
                            <a class="estDynamic" href="../fresh-products/danone.html">Danone</a>
                        </li>
                        <li>
                            <a class="estDynamic" href="../fresh-products/dessert.html">Dessert</a>
                        </li>
                        <li>
                            <a class="estDynamic" href="../fresh-products/sweets.html">Sweets</a>
                        </li>
                        <li>
                            <a class="estDynamic" href="../fresh-products/dairy-products.html">Dairy product</a>
                        </li>
                        <li>
                            <a class="estDynamic" href="../fresh-products/bakery.html">Yeast</a>
                        </li>
                        <li>
                            <a class="estDynamic" href="../fresh-products/mascarpone.html">Mascarpone</a>
                        </li>
                        <li>
                            <a class="estDynamic" href="../fresh-products/snacks.html">Snacks</a>
                        </li>
                        <li>
                            <a class="estDynamic" href="../fresh-products/mozzarella.html">Mozzarella</a>
                        </li>
                        <li>
                            <a class="estDynamic" href="../fresh-products/pasta.html">Pasta</a>
                        </li>
                        <li>
                            <a class="estDynamic" href="../fresh-products/pesto-and-sauces.html">Pesto and sauces</a>
                        </li>
                        <li>
                            <a class="estDynamic" href="../fresh-products/ricotta-and-cheese.html">Ricotta and cheese</a>
                        </li>
                        <li>
                            <a class="estDynamic" href="../fresh-products/cured-meat.html">Cured meat</a>
                        </li>
                        <li>
                            <a class="estDynamic" href="../fresh-products/wurstel.html">Würstel</a>
                        </li>
                        <li>
                            <a class="estDynamic" href="../fresh-products/yogurt.html">Yogurt</a>
                        </li>
                    </ul>
                </li>
                <li>
                    <img src="../../cdn.spesati.com/images/menu/frozen-foods.png"/>
                    Frozen foods                    <i class="fa fa-angle-down" aria-hidden="true"></i>
                    <ul class="sub-menu">
                        <li>
                            <a class="estDynamic" href="../frozen-foods/meat.html">Meat</a>
                        </li>
                        <li>
                            <a class="estDynamic" href="../frozen-foods/ice-creams.html">Ice cream and sweet</a>
                        </li>
                        <li>
                            <a class="estDynamic" href="../frozen-foods/pasta.html">Pasta</a>
                        </li>
                        <li>
                            <a class="estDynamic" href="../frozen-foods/fish.html">Fish</a>
                        </li>
                        <li>
                            <a class="estDynamic" href="../frozen-foods/ready-meals.html">Ready meals</a>
                        </li>
                        <li>
                            <a class="estDynamic" href="../frozen-foods/pizzas.html">Pizzas</a>
                        </li>
                        <li>
                            <a class="estDynamic" href="../frozen-foods/vegetables.html">Vegetables and soy</a>
                        </li>
                    </ul>
                </li>
                <li>
                    <img src="../../cdn.spesati.com/images/menu/bread-and-pasta.png"/>
                    Bread and pasta                    <i class="fa fa-angle-down" aria-hidden="true"></i>
                    <ul class="sub-menu">
                        <li>
                            <a class="estDynamic" href="../bread-and-pasta/crackers.html">Crackers</a>
                        </li>
                        <li>
                            <a class="estDynamic" href="../bread-and-pasta/rusks.html">Rusks</a>
                        </li>
                        <li>
                            <a class="estDynamic" href="../bread-and-pasta/white-bread.html">White bread</a>
                        </li>
                        <li>
                            <a class="estDynamic" href="../bread-and-pasta/local-bread.html">Local bread</a>
                        </li>
                        <li>
                            <a class="estDynamic" href="../bread-and-pasta/soft-bread.html">Soft bread</a>
                        </li>
                        <li>
                            <a class="estDynamic" href="../bread-and-pasta/sardinian-bread.html">Sardinian bread</a>
                        </li>
                        <li>
                            <a class="estDynamic" href="../bread-and-pasta/bakery.html">Bakery</a>
                        </li>
                        <li>
                            <a class="estDynamic" href="../bread-and-pasta/pasta.html">Pasta</a>
                        </li>
                        <li>
                            <a class="estDynamic" href="../bread-and-pasta/fresh-pasta.html">Fresh pasta</a>
                        </li>
                    </ul>
                </li>
                <li>
                    <img src="../../cdn.spesati.com/images/menu/meat.png"/>
                    Meat                    <i class="fa fa-angle-down" aria-hidden="true"></i>
                    <ul class="sub-menu">
                        <li>
                            <a class="estDynamic" href="../meat/beef.html">Beef</a>
                        </li>
                        <li>
                            <a class="estDynamic" href="../meat/goat.html">Goat</a>
                        </li>
                        <li>
                            <a class="estDynamic" href="../meat/packaged-meat.html">Packaged meat</a>
                        </li>
                        <li>
                            <a class="estDynamic" href="../meat/rabbit.html">Rabbit</a>
                        </li>
                        <li>
                            <a class="estDynamic" href="../meat/horse.html">Horse</a>
                        </li>
                        <li>
                            <a class="estDynamic" href="../meat/pork.html">Pork</a>
                        </li>
                        <li>
                            <a class="estDynamic" href="../meat/lamb.html">Lamb</a>
                        </li>
                        <li>
                            <a class="estDynamic" href="../meat/poultry.html">Poultry</a>
                        </li>
                    </ul>
                </li>
                <li>
                    <img src="../../cdn.spesati.com/images/menu/fish.png"/>
                    Fish                    <i class="fa fa-angle-down" aria-hidden="true"></i>
                    <ul class="sub-menu">
                        <li>
                            <a class="estDynamic" href="../fish/fresh-water.html">Fresh water</a>
                        </li>
                        <li>
                            <a class="estDynamic" href="../fish/salt-water.html">Salt water</a>
                        </li>
                        <li>
                            <a class="estDynamic" href="../fish/mussels.html">Mussels</a>
                        </li>
                        <li>
                            <a class="estDynamic" href="../fish/dried-and-salted.html">Dried and salted</a>
                        </li>
                        <li>
                            <a class="estDynamic" href="../fish/seafood-salad.html">Seafood salad</a>
                        </li>
                        <li>
                            <a class="estDynamic" href="../fish/prepared.html">Prepared</a>
                        </li>
                        <li>
                            <a class="estDynamic" href="../fish/specialty.html">Specialty</a>
                        </li>   
                        <li>
                            <a class="estDynamic" href="../fish/tuna-and-salmon.html">Tuna and salmon</a>
                        </li>
                    </ul>
                </li>
                <li>
                    <img src="../../cdn.spesati.com/images/menu/alcohol.png"/>
                    Wine beer and spirits                    <i class="fa fa-angle-down" aria-hidden="true"></i>
                    <ul class="sub-menu">
                        <li>
                            <a class="estDynamic" href="../wine-beer-and-spirits/spirits-and-liquors.html">Alcohol</a>
                        </li>
                        <li>
                            <a class="estDynamic" href="../wine-beer-and-spirits/bitters.html">Bitters</a>
                        </li>
                        <li>
                            <a class="estDynamic" href="../wine-beer-and-spirits/aperatif.html">Aperatifs</a>
                        </li>
                        <li>
                            <a class="estDynamic" href="../wine-beer-and-spirits/beer.html">Beer</a>
                        </li>
                        <li>
                            <a class="estDynamic" href="../wine-beer-and-spirits/creams.html">Creams</a>
                        </li>
                        <li>
                            <a class="estDynamic" href="../wine-beer-and-spirits/spirits.html">Spirits</a>
                        </li>
                        <li>
                            <a class="estDynamic" href="../wine-beer-and-spirits/liquors.html">Liquors</a>
                        </li>
                        <li>
                            <a class="estDynamic" href="../wine-beer-and-spirits/white-wine.html">White wine</a>
                        </li>
                        <li>
                            <a class="estDynamic" href="../wine-beer-and-spirits/prosecco-wine.html">Prosecco wine</a>
                        </li>
                        <li>
                            <a class="estDynamic" href="../wine-beer-and-spirits/rose-wine.html">Rose wine</a>
                        </li>
                        <li>
                            <a class="estDynamic" href="../wine-beer-and-spirits/red-wine.html">Red wine</a>
                        </li>
                        <li>
                            <a class="estDynamic" href="../wine-beer-and-spirits/specialty-wine.html">Special wine</a>
                        </li>
                        <li>
                            <a class="estDynamic" href="../wine-beer-and-spirits/sparkling-wine.html">Sparkling wine</a>
                        </li>
                        <li>
                            <a class="estDynamic" href="../wine-beer-and-spirits/vermentino-wine.html">Vermentino wine</a>
                        </li>
                    </ul>
                </li>
                <li>
                    <img src="../../cdn.spesati.com/images/menu/water-and-drinks.png"/>
                    Water and drinks                    <i class="fa fa-angle-down" aria-hidden="true"></i>
                    <ul class="sub-menu">
                        <li>
                            <a class="estDynamic" href="../water-and-drinks/san-martino.html">San Martino</a>
                        </li>
                        <li>
                            <a class="estDynamic" href="../water-and-drinks/water.html">Water</a>
                        </li>
                        <li>
                            <a class="estDynamic" href="../water-and-drinks/alpro.html">Alpro</a>
                        </li>
                        <li>
                            <a class="estDynamic" href="../water-and-drinks/fizzy-drinks.html">Fizzy drinks</a>
                        </li>
                        <li>
                            <a class="estDynamic" href="../water-and-drinks/coca-cola.html">Coca-Cola</a>
                        </li>
                        <li>
                            <a class="estDynamic" href="../water-and-drinks/energy-drink.html">Energy drink</a>
                        </li>
                        <li>
                            <a class="estDynamic" href="../water-and-drinks/syrups.html">Syrups</a>
                        </li>
                        <li>
                            <a class="estDynamic" href="../water-and-drinks/supplements.html">Supplements</a>
                        </li>
                        <li>
                            <a class="estDynamic" href="../water-and-drinks/instant-drinks.html">Instant drinks</a>
                        </li>
                        <li>
                            <a class="estDynamic" href="../water-and-drinks/juice.html">Juice</a>
                        </li>
                        <li>
                            <a class="estDynamic" href="../water-and-drinks/tea.html">Tea</a>
                        </li>
                    </ul>
                </li>
                <li>
                    <img src="../../cdn.spesati.com/images/menu/sweets.png"/>
                    Sweets                    <i class="fa fa-angle-down" aria-hidden="true"></i>
                    <ul class="sub-menu">
                        <li>
                            <a class="estDynamic" href="bars-and-snacks.html">Bars and snacks</a>
                        </li>
                        <li>
                            <a class="estDynamic" href="biscuits.html">Biscuits</a>
                        </li>
                        <li>
                            <a class="estDynamic" href="brioches.html">Brioches</a>
                        </li>
                        <li>
                            <a class="estDynamic" href="candy-and-chewing-gum.html">Candy and chewing gum</a>
                        </li>
                        <li>
                            <a class="estDynamic" href="cereals.html">Cereals</a>
                        </li>
                        <li>
                            <a class="estDynamic" href="chocolate.html">Chocolate</a>
                        </li>
                        <li>
                            <a class="estDynamic" href="spreadable-creams.html">Spreads</a>
                        </li>
                        <li>
                            <a class="estDynamic" href="dessert-toppings.html">Dessert toppings</a>
                        </li>
                        <li>
                            <a class="estDynamic" href="jam.html">Jam</a>
                        </li>
                        <li>
                            <a class="estDynamic" href="honey.html">Honey</a>
                        </li>
                        <li>
                            <a class="estDynamic" href="panettoni-and-pandoro.html">Panettone and pandoro</a>
                        </li>
                        <li>
                            <a class="estDynamic" href="pastry.html">Pastry</a>
                        </li>
                        <li>
                            <a class="estDynamic" href="instant-dessert.html">Prepared</a>
                        </li>
                        <li>
                            <a class="estDynamic" href="cakes-and-pies.html">Cakes and pies</a>
                        </li>
                        <li>
                            <a class="estDynamic" href="easter-eggs-and-doves.html">Easter eggs and doves</a>
                        </li>
                    </ul>
                </li>
                <li>
                    <img src="../../cdn.spesati.com/images/menu/shelf.png"/>
                    Cupboard                    <i class="fa fa-angle-down" aria-hidden="true"></i>
                    <ul class="sub-menu">
                        <li>
                            <a class="estDynamic" href="../shelf/coffee.html">Coffee</a>
                        </li>
                        <li>
                            <a class="estDynamic" href="../shelf/gift-baskets.html">Gift baskets</a>
                        </li>
                        <li>
                            <a class="estDynamic" href="../shelf/stock-cubes.html">Nuts and preparations</a>
                        </li>
                        <li>
                            <a class="estDynamic" href="../shelf/flour-and-baking.html">Flour and baking</a>
                        </li>
                        <li>
                            <a class="estDynamic" href="../shelf/milk.html">Milk</a>
                        </li>
                        <li>
                            <a class="estDynamic" href="../shelf/oil-salt-vinegar.html">Oil, vinegar and salt</a>
                        </li>
                        <li>
                            <a class="estDynamic" href="../shelf/cream-and-bechamel.html">Cream and bechamel</a>
                        </li>
                        <li>
                            <a class="estDynamic" href="../shelf/crisps-and-pretzels.html">Crisps and pretzels</a>
                        </li>
                        <li>
                            <a class="estDynamic" href="../shelf/baby-and-infants-products.html">Early childhood products</a>
                        </li>
                        <li>
                            <a class="estDynamic" href="../shelf/rice.html">Rice</a>
                        </li>
                        <li>
                            <a class="estDynamic" href="../shelf/tins-and-preserves.html">Tins and Preserves</a>
                        </li>
                        <li>
                            <a class="estDynamic" href="../shelf/spices.html">Spices</a>
                        </li>
                        <li>
                            <a class="estDynamic" href="../shelf/sauces.html">Sauces</a>
                        </li>
                        <li>
                            <a class="estDynamic" href="../shelf/tea-and-infusions.html">Tea and infusions</a>
                        </li>
                        <li>
                            <a class="estDynamic" href="../shelf/eggs.html">Eggs</a>
                        </li>
                        <li>
                            <a class="estDynamic" href="../shelf/sugar-and-sweeteners.html">Sugar and sweeteners</a>
                        </li>
                    </ul>
                </li>
                <li>
                    <img src="../../cdn.spesati.com/images/menu/personal-care.png"/>
                    Personal care                    <i class="fa fa-angle-down" aria-hidden="true"></i>
                    <ul class="sub-menu">
                        <li>
                            <a class="estDynamic" href="../personal-care/accessories-and-cotton.html">Accessories and cotton</a>
                        </li>
                        <li>
                            <a class="estDynamic" href="../personal-care/feminine-care-incontinence-and-baby-diapers.html">Feminine incontinence and diapers</a>
                        </li>
                        <li>
                            <a class="estDynamic" href="../personal-care/shower-gel.html">Shower gel</a>
                        </li>
                        <li>
                            <a class="estDynamic" href="../personal-care/creams.html">Creams</a>
                        </li>
                        <li>
                            <a class="estDynamic" href="../personal-care/deodorant.html">Deodorant</a>
                        </li>
                        <li>
                            <a class="estDynamic" href="../personal-care/hair-removal.html">Hair removal</a>
                        </li>
                        <li>
                            <a class="estDynamic" href="../personal-care/disinfectants.html">Disinfectants</a>
                        </li>
                        <li>
                            <a class="estDynamic" href="../personal-care/oral-hygiene.html">Oral hygiene</a>
                        </li>
                        <li>
                            <a class="estDynamic" href="../personal-care/supplements-and-multivitamins.html">Supplements and multivitamins</a>
                        </li>
                        <li>
                            <a class="estDynamic" href="../personal-care/first-aid.html">First aid label</a>
                        </li>
                        <li>
                            <a class="estDynamic" href="../personal-care/beard-products.html">Beard products</a>
                        </li>
                        <li>
                            <a class="estDynamic" href="../personal-care/hairs-products.html">Hair products</a>
                        </li>
                        <li>
                            <a class="estDynamic" href="../personal-care/perfume.html">Perfumes</a>
                        </li>
                        <li>
                            <a class="estDynamic" href="../personal-care/wipes.html">Wipes</a>
                        </li>
                        <li>
                            <a class="estDynamic" href="../personal-care/soaps-and-body-wash.html">Soaps and body wash</a>
                        </li>
                        <li>
                            <a class="estDynamic" href="../personal-care/shampoo-and-conditioner.html">Shampoo and conditioner</a>
                        </li>
                    </ul>
                </li>
                <li>
                    <img src="../../cdn.spesati.com/images/menu/pellet-and-home.png"/>
                    Home and outdoors                    <i class="fa fa-angle-down" aria-hidden="true"></i>
                    <ul class="sub-menu">
                        <li>
                            <a class="estDynamic" href="../household-and-outdoors/distilled-water.html">Distilled water</a>
                        </li>
                        <li>
                            <a class="estDynamic" href="../household-and-outdoors/car-products.html">Cars</a>
                        </li>
                        <li>
                            <a class="estDynamic" href="../household-and-outdoors/bin-bags-and-buckets.html">Bin bags and buckets</a>
                        </li>
                        <li>
                            <a class="estDynamic" href="../household-and-outdoors/bleach-and-stain-removers.html">Bleach and stain removers</a>
                        </li>
                        <li>
                            <a class="estDynamic" href="../household-and-outdoors/candles.html">Candles</a>
                        </li>
                        <li>
                            <a class="estDynamic" href="../household-and-outdoors/kitchen-roll.html">Kitchen roll</a>
                        </li>
                        <li>
                            <a class="estDynamic" href="../household-and-outdoors/air-fresheners.html">Air fresheners</a>
                        </li>
                        <li>
                            <a class="estDynamic" href="../household-and-outdoors/laundry-accessories-and-detergent.html">Laundry detergent</a>
                        </li>
                        <li>
                            <a class="estDynamic" href="../household-and-outdoors/dishwasher-and-washing-up.html">Dishwasher and washing up</a>
                        </li>
                        <li>
                            <a class="estDynamic" href="../household-and-outdoors/gardening.html">Gardening</a>
                        </li>
                        <li>
                            <a class="estDynamic" href="../household-and-outdoors/light-bulbs-and-batteries.html">Lightbulbs and batteries</a>
                        </li>
                        <li>
                            <a class="estDynamic" href="../household-and-outdoors/pellet-and-bbq.html">Pellet and BBQ</a>
                        </li>
                        <li>
                            <a class="estDynamic" href="../household-and-outdoors/bathroom-products.html">Bathroom products</a>
                        </li>
                        <li>
                            <a class="estDynamic" href="../household-and-outdoors/home-and-furniture-products.html">Home and furniture products</a>
                        </li>
                        <li>
                            <a class="estDynamic" href="../household-and-outdoors/kitchen-products.html">Kitchen products</a>
                        </li>
                        <li>
                            <a class="estDynamic" href="../household-and-outdoors/window-and-floor-cleaners.html">Window and floor cleaner</a>
                        </li>
                        <li>
                            <a class="estDynamic" href="../household-and-outdoors/repellents.html">Repellents</a>
                        </li>
                        <li>
                            <a class="estDynamic" href="../household-and-outdoors/disposable-tableware.html">Disposable tableware</a>
                        </li>
                    </ul>
                </li>
                <li>
                    <img src="../../cdn.spesati.com/images/menu/animals.png"/>
                    Pets                    <i class="fa fa-angle-down" aria-hidden="true"></i>
                    <ul class="sub-menu">
                        <li>
                            <a class="estDynamic" href="../pets/pet-food-other-animals.html">Other animals pet food</a>
                        </li>
                        <li>
                            <a class="estDynamic" href="../pets/pet-food-dogs.html">Pet food dogs</a>
                        </li>
                        <li>
                            <a class="estDynamic" href="../pets/pet-food-cats.html">Pet food cats</a>
                        </li>
                        <li>
                            <a class="estDynamic" href="../pets/hygiene-and-cleaning.html">Hygiene and cleaning</a>
                        </li>
                    </ul>
                </li>
                <li>
                    <img src="../../cdn.spesati.com/images/menu/technology.png"/>
                    Technology                    <i class="fa fa-angle-down" aria-hidden="true"></i>
                    <ul class="sub-menu">
                        <li>
                            <a class="estDynamic" href="../technology/accessories.html">Accessories</a>
                        </li>
                        <li>
                            <a class="estDynamic" href="../technology/computer.html">Computer</a>
                        </li>
                        <li>
                            <a class="estDynamic" href="../technology/telephones.html">Telephones</a>
                        </li>
                        <li>
                            <a class="estDynamic" href="../technology/tv.html">TV</a>
                        </li>
                    </ul>
                </li>
                <li>
                    <img src="../../cdn.spesati.com/images/menu/gluten-free.png"/>
                    Gluten free                    <i class="fa fa-angle-down" aria-hidden="true"></i>
                    <ul class="sub-menu">
                        <li>
                            <a class="estDynamic" href="../gluten-free/frozen-foods.html">Frozen foods</a>
                        </li>
                        <li>
                            <a class="estDynamic" href="../gluten-free/beer.html">Beer</a>
                        </li>
                        <li>
                            <a class="estDynamic" href="../gluten-free/sweets.html">Sweets</a>
                        </li>
                        <li>
                            <a class="estDynamic" href="../gluten-free/bread-and-pasta.html">Bread and pasta</a>
                        </li>
                        <li>
                            <a class="estDynamic" href="../gluten-free/shelf.html">Cupboard</a>
                        </li>
                    </ul>
                </li>
                <li>
                    <img src="../../cdn.spesati.com/images/menu/lactose-free.png"/>
                    Lactose free                    <i class="fa fa-angle-down" aria-hidden="true"></i>
                    <ul class="sub-menu">
                        <li>
                            <a class="estDynamic" href="../lactose-free/frozen-foods.html">Frozen foods</a>
                        </li>
                        <li>
                            <a class="estDynamic" href="../lactose-free/sweets.html">Sweets</a>
                        </li>
                        <li>
                            <a class="estDynamic" href="../lactose-free/dairy-product.html">Dairy product</a>
                        </li>
                        <li>
                            <a class="estDynamic" href="../lactose-free/shelf.html">Cupboard</a>
                        </li>
                    </ul>
                </li>
                <li>
                    <img src="../../cdn.spesati.com/images/menu/special.png"/>
                    Special                    <i class="fa fa-angle-down" aria-hidden="true"></i>
                    <ul class="sub-menu">
                        <li>
                            <a class="estDynamic" href="../special/alpro.html">Alpro</a>
                        </li>
                        <li>
                            <a class="estDynamic" href="../special/organic.html">Biological</a>
                        </li>
                        <li>
                            <a class="estDynamic" href="../special/meat.html">Meat</a>
                        </li>
                        <li>
                            <a class="estDynamic" href="../special/wholegrain.html">Wholegrain</a>
                        </li>
                        <li>
                            <a class="estDynamic" href="../special/bread-and-pasta.html">Bread and pasta</a>
                        </li>
                        <li>
                            <a class="estDynamic" href="../special/vegan.html">Vegan</a>
                        </li>
                    </ul>
                </li>
                <li>
                    <img src="../../cdn.spesati.com/images/menu/sardinian-products.png"/>
                    Sardinian products                    <i class="fa fa-angle-down" aria-hidden="true"></i>
                    <ul class="sub-menu">
                        <li>
                            <a class="estDynamic" href="../sardinian-products/drinks.html">Drinks</a>
                        </li>
                        <li>
                            <a class="estDynamic" href="../sardinian-products/meat.html">Meat</a>
                        </li>
                        <li>
                            <a class="estDynamic" href="../sardinian-products/sweets.html">Sweets</a>
                        </li>
                        <li>
                            <a class="estDynamic" href="../sardinian-products/fruit-and-vegetables.html">Fruit and vegetables</a>
                        </li>
                        <li>
                            <a class="estDynamic" href="../sardinian-products/ichnusa.html">Ichnusa</a>
                        </li>
                        <li>
                            <a class="estDynamic" href="../sardinian-products/dairy-product.html">Dairy product</a>
                        </li>
                        <li>
                            <a class="estDynamic" href="../sardinian-products/bread-and-pasta.html">Bread and pasta</a>
                        </li>
                        <li>
                            <a class="estDynamic" href="../sardinian-products/fish.html">Fish</a>
                        </li>
                        <li>
                            <a class="estDynamic" href="../sardinian-products/cured-meat.html">Cured meat</a>
                        </li>
                        <li>
                            <a class="estDynamic" href="../sardinian-products/shelf.html">Cupboard</a>
                        </li>
                        <li>
                            <a class="estDynamic" href="../sardinian-products/vermentino-wine.html">Vermentino wine</a>
                        </li>
                        <li>
                            <a class="estDynamic" href="../sardinian-products/wine-beer-and-spirits.html">Wine beer and spirits</a>
                        </li>
                    </ul>
                </li>
            </ul>
        </li>
        <li>
            <a href="../about.html">About</a>
        </li>
        <li>
            <a href="../faq.html">Faq</a>
        </li>
        <li>
            <a href="../customer-care.html">Support</a>
        </li>
        <li>
            <a href="../news.html">Blog</a>
        </li>
        <li>
            <a href="../terms-and-conditions.html">Conditions</a>
        </li>
        <li>
            <a href="../privacy-policy.html">Privacy policy</a>
        </li>
        <li>
            <a href="../login.html">Login</a>
        </li>
        <li>
             <a href="../sign-up.html">Sign up</a>
        </li>
    </ul>
</div><section class="first">
    <div id="menuCategories" class="colLeft">
    <ul id="main_nav" >
        <li>
            <a class="estDynamic" href="../on-offer.html">
               <img src="../../cdn.spesati.com/images/menu/on-sale.png"/>
               On sale            </a>
            <i class="fa fa-angle-right" aria-hidden="true"></i>
            <ul class="sub-menu">
                <li>
    <a href="../tacchino-fesa-a-fette.html" class="estDynamic">Tacchino Fesa A Fette</a>
</li><li>
    <a href="../amaro-montenegro-15lt.html" class="estDynamic">Amaro Montenegro 1,5lt</a>
</li><li>
    <a href="../carbone-di-legna-sacco-10kg.html" class="estDynamic">Carbone Di Legna Sacco 10Kg</a>
</li><li>
    <a href="../filu-e-ferru-silvio-carta-70cl.html" class="estDynamic">Filu E Ferru Silvio Carta 70Cl</a>
</li><li>
    <a href="../braciole-suino-con-cotenna.html" class="estDynamic">Braciole Suino Con Cotenna</a>
</li><li>
    <a href="../bovino-adulto-polpa.html" class="estDynamic">Bovino Adulto Polpa</a>
</li><li>
    <a href="../vino-la-palma-cannonau-le-bombarde.html" class="estDynamic">Vino La Palma Cannonau Le Bombarde</a>
</li><li>
    <a href="../fettine-sceltissime-bovino-adulto.html" class="estDynamic">Fettine Sceltissime Bovino Adulto</a>
</li><li>
    <a href="../suino-fettine-scelte.html" class="estDynamic">Suino Fettine Scelte</a>
</li><li>
    <a href="../lavazza-caffe-qualita-rossa-2x250gr.html" class="estDynamic">Lavazza Caffé Qualità Rossa 2x250gr</a>
</li>                <li>
                    <a class="estDynamic" href="../on-offer.html">All products on sale</a>
                </li>
            </ul>
        </li>
        <li>
            <a class="estDynamic" href="../gift.html">
               <img src="../../cdn.spesati.com/images/menu/gift.png"/>
               Gifts            </a>
            <i class="fa fa-angle-right" aria-hidden="true"></i>
            <ul class="sub-menu">
                <li>
    <a href="../gift-card-da-150.html" class="estDynamic">Gift Card Da 150</a>
</li><li>
    <a href="../gift-card-da-100.html" class="estDynamic">Gift Card Da 100</a>
</li><li>
    <a href="../gift-card-da-50.html" class="estDynamic">Gift Card Da 50</a>
</li><li>
    <a href="../gift-card-da-25.html" class="estDynamic">Gift Card Da 25</a>
</li>                <li>
                    <a class="estDynamic" href="../gift.html">All products in the gifts category</a>
                </li>
            </ul>
        </li>
        <li>
            <a class="estDynamic" href="../gift-card.html">
               <img src="../../cdn.spesati.com/images/menu/gift-card.png"/>
               Gift card and discounts            </a>
            <i class="fa fa-angle-right" aria-hidden="true"></i>
            <ul class="sub-menu">
                <li>
    <a href="../gift-card-da-150.html">Gift Card Da 150</a>
</li><li>
    <a href="../gift-card-da-100.html">Gift Card Da 100</a>
</li><li>
    <a href="../gift-card-da-50.html">Gift Card Da 50</a>
</li><li>
    <a href="../gift-card-da-25.html">Gift Card Da 25</a>
</li>            </ul>
        </li>
        <li>
            <a class="estDynamic" href="../fruit-and-vegetables.html">
               <img src="../../cdn.spesati.com/images/menu/fuit-and-vegetables.png"/>
               Fruit and vegetables           </a>
            <i class="fa fa-angle-right" aria-hidden="true"></i>
            <ul class="sub-menu">
                <li>
                    <a class="estDynamic" href="../fruit-and-vegetables/pulses-and-beans.html">Cereals and pulses and beans</a>
                </li>
                <li>
                    <a class="estDynamic" href="../fruit-and-vegetables/fruit.html">Fruit</a>
                </li>
                <li>
                    <a class="estDynamic" href="../fruit-and-vegetables/canned-fruit.html">Canned fruit</a>
                </li>
                <li>
                    <a class="estDynamic" href="../fruit-and-vegetables/dried-fruit.html">Dried fruit</a>
                </li>
                <li>
                    <a class="estDynamic" href="../fruit-and-vegetables/ready-salads.html">Ready salads</a>
                </li>
                <li>
                    <a class="estDynamic" href="../fruit-and-vegetables/fresh-spices.html">Fresh spices</a>
                </li>
                <li>
                    <a class="estDynamic" href="../fruit-and-vegetables/vegetables.html">Vegetables and soy</a>
                </li>
            </ul>
        </li>
        <li>
            <a class="estDynamic" href="../fresh-products.html">
                <img src="../../cdn.spesati.com/images/menu/fresh-products.png"/>
                Fresh products            </a>
            <i class="fa fa-angle-right" aria-hidden="true"></i>
            <ul class="sub-menu">
                <li>
                    <a class="estDynamic" href="../fresh-products/margarine-and-butter.html">Butter and margarine</a>
                </li>
                <li>
                    <a class="estDynamic" href="../fresh-products/danone.html">Danone</a>
                </li>
                <li>
                    <a class="estDynamic" href="../fresh-products/dessert.html">Dessert</a>
                </li>
                <li>
                    <a class="estDynamic" href="../fresh-products/sweets.html">Sweets</a>
                </li>
                <li>
                    <a class="estDynamic" href="../fresh-products/dairy-products.html">Dairy product</a>
                </li>
                <li>
                    <a class="estDynamic" href="../fresh-products/bakery.html">Yeast</a>
                </li>
                <li>
                    <a class="estDynamic" href="../fresh-products/mascarpone.html">Mascarpone</a>
                </li>
                <li>
                    <a class="estDynamic" href="../fresh-products/snacks.html">Snacks</a>
                </li>
                <li>
                    <a class="estDynamic" href="../fresh-products/mozzarella.html">Mozzarella</a>
                </li>
                <li>
                    <a class="estDynamic" href="../fresh-products/pasta.html">Pasta</a>
                </li>
                <li>
                    <a class="estDynamic" href="../fresh-products/pesto-and-sauces.html">Pesto and sauces</a>
                </li>
                <li>
                    <a class="estDynamic" href="../fresh-products/ricotta-and-cheese.html">Ricotta and cheese</a>
                </li>
                <li>
                    <a class="estDynamic" href="../fresh-products/cured-meat.html">Cured meat</a>
                </li>
                <li>
                    <a class="estDynamic" href="../fresh-products/wurstel.html">Würstel</a>
                </li>
                <li>
                    <a class="estDynamic" href="../fresh-products/yogurt.html">Yogurt</a>
                </li>
            </ul>
        </li>
        <li>
            <a class="estDynamic" href="../frozen-foods.html">
                <img src="../../cdn.spesati.com/images/menu/frozen-foods.png"/>
                Frozen foods            </a>
            <i class="fa fa-angle-right" aria-hidden="true"></i>
            <ul class="sub-menu">
                <li>
                    <a class="estDynamic" href="../frozen-foods/meat.html">Meat</a>
                </li>
                <li>
                    <a class="estDynamic" href="../frozen-foods/ice-creams.html">Ice cream and sweet</a>
                </li>
                <li>
                    <a class="estDynamic" href="../frozen-foods/pasta.html">Pasta</a>
                </li>
                <li>
                    <a class="estDynamic" href="../frozen-foods/fish.html">Fish</a>
                </li>
                <li>
                    <a class="estDynamic" href="../frozen-foods/ready-meals.html">Ready meals</a>
                </li>
                <li>
                    <a class="estDynamic" href="../frozen-foods/pizzas.html">Pizzas</a>
                </li>
                <li>
                    <a class="estDynamic" href="../frozen-foods/vegetables.html">Vegetables and soy</a>
                </li>
            </ul>
        </li>
        <li>
            <a class="estDynamic" href="../bread-and-pasta.html">
                <img src="../../cdn.spesati.com/images/menu/bread-and-pasta.png"/>
                Bread and pasta            </a>
            <i class="fa fa-angle-right" aria-hidden="true"></i>
            <ul class="sub-menu">
                <li>
                    <a class="estDynamic" href="../bread-and-pasta/crackers.html">Crackers</a>
                </li>
                <li>
                    <a class="estDynamic" href="../bread-and-pasta/rusks.html">Rusks</a>
                </li>
                <li>
                    <a class="estDynamic" href="../bread-and-pasta/white-bread.html">White bread</a>
                </li>
                <li>
                    <a class="estDynamic" href="../bread-and-pasta/local-bread.html">Local bread</a>
                </li>
                <li>
                    <a class="estDynamic" href="../bread-and-pasta/soft-bread.html">Soft bread</a>
                </li>
                <li>
                    <a class="estDynamic" href="../bread-and-pasta/sardinian-bread.html">Sardinian bread</a>
                </li>
                <li>
                    <a class="estDynamic" href="../bread-and-pasta/bakery.html">Bakery</a>
                </li>
                <li>
                    <a class="estDynamic" href="../bread-and-pasta/pasta.html">Pasta</a>
                </li>
                <li>
                    <a class="estDynamic" href="../bread-and-pasta/fresh-pasta.html">Fresh pasta</a>
                </li>
            </ul>
        </li>
        <li>
            <a class="estDynamic" href="../meat.html">
                <img src="../../cdn.spesati.com/images/menu/meat.png"/>
                Meat            </a>
            <i class="fa fa-angle-right" aria-hidden="true"></i>
            <ul class="sub-menu">
                <li>
                    <a class="estDynamic" href="../meat/beef.html">Beef</a>
                </li>
                <li>
                    <a class="estDynamic" href="../meat/goat.html">Goat</a>
                </li>
                <li>
                    <a class="estDynamic" href="../meat/packaged-meat.html">Packaged meat</a>
                </li>
                <li>
                    <a class="estDynamic" href="../meat/rabbit.html">Rabbit</a>
                </li>
                <li>
                    <a class="estDynamic" href="../meat/horse.html">Horse</a>
                </li>
                <li>
                    <a class="estDynamic" href="../meat/pork.html">Pork</a>
                </li>
                <li>
                    <a class="estDynamic" href="../meat/lamb.html">Lamb</a>
                </li>
                <li>
                    <a class="estDynamic" href="../meat/poultry.html">Poultry</a>
                </li>
            </ul>
        </li>
        <li>
            <a class="estDynamic" href="../fish.html">
                <img src="../../cdn.spesati.com/images/menu/fish.png"/>
                Fish            </a>
            <i class="fa fa-angle-right" aria-hidden="true"></i>
            <ul class="sub-menu">
                <li>
                    <a class="estDynamic" href="../fish/fresh-water.html">Fresh water</a>
                </li>
                <li>
                    <a class="estDynamic" href="../fish/salt-water.html">Salt water</a>
                </li>
                <li>
                    <a class="estDynamic" href="../fish/mussels.html">Mussels</a>
                </li>
                <li>
                    <a class="estDynamic" href="../fish/dried-and-salted.html">Dried and salted</a>
                </li>
                <li>
                    <a class="estDynamic" href="../fish/seafood-salad.html">Seafood salad</a>
                </li>
                <li>
                    <a class="estDynamic" href="../fish/prepared.html">Prepared</a>
                </li>
                <li>
                    <a class="estDynamic" href="../fish/specialty.html">Specialty</a>
                </li>   
                <li>
                    <a class="estDynamic" href="../fish/tuna-and-salmon.html">Tuna and salmon</a>
                </li>
            </ul>
        </li>
        <li>
            <a class="estDynamic" href="../wine-beer-and-spirits.html">
                <img src="../../cdn.spesati.com/images/menu/alcohol.png"/>
                Wine beer and spirits            </a>
            <i class="fa fa-angle-right" aria-hidden="true"></i>
            <ul class="sub-menu">
                <li>
                    <a class="estDynamic" href="../wine-beer-and-spirits/spirits-and-liquors.html">Alcohol</a>
                </li>
                <li>
                    <a class="estDynamic" href="../wine-beer-and-spirits/bitters.html">Bitters</a>
                </li>
                <li>
                    <a class="estDynamic" href="../wine-beer-and-spirits/aperatif.html">Aperatifs</a>
                </li>
                <li>
                    <a class="estDynamic" href="../wine-beer-and-spirits/beer.html">Beer</a>
                </li>
                <li>
                    <a class="estDynamic" href="../wine-beer-and-spirits/creams.html">Creams</a>
                </li>
                <li>
                    <a class="estDynamic" href="../wine-beer-and-spirits/spirits.html">Spirits</a>
                </li>
                <li>
                    <a class="estDynamic" href="../wine-beer-and-spirits/liquors.html">Liquors</a>
                </li>
                <li>
                    <a class="estDynamic" href="../wine-beer-and-spirits/white-wine.html">White wine</a>
                </li>
                <li>
                    <a class="estDynamic" href="../wine-beer-and-spirits/prosecco-wine.html">Prosecco wine</a>
                </li>
                <li>
                    <a class="estDynamic" href="../wine-beer-and-spirits/rose-wine.html">Rose wine</a>
                </li>
                <li>
                    <a class="estDynamic" href="../wine-beer-and-spirits/red-wine.html">Red wine</a>
                </li>
                <li>
                    <a class="estDynamic" href="../wine-beer-and-spirits/specialty-wine.html">Special wine</a>
                </li>
                <li>
                    <a class="estDynamic" href="../wine-beer-and-spirits/sparkling-wine.html">Sparkling wine</a>
                </li>
                <li>
                    <a class="estDynamic" href="../wine-beer-and-spirits/vermentino-wine.html">Vermentino wine</a>
                </li>
            </ul>
        </li>
        <li>
            <a class="estDynamic" href="../water-and-drinks.html">
                <img src="../../cdn.spesati.com/images/menu/water-and-drinks.png"/>
                Water and drinks            </a>
            <i class="fa fa-angle-right" aria-hidden="true"></i>
            <ul class="sub-menu">
                <li>
                    <a class="estDynamic" href="../water-and-drinks/san-martino.html">San Martino</a>
                </li>
                <li>
                    <a class="estDynamic" href="../water-and-drinks/water.html">Water</a>
                </li>
                <li>
                    <a class="estDynamic" href="../water-and-drinks/alpro.html">Alpro</a>
                </li>
                <li>
                    <a class="estDynamic" href="../water-and-drinks/fizzy-drinks.html">Fizzy drinks</a>
                </li>
                <li>
                    <a class="estDynamic" href="../water-and-drinks/coca-cola.html">Coca-Cola</a>
                </li>
                <li>
                    <a class="estDynamic" href="../water-and-drinks/energy-drink.html">Energy drink</a>
                </li>
                <li>
                    <a class="estDynamic" href="../water-and-drinks/syrups.html">Syrups</a>
                </li>
                <li>
                    <a class="estDynamic" href="../water-and-drinks/supplements.html">Supplements</a>
                </li>
                <li>
                    <a class="estDynamic" href="../water-and-drinks/instant-drinks.html">Instant drinks</a>
                </li>
                <li>
                    <a class="estDynamic" href="../water-and-drinks/juice.html">Juice</a>
                </li>
                <li>
                    <a class="estDynamic" href="../water-and-drinks/tea.html">Tea</a>
                </li>
            </ul>
        </li>
        <li>
            <a class="estDynamic" href="../sweets.html">
                <img src="../../cdn.spesati.com/images/menu/sweets.png"/>
                Sweets            </a>
            <i class="fa fa-angle-right" aria-hidden="true"></i>
            <ul class="sub-menu">
                <li>
                    <a class="estDynamic" href="bars-and-snacks.html">Bars and snacks</a>
                </li>
                <li>
                    <a class="estDynamic" href="biscuits.html">Biscuits</a>
                </li>
                <li>
                    <a class="estDynamic" href="brioches.html">Brioches</a>
                </li>
                <li>
                    <a class="estDynamic" href="candy-and-chewing-gum.html">Candy and chewing gum</a>
                </li>
                <li>
                    <a class="estDynamic" href="cereals.html">Cereals</a>
                </li>
                <li>
                    <a class="estDynamic" href="chocolate.html">Chocolate</a>
                </li>
                <li>
                    <a class="estDynamic" href="spreadable-creams.html">Spreads</a>
                </li>
                <li>
                    <a class="estDynamic" href="dessert-toppings.html">Dessert toppings</a>
                </li>
                <li>
                    <a class="estDynamic" href="jam.html">Jam</a>
                </li>
                <li>
                    <a class="estDynamic" href="honey.html">Honey</a>
                </li>
                <li>
                    <a class="estDynamic" href="panettoni-and-pandoro.html">Panettone and pandoro</a>
                </li>
                <li>
                    <a class="estDynamic" href="pastry.html">Pastry</a>
                </li>
                <li>
                    <a class="estDynamic" href="instant-dessert.html">Prepared</a>
                </li>
                <li>
                    <a class="estDynamic" href="cakes-and-pies.html">Cakes and pies</a>
                </li>
                <li>
                    <a class="estDynamic" href="easter-eggs-and-doves.html">Easter eggs and doves</a>
                </li>
            </ul>
        </li>
        <li>
            <a class="estDynamic" href="../shelf.html">
                <img src="../../cdn.spesati.com/images/menu/shelf.png"/>
                Cupboard            </a>
            <i class="fa fa-angle-right" aria-hidden="true"></i>
            <ul class="sub-menu">
                <li>
                    <a class="estDynamic" href="../shelf/coffee.html">Coffee</a>
                </li>
                <li>
                    <a class="estDynamic" href="../shelf/gift-baskets.html">Gift baskets</a>
                </li>
                <li>
                    <a class="estDynamic" href="../shelf/stock-cubes.html">Nuts and preparations</a>
                </li>
                <li>
                    <a class="estDynamic" href="../shelf/flour-and-baking.html">Flour and baking</a>
                </li>
                <li>
                    <a class="estDynamic" href="../shelf/milk.html">Milk</a>
                </li>
                <li>
                    <a class="estDynamic" href="../shelf/oil-salt-vinegar.html">Oil, vinegar and salt</a>
                </li>
                <li>
                    <a class="estDynamic" href="../shelf/cream-and-bechamel.html">Cream and bechamel</a>
                </li>
                <li>
                    <a class="estDynamic" href="../shelf/crisps-and-pretzels.html">Crisps and pretzels</a>
                </li>
                <li>
                    <a class="estDynamic" href="../shelf/baby-and-infants-products.html">Early childhood products</a>
                </li>
                <li>
                    <a class="estDynamic" href="../shelf/rice.html">Rice</a>
                </li>
                <li>
                    <a class="estDynamic" href="../shelf/tins-and-preserves.html">Tins and Preserves</a>
                </li>
                <li>
                    <a class="estDynamic" href="../shelf/spices.html">Spices</a>
                </li>
                <li>
                    <a class="estDynamic" href="../shelf/sauces.html">Sauces</a>
                </li>
                <li>
                    <a class="estDynamic" href="../shelf/tea-and-infusions.html">Tea and infusions</a>
                </li>
                <li>
                    <a class="estDynamic" href="../shelf/eggs.html">Eggs</a>
                </li>
                <li>
                    <a class="estDynamic" href="../shelf/sugar-and-sweeteners.html">Sugar and sweeteners</a>
                </li>
            </ul>
        </li>
        <li>
            <a class="estDynamic" href="../personal-care.html">
                <img src="../../cdn.spesati.com/images/menu/personal-care.png"/>
                Personal care            </a>
            <i class="fa fa-angle-right" aria-hidden="true"></i>
            <ul class="sub-menu">
                <li>
                    <a class="estDynamic" href="../personal-care/accessories-and-cotton.html">Accessories and cotton</a>
                </li>
                <li>
                    <a class="estDynamic" href="../personal-care/feminine-care-incontinence-and-baby-diapers.html">Feminine incontinence and diapers</a>
                </li>
                <li>
                    <a class="estDynamic" href="../personal-care/shower-gel.html">Shower gel</a>
                </li>
                <li>
                    <a class="estDynamic" href="../personal-care/creams.html">Creams</a>
                </li>
                <li>
                    <a class="estDynamic" href="../personal-care/deodorant.html">Deodorant</a>
                </li>
                <li>
                    <a class="estDynamic" href="../personal-care/hair-removal.html">Hair removal</a>
                </li>
                <li>
                    <a class="estDynamic" href="../personal-care/disinfectants.html">Disinfectants</a>
                </li>
                <li>
                    <a class="estDynamic" href="../personal-care/oral-hygiene.html">Oral hygiene</a>
                </li>
                <li>
                    <a class="estDynamic" href="../personal-care/supplements-and-multivitamins.html">Supplements and multivitamins</a>
                </li>
                <li>
                    <a class="estDynamic" href="../personal-care/first-aid.html">First aid label</a>
                </li>
                <li>
                    <a class="estDynamic" href="../personal-care/beard-products.html">Beard products</a>
                </li>
                <li>
                    <a class="estDynamic" href="../personal-care/hairs-products.html">Hair products</a>
                </li>
                <li>
                    <a class="estDynamic" href="../personal-care/perfume.html">Perfumes</a>
                </li>
                <li>
                    <a class="estDynamic" href="../personal-care/wipes.html">Wipes</a>
                </li>
                <li>
                    <a class="estDynamic" href="../personal-care/soaps-and-body-wash.html">Soaps and body wash</a>
                </li>
                <li>
                    <a class="estDynamic" href="../personal-care/shampoo-and-conditioner.html">Shampoo and conditioner</a>
                </li>
            </ul>
        </li>
        <li>
            <a class="estDynamic" href="../household-and-outdoors.html">
                <img src="../../cdn.spesati.com/images/menu/pellet-and-home.png"/>
                Home and outdoors 
            </a>
            <i class="fa fa-angle-right" aria-hidden="true"></i>
            <ul class="sub-menu">
                <li>
                    <a class="estDynamic" href="../household-and-outdoors/distilled-water.html">Distilled water</a>
                </li>
                <li>
                    <a class="estDynamic" href="../household-and-outdoors/car-products.html">Cars</a>
                </li>
                <li>
                    <a class="estDynamic" href="../household-and-outdoors/bin-bags-and-buckets.html">Bin bags and buckets</a>
                </li>
                <li>
                    <a class="estDynamic" href="../household-and-outdoors/bleach-and-stain-removers.html">Bleach and stain removers</a>
                </li>
                <li>
                    <a class="estDynamic" href="../household-and-outdoors/candles.html">Candles</a>
                </li>
                <li>
                    <a class="estDynamic" href="../household-and-outdoors/kitchen-roll.html">Kitchen roll</a>
                </li>
                <li>
                    <a class="estDynamic" href="../household-and-outdoors/air-fresheners.html">Air fresheners</a>
                </li>
                <li>
                    <a class="estDynamic" href="../household-and-outdoors/laundry-accessories-and-detergent.html">Laundry detergent</a>
                </li>
                <li>
                    <a class="estDynamic" href="../household-and-outdoors/dishwasher-and-washing-up.html">Dishwasher and washing up</a>
                </li>
                <li>
                    <a class="estDynamic" href="../household-and-outdoors/gardening.html">Gardening</a>
                </li>
                <li>
                    <a class="estDynamic" href="../household-and-outdoors/light-bulbs-and-batteries.html">Lightbulbs and batteries</a>
                </li>
                <li>
                    <a class="estDynamic" href="../household-and-outdoors/pellet-and-bbq.html">Pellet and BBQ</a>
                </li>
                <li>
                    <a class="estDynamic" href="../household-and-outdoors/bathroom-products.html">Bathroom products</a>
                </li>
                <li>
                    <a class="estDynamic" href="../household-and-outdoors/home-and-furniture-products.html">Home and furniture products</a>
                </li>
                <li>
                    <a class="estDynamic" href="../household-and-outdoors/kitchen-products.html">Kitchen products</a>
                </li>
                <li>
                    <a class="estDynamic" href="../household-and-outdoors/window-and-floor-cleaners.html">Window and floor cleaner</a>
                </li>
                <li>
                    <a class="estDynamic" href="../household-and-outdoors/repellents.html">Repellents</a>
                </li>
                <li>
                    <a class="estDynamic" href="../household-and-outdoors/disposable-tableware.html">Disposable tableware</a>
                </li>
            </ul>
        </li>
        <li>
            <a class="estDynamic" href="../pet.html">
                <img src="../../cdn.spesati.com/images/menu/animals.png"/>
                Pets            </a>
            <i class="fa fa-angle-right" aria-hidden="true"></i>
            <ul class="sub-menu">
                <li>
                    <a class="estDynamic" href="../pets/pet-food-other-animals.html">Other animals pet food</a>
                </li>
                <li>
                    <a class="estDynamic" href="../pets/pet-food-dogs.html">Pet food dogs</a>
                </li>
                <li>
                    <a class="estDynamic" href="../pets/pet-food-cats.html">Pet food cats</a>
                </li>
                <li>
                    <a class="estDynamic" href="../pets/hygiene-and-cleaning.html">Hygiene and cleaning</a>
                </li>
            </ul>
        </li>
        <li>
            <a class="estDynamic" href="../technology.html">
                <img src="../../cdn.spesati.com/images/menu/technology.png"/>
                Technology            </a>
            <i class="fa fa-angle-right" aria-hidden="true"></i>
            <ul class="sub-menu">
                <li>
                    <a class="estDynamic" href="../technology/accessories.html">Accessories</a>
                </li>
                <li>
                    <a class="estDynamic" href="../technology/computer.html">Computer</a>
                </li>
                <li>
                    <a class="estDynamic" href="../technology/telephones.html">Telephones</a>
                </li>
                <li>
                    <a class="estDynamic" href="../technology/tv.html">TV</a>
                </li>
            </ul>
        </li>
        <li>
            <a class="estDynamic" href="../gluten-free.html">
                <img src="../../cdn.spesati.com/images/menu/gluten-free.png"/>
                Gluten free            </a>
            <i class="fa fa-angle-right" aria-hidden="true"></i>
            <ul class="sub-menu">
                <li>
                    <a class="estDynamic" href="../gluten-free/frozen-foods.html">Frozen foods</a>
                </li>
                <li>
                    <a class="estDynamic" href="../gluten-free/beer.html">Beer</a>
                </li>
                <li>
                    <a class="estDynamic" href="../gluten-free/sweets.html">Sweets</a>
                </li>
                <li>
                    <a class="estDynamic" href="../gluten-free/bread-and-pasta.html">Bread and pasta</a>
                </li>
                <li>
                    <a class="estDynamic" href="../gluten-free/shelf.html">Cupboard</a>
                </li>
            </ul>
        </li>
        <li>
            <a class="estDynamic" href="../lactose-free.html">
                <img src="../../cdn.spesati.com/images/menu/lactose-free.png"/>
                Lactose free            </a>
            <i class="fa fa-angle-right" aria-hidden="true"></i>
            <ul class="sub-menu">
                <li>
                    <a class="estDynamic" href="../lactose-free/frozen-foods.html">Frozen foods</a>
                </li>
                <li>
                    <a class="estDynamic" href="../lactose-free/sweets.html">Sweets</a>
                </li>
                <li>
                    <a class="estDynamic" href="../lactose-free/dairy-product.html">Dairy product</a>
                </li>
                <li>
                    <a class="estDynamic" href="../lactose-free/shelf.html">Cupboard</a>
                </li>
            </ul>
        </li>
        <li>
            <a class="estDynamic" href="../special.html">
                <img src="../../cdn.spesati.com/images/menu/special.png"/>
                Special            </a>
            <i class="fa fa-angle-right" aria-hidden="true"></i>
            <ul class="sub-menu">
                <li>
                    <a class="estDynamic" href="../special/alpro.html">Alpro</a>
                </li>
                <li>
                    <a class="estDynamic" href="../special/organic.html">Biological</a>
                </li>
                <li>
                    <a class="estDynamic" href="../special/meat.html">Meat</a>
                </li>
                <li>
                    <a class="estDynamic" href="../special/wholegrain.html">Wholegrain</a>
                </li>
                <li>
                    <a class="estDynamic" href="../special/bread-and-pasta.html">Bread and pasta</a>
                </li>
                <li>
                    <a class="estDynamic" href="../special/vegan.html">Vegan</a>
                </li>
            </ul>
        </li>
        <li>
            <a class="estDynamic" href="../sardinian-products.html">
                <img src="../../cdn.spesati.com/images/menu/sardinian-products.png"/>
                Sardinian products            </a>
            <i class="fa fa-angle-right" aria-hidden="true"></i>
            <ul class="sub-menu">
                <li>
                    <a class="estDynamic" href="../sardinian-products/drinks.html">Drinks</a>
                </li>
                <li>
                    <a class="estDynamic" href="../sardinian-products/meat.html">Meat</a>
                </li>
                <li>
                    <a class="estDynamic" href="../sardinian-products/sweets.html">Sweets</a>
                </li>
                <li>
                    <a class="estDynamic" href="../sardinian-products/fruit-and-vegetables.html">Fruit and vegetables</a>
                </li>
                <li>
                    <a class="estDynamic" href="../sardinian-products/ichnusa.html">Ichnusa</a>
                </li>
                <li>
                    <a class="estDynamic" href="../sardinian-products/dairy-product.html">Dairy product</a>
                </li>
                <li>
                    <a class="estDynamic" href="../sardinian-products/bread-and-pasta.html">Bread and pasta</a>
                </li>
                <li>
                    <a class="estDynamic" href="../sardinian-products/fish.html">Fish</a>
                </li>
                <li>
                    <a class="estDynamic" href="../sardinian-products/cured-meat.html">Cured meat</a>
                </li>
                <li>
                    <a class="estDynamic" href="../sardinian-products/shelf.html">Cupboard</a>
                </li>
                <li>
                    <a class="estDynamic" href="../sardinian-products/vermentino-wine.html">Vermentino wine</a>
                </li>
                <li>
                    <a class="estDynamic" href="../sardinian-products/wine-beer-and-spirits.html">Wine beer and spirits</a>
                </li>
            </ul>
        </li>
    </ul>
</div>    <div class="colRight">
        <div class="title mobile">
	<a href="../sweets.html"><i class="fa red fa-angle-left fa-3x mobile" aria-hidden="true"></i></a>
	<h2>
		<b>
			chocolate		</b>
	</h2>
</div>

<div class="breadcrumb bgGrey internal">
	<p>
		<b>
			<a href="../index.html">Home</a>
												&gt; <a href="../sweets.html">Sweets</a>
																&gt; Chocolate									</b>
	</p>
	<div>
		<p>Order by</p>
		<select name="orderProd" id="orderProd">
			<option disabled="disabled" selected="selected">- Choose -</option>
			<option value="nameAsc">Name (A - Z)</option>
			<option value="nameDes">Name (Z - A)</option>
			<option value="priceHigh">Price - High to low</option>
			<option value="priceLow">Price - Low to high</option>
			<option value="soldAsc">Best Selling</option>
			<option value="available">Availability</option>
		</select>
	</div>
</div>
        <div class="containerProduct">
            <script type='text/javascript'>var track = '{"event":"ViewContent", "type":"category", "id":"Dolciumi", "subids":["Cioccolato"], "url":"https://www.spesati.com/sweets/chocolate"}';</script>
<script>
gtag('event', 'select_content', {content_type: 'category', item_id: 'Dolciumi'});gtag('event', 'select_content', {content_type: 'category', item_id: 'Cioccolato'});
</script>
<div class="left product prod1"
        data-name="Cioc Ferrero K Mini Bueno T20"
        data-price="2.75"
        data-id="34377"
        data-available="yes"
        data-category="4748"
        data-bestselling="2">
    <a href="../cioc-ferrero-k-mini-bueno-t20">
        <div style="background-image: url('../../cdn.spesati.com/images/products/000510645/kinder-bueno-mini-108-g-01.png')">
            <div class="hover"></div>
            <p class="arrow bgRed white">Best Seller</p>
            <div class="stickers"></div>
        </div>
    </a>
    <div>
        <h4><a href="../cioc-ferrero-k-mini-bueno-t20"><b>Cioc Ferrero K Mini Bueno T20</b></a></h4>
        <p class="description">Kinder bueno Mini 108 g</p>
        <p class="right price"><b>2.75 €</b></p>
        <p class="right unitPrice">25.47 € per kg</p>
    </div>
    <div class="contButton">
    <a class="button bgRed white addToCart" href="#">Add</a>
</div>
</div><div class="left product prod2"
        data-name="Cioc Ferrero Rocher T3"
        data-price="1.70"
        data-id="34329"
        data-available="yes"
        data-category="4748"
        data-bestselling="">
    <a href="../cioc-ferrero-rocher-t3">
        <div style="background-image: url('../../cdn.spesati.com/images/products/000510119/ferrero-rocher-3-pezzi-375-g-01.png')">
            <div class="hover"></div>
            
            <div class="stickers"></div>
        </div>
    </a>
    <div>
        <h4><a href="../cioc-ferrero-rocher-t3"><b>Cioc Ferrero Rocher T3</b></a></h4>
        <p class="description">Ferrero Rocher 3 pezzi 37,5 g</p>
        <p class="right price"><b>1.70 €</b></p>
        <p class="right unitPrice">46.02 € per kg</p>
    </div>
    <div class="contButton">
    <a class="button bgRed white addToCart" href="#">Add</a>
</div>
</div><div class="left product prod3"
        data-name="Ferrero Coniglio"
        data-price="3.49"
        data-id="1594"
        data-available="yes"
        data-category="4748"
        data-bestselling="">
    <a href="../ferrero-coniglio">
        <div style="background-image: url('../../cdn.spesati.com/images/products/000503257/kinder-sorpresa-figura-cava-coniglio-lui-75-g-01.png')">
            <div class="hover"></div>
            
            <div class="stickers"></div>
        </div>
    </a>
    <div>
        <h4><a href="../ferrero-coniglio"><b>Ferrero Coniglio</b></a></h4>
        <p class="description">Kinder Sorpresa Figura cava Coniglio Lui 75 g</p>
        <p class="right price"><b>3.49 €</b></p>
        <p class="right unitPrice">46.54 € per kg</p>
    </div>
    <div class="contButton">
    <a class="button bgRed white addToCart" href="#">Add</a>
</div>
</div><div class="left product prod4"
        data-name="Cioc Ferrero Pocket C Scat T32"
        data-price="7.99"
        data-id="33847"
        data-available="yes"
        data-category="4748"
        data-bestselling="">
    <a href="../cioc-ferrero-pocket-c-scat-t32">
        <div style="background-image: url('../../cdn.spesati.com/images/products/000502312/pocket-coffee-espresso-classico-32-pezzi-400-g-01.png')">
            <div class="hover"></div>
            
            <div class="stickers"></div>
        </div>
    </a>
    <div>
        <h4><a href="../cioc-ferrero-pocket-c-scat-t32"><b>Cioc Ferrero Pocket C Scat T32</b></a></h4>
        <p class="description">Pocket Coffee espresso Classico 32 pezzi 400 g</p>
        <p class="right price"><b>7.99 €</b></p>
        <p class="right unitPrice">19.98 € per kg</p>
    </div>
    <div class="contButton">
    <a class="button bgRed white addToCart" href="#">Add</a>
</div>
</div><div class="left product prod5"
        data-name="Ferrero Confezione Raffaello"
        data-price="4.29"
        data-id="1593"
        data-available="yes"
        data-category="4748"
        data-bestselling="">
    <a href="../ferrero-confezione-raffaello">
        <div style="background-image: url('../../cdn.spesati.com/images/products/000502307/18-raffaello-180-g-01.png')">
            <div class="hover"></div>
            
            <div class="stickers"></div>
        </div>
    </a>
    <div>
        <h4><a href="../ferrero-confezione-raffaello"><b>Ferrero Confezione Raffaello</b></a></h4>
        <p class="description">18 Raffaello 180 g</p>
        <p class="right price"><b>4.29 €</b></p>
        <p class="right unitPrice">23.84 € per kg</p>
    </div>
    <div class="contButton">
    <a class="button bgRed white addToCart" href="#">Add</a>
</div>
</div><div class="left product prod6"
        data-name="Ferrero Rocher Scatola"
        data-price="5.69"
        data-id="1604"
        data-available="yes"
        data-category="4748"
        data-bestselling="">
    <a href="../ferrero-rocher-scatola">
        <div style="background-image: url('../../cdn.spesati.com/images/products/000502296/ferrero-rocher-16-pezzi-200-g-01.png')">
            <div class="hover"></div>
            
            <div class="stickers"></div>
        </div>
    </a>
    <div>
        <h4><a href="../ferrero-rocher-scatola"><b>Ferrero Rocher Scatola</b></a></h4>
        <p class="description">Ferrero Rocher 16 pezzi 200 g</p>
        <p class="right price"><b>5.69 €</b></p>
        <p class="right unitPrice">0.35 € per piece</p>
    </div>
    <div class="contButton">
    <a class="button bgRed white addToCart" href="#">Add</a>
</div>
</div><div class="left product prod7"
        data-name="Kinder Barrette 50"
        data-price="1.23"
        data-id="1609"
        data-available="yes"
        data-category="4748"
        data-bestselling="">
    <a href="../kinder-barrette-50">
        <div style="background-image: url('../../cdn.spesati.com/images/products/000502218/kinder-cioccolato-4-x-125-g-01.png')">
            <div class="hover"></div>
            
            <div class="stickers"></div>
        </div>
    </a>
    <div>
        <h4><a href="../kinder-barrette-50"><b>Kinder Barrette 50</b></a></h4>
        <p class="description">Kinder Cioccolato 4 x 12,5 g</p>
        <p class="right price"><b>1.23 €</b></p>
        <p class="right unitPrice">24.68 € per kg</p>
    </div>
    <div class="contButton">
    <a class="button bgRed white addToCart" href="#">Add</a>
</div>
</div><div class="left product prod8"
        data-name="Ferrero cacao amaro gr.75"
        data-price="1.95"
        data-id="5169"
        data-available="yes"
        data-category="4748"
        data-bestselling="">
    <a href="../ferrero-cacao-amaro-gr75">
        <div style="background-image: url('../../cdn.spesati.com/images/products/000502050/ferrero-cacao-amaro-75-g-01.png')">
            <div class="hover"></div>
            
            <div class="stickers"></div>
        </div>
    </a>
    <div>
        <h4><a href="../ferrero-cacao-amaro-gr75"><b>Ferrero cacao amaro gr.75</b></a></h4>
        <p class="description">Ferrero Cacao Amaro 75 g</p>
        <p class="right price"><b>1.95 €</b></p>
        <p class="right unitPrice">2.60 € per kg</p>
    </div>
    <div class="contButton">
    <a class="button bgRed white addToCart" href="#">Add</a>
</div>
</div><div class="left product prod9"
        data-name="Ciocc Lindt Gold Bunny 100gr"
        data-price="3.99"
        data-id="33824"
        data-available="yes"
        data-category="4748"
        data-bestselling="">
    <a href="../ciocc-lindt-gold-bunny-100gr">
        <div style="background-image: url('../../cdn.spesati.com/images/products/000501738/lindt-gold-bunny-coniglietto-pasqua-cioccolato-al-latte-100g-01.png')">
            <div class="hover"></div>
            
            <div class="stickers"></div>
        </div>
    </a>
    <div>
        <h4><a href="../ciocc-lindt-gold-bunny-100gr"><b>Ciocc Lindt Gold Bunny 100gr</b></a></h4>
        <p class="description">Lindt Gold Bunny Coniglietto Pasqua Cioccolato al latte 100g</p>
        <p class="right price"><b>3.99 €</b></p>
        <p class="right unitPrice">39.90 € per kg</p>
    </div>
    <div class="contButton">
    <a class="button bgRed white addToCart" href="#">Add</a>
</div>
</div><div class="left product prod10"
        data-name="Lindt Excellence Cacao 85%"
        data-price="2.69"
        data-id="1624"
        data-available="yes"
        data-category="4748"
        data-bestselling="">
    <a href="../lindt-excellence-cacao-85">
        <div style="background-image: url('../../cdn.spesati.com/images/products/000501723/lindt-excellence-tavoletta-cioccolato-fondente-85-100-g-01.png')">
            <div class="hover"></div>
            
            <div class="stickers"></div>
        </div>
    </a>
    <div>
        <h4><a href="../lindt-excellence-cacao-85"><b>Lindt Excellence Cacao 85%</b></a></h4>
        <p class="description">Lindt Excellence Tavoletta Cioccolato Fondente 85% 100 g</p>
        <p class="right price"><b>2.69 €</b></p>
        <p class="right unitPrice">26.90 € per kg</p>
    </div>
    <div class="contButton">
    <a class="button bgRed white addToCart" href="#">Add</a>
</div>
</div><div class="left product prod11"
        data-name="Lindt Excellence Cacao 70%"
        data-price="2.26"
        data-id="1623"
        data-available="yes"
        data-category="4748"
        data-bestselling="">
    <a href="../lindt-excellence-cacao-70">
        <div style="background-image: url('../../cdn.spesati.com/images/products/000501722/lindt-excellence-tavoletta-cioccolato-fondente-70-100-g-01.png')">
            <div class="hover"></div>
            
            <div class="stickers"></div>
        </div>
    </a>
    <div>
        <h4><a href="../lindt-excellence-cacao-70"><b>Lindt Excellence Cacao 70%</b></a></h4>
        <p class="description">Lindt Excellence Tavoletta Cioccolato Fondente 70% 100 g</p>
        <p class="right price"><b>2.26 €</b></p>
        <p class="right unitPrice">22.61 € per kg</p>
    </div>
    <div class="contButton">
    <a class="button bgRed white addToCart" href="#">Add</a>
</div>
</div><div class="left product prod12"
        data-name="Ciocc Milka Mini Cookies 110gr"
        data-price="2.15"
        data-id="88877"
        data-available="yes"
        data-category="4748"
        data-bestselling="">
    <a href="../ciocc-milka-mini-cookies-110gr">
        <div style="background-image: url('../../cdn.spesati.com/images/products/000472957/milka-mini-cookies-110-g-01.png')">
            <div class="hover"></div>
            
            <div class="stickers"></div>
        </div>
    </a>
    <div>
        <h4><a href="../ciocc-milka-mini-cookies-110gr"><b>Ciocc Milka Mini Cookies 110gr</b></a></h4>
        <p class="description">Milka Mini Cookies 110 g</p>
        <p class="right price"><b>2.15 €</b></p>
        <p class="right unitPrice">19.50 € per kg</p>
    </div>
    <div class="contButton">
    <a class="button bgRed white addToCart" href="#">Add</a>
</div>
</div><div class="left product prod13"
        data-name="Ciocc Milka Mini Wafer 110gr"
        data-price="2.15"
        data-id="75843"
        data-available="yes"
        data-category="4748"
        data-bestselling="">
    <a href="../ciocc-milka-mini-wafer-110gr">
        <div style="background-image: url('../../cdn.spesati.com/images/products/000472661/milka-mini-wafers-110-g-01.png')">
            <div class="hover"></div>
            
            <div class="stickers"></div>
        </div>
    </a>
    <div>
        <h4><a href="../ciocc-milka-mini-wafer-110gr"><b>Ciocc Milka Mini Wafer 110gr</b></a></h4>
        <p class="description">Milka Mini Wafers 110 g</p>
        <p class="right price"><b>2.15 €</b></p>
        <p class="right unitPrice">19.55 € per kg</p>
    </div>
    <div class="contButton">
    <a class="button bgRed white addToCart" href="#">Add</a>
</div>
</div><div class="left product prod14"
        data-name="Cioc Vialet Pass Latt/cara 150"
        data-price="3.35"
        data-id="81440"
        data-available="yes"
        data-category="4748"
        data-bestselling="">
    <a href="../cioc-vialet-pass-lattcara-150">
        <div style="background-image: url('../../cdn.spesati.com/images/products/000443165/vialetto-le-passioni-di-lamberto-latte-ripieno-crunchy-al-caramello-e-frutta-secca-150-g-01.png')">
            <div class="hover"></div>
            
            <div class="stickers"></div>
        </div>
    </a>
    <div>
        <h4><a href="../cioc-vialet-pass-lattcara-150"><b>Cioc Vialet Pass Latt/cara 150</b></a></h4>
        <p class="description">Vialetto le Passioni di Lamberto Latte Ripieno Crunchy al Caramello e Frutta Secca 150 g</p>
        <p class="right price"><b>3.35 €</b></p>
        <p class="right unitPrice">22.36 € per kg</p>
    </div>
    <div class="contButton">
    <a class="button bgRed white addToCart" href="#">Add</a>
</div>
</div><div class="left product prod15"
        data-name="Cioc Vialet Scrig Bia/pist 150"
        data-price="3.35"
        data-id="81437"
        data-available="yes"
        data-category="4748"
        data-bestselling="">
    <a href="../cioc-vialet-scrig-biapist-150">
        <div style="background-image: url('../../cdn.spesati.com/images/products/000443164/vialetto-gli-scrigni-di-cinzia-e-camilla-bianco-pistacchio-140-g-01.png')">
            <div class="hover"></div>
            
            <div class="stickers"></div>
        </div>
    </a>
    <div>
        <h4><a href="../cioc-vialet-scrig-biapist-150"><b>Cioc Vialet Scrig Bia/pist 150</b></a></h4>
        <p class="description">Vialetto gli Scrigni di Cinzia e Camilla Bianco Pistacchio 140 g</p>
        <p class="right price"><b>3.35 €</b></p>
        <p class="right unitPrice">22.36 € per kg</p>
    </div>
    <div class="contButton">
    <a class="button bgRed white addToCart" href="#">Add</a>
</div>
</div><div class="left product prod16"
        data-name="Cioc Tart Vialet Bian Pis 120g"
        data-price="3.66"
        data-id="81431"
        data-available="yes"
        data-category="4748"
        data-bestselling="">
    <a href="../cioc-tart-vialet-bian-pis-120g">
        <div style="background-image: url('../../cdn.spesati.com/images/products/000443162/vialetto-tartufi-con-pistacchi-salati-120-g-01.png')">
            <div class="hover"></div>
            
            <div class="stickers"></div>
        </div>
    </a>
    <div>
        <h4><a href="../cioc-tart-vialet-bian-pis-120g"><b>Cioc Tart Vialet Bian Pis 120g</b></a></h4>
        <p class="description">Vialetto Tartufi con Pistacchi Salati 120 g</p>
        <p class="right price"><b>3.66 €</b></p>
        <p class="right unitPrice">30.53 € per kg</p>
    </div>
    <div class="contButton">
    <a class="button bgRed white addToCart" href="#">Add</a>
</div>
</div><div class="left product prod17"
        data-name="Cioc Lindt Maxi Boule Latt 250"
        data-price="10.46"
        data-id="81416"
        data-available="yes"
        data-category="4748"
        data-bestselling="">
    <a href="../cioc-lindt-maxi-boule-latt-250">
        <div style="background-image: url('../../cdn.spesati.com/images/products/000443131/lindt-lindor-maxi-boule-cioccolatini-cioccolato-al-latte-250-g-01.png')">
            <div class="hover"></div>
            
            <div class="stickers"></div>
        </div>
    </a>
    <div>
        <h4><a href="../cioc-lindt-maxi-boule-latt-250"><b>Cioc Lindt Maxi Boule Latt 250</b></a></h4>
        <p class="description">Lindt Lindor Maxi Boule Cioccolatini Cioccolato al latte 250 g</p>
        <p class="right price"><b>10.46 €</b></p>
        <p class="right unitPrice">41.86 € per kg</p>
    </div>
    <div class="contButton">
    <a class="button bgRed white addToCart" href="#">Add</a>
</div>
</div><div class="left product prod18"
        data-name="Pralin Sorini Gran/fr Ros 200g"
        data-price="3.29"
        data-id="88020"
        data-available="yes"
        data-category="4748"
        data-bestselling="">
    <a href="../pralin-sorini-granfr-ros-200g">
        <div style="background-image: url('../../cdn.spesati.com/images/products/000443086/sorini-fruit-crunchy-granola-200-g-01.png')">
            <div class="hover"></div>
            
            <div class="stickers"></div>
        </div>
    </a>
    <div>
        <h4><a href="../pralin-sorini-granfr-ros-200g"><b>Pralin Sorini Gran/fr Ros 200g</b></a></h4>
        <p class="description">Sorini Fruit Crunchy Granola 200 g</p>
        <p class="right price"><b>3.29 €</b></p>
        <p class="right unitPrice">16.46 € per kg</p>
    </div>
    <div class="contButton">
    <a class="button bgRed white addToCart" href="#">Add</a>
</div>
</div><div class="left product prod19"
        data-name="Cioc Witors Boero Car Sal 200g"
        data-price="3.29"
        data-id="81359"
        data-available="yes"
        data-category="4748"
        data-bestselling="">
    <a href="../cioc-witors-boero-car-sal-200g">
        <div style="background-image: url('../../cdn.spesati.com/images/products/000443038/witors-golden-caramello-salato-cioccolato-al-latte-con-crema-al-caramello-salato-200-g-01.png')">
            <div class="hover"></div>
            
            <div class="stickers"></div>
        </div>
    </a>
    <div>
        <h4><a href="../cioc-witors-boero-car-sal-200g"><b>Cioc Witors Boero Car Sal 200g</b></a></h4>
        <p class="description">Witor's Golden Caramello Salato Cioccolato al Latte con Crema al Caramello Salato 200 g</p>
        <p class="right price"><b>3.29 €</b></p>
        <p class="right unitPrice">16.46 € per kg</p>
    </div>
    <div class="contButton">
    <a class="button bgRed white addToCart" href="#">Add</a>
</div>
</div><div class="left product prod20"
        data-name="Cioc Witors Boero Limonc 200g"
        data-price="3.29"
        data-id="81350"
        data-available="yes"
        data-category="4748"
        data-bestselling="">
    <a href="../cioc-witors-boero-limonc-200g">
        <div style="background-image: url('../../cdn.spesati.com/images/products/000443035/witors-il-boero-limoncello-cioccolato-extra-fondente-con-liquore-al-limoncello-200-g-01.png')">
            <div class="hover"></div>
            
            <div class="stickers"></div>
        </div>
    </a>
    <div>
        <h4><a href="../cioc-witors-boero-limonc-200g"><b>Cioc Witors Boero Limonc 200g</b></a></h4>
        <p class="description">Witor's il Boero Limoncello Cioccolato Extra Fondente con Liquore al Limoncello 200 g</p>
        <p class="right price"><b>3.29 €</b></p>
        <p class="right unitPrice">16.46 € per kg</p>
    </div>
    <div class="contButton">
    <a class="button bgRed white addToCart" href="#">Add</a>
</div>
</div><div class="left product prod21"
        data-name="Cioc Lindor Scat Fondente 96gr"
        data-price="6.99"
        data-id="65019"
        data-available="yes"
        data-category="4748"
        data-bestselling="">
    <a href="../cioc-lindor-scat-fondente-96gr">
        <div style="background-image: url('../../cdn.spesati.com/images/products/000438536/lindt-lindor-cioccolatini-assortiti-cioccolato-fondente-scatola-regalo-san-valentino-96-g-01.png')">
            <div class="hover"></div>
            
            <div class="stickers"></div>
        </div>
    </a>
    <div>
        <h4><a href="../cioc-lindor-scat-fondente-96gr"><b>Cioc Lindor Scat Fondente 96gr</b></a></h4>
        <p class="description">Lindt Lindor Cioccolatini assortiti Cioccolato fondente Scatola regalo San Valentino 96 g</p>
        <p class="right price"><b>6.99 €</b></p>
        <p class="right unitPrice">69.91 € per kg</p>
    </div>
    <div class="contButton">
    <a class="button bgRed white addToCart" href="#">Add</a>
</div>
</div><div class="left product prod22"
        data-name="Ciocc M&m's Crispy Tav 150gr"
        data-price="2.99"
        data-id="64548"
        data-available="yes"
        data-category="4748"
        data-bestselling="">
    <a href="../ciocc-mms-crispy-tav-150gr">
        <div style="background-image: url('../../cdn.spesati.com/images/products/000438001/mms-crispy-150-g-01.png')">
            <div class="hover"></div>
            
            <div class="stickers"></div>
        </div>
    </a>
    <div>
        <h4><a href="../ciocc-mms-crispy-tav-150gr"><b>Ciocc M&m's Crispy Tav 150gr</b></a></h4>
        <p class="description">m&m's Crispy 150 g</p>
        <p class="right price"><b>2.99 €</b></p>
        <p class="right unitPrice">19.93 € per kg</p>
    </div>
    <div class="contButton">
    <a class="button bgRed white addToCart" href="#">Add</a>
</div>
</div><div class="left product prod23"
        data-name="Ciocc M&m's Cioccol Tav 165gr"
        data-price="2.99"
        data-id="64545"
        data-available="yes"
        data-category="4748"
        data-bestselling="">
    <a href="../ciocc-mms-cioccol-tav-165gr">
        <div style="background-image: url('../../cdn.spesati.com/images/products/000438000/mms-chocolate-165-g-01.png')">
            <div class="hover"></div>
            
            <div class="stickers"></div>
        </div>
    </a>
    <div>
        <h4><a href="../ciocc-mms-cioccol-tav-165gr"><b>Ciocc M&m's Cioccol Tav 165gr</b></a></h4>
        <p class="description">m&m's Chocolate 165 g</p>
        <p class="right price"><b>2.99 €</b></p>
        <p class="right unitPrice">17.59 € per kg</p>
    </div>
    <div class="contButton">
    <a class="button bgRed white addToCart" href="#">Add</a>
</div>
</div><div class="left product prod24"
        data-name="Ciocc M&m's Arachidi Tav 165g"
        data-price="2.99"
        data-id="64542"
        data-available="yes"
        data-category="4748"
        data-bestselling="">
    <a href="../ciocc-mms-arachidi-tav-165g">
        <div style="background-image: url('../../cdn.spesati.com/images/products/000437999/mms-peanut-165-g-01.png')">
            <div class="hover"></div>
            
            <div class="stickers"></div>
        </div>
    </a>
    <div>
        <h4><a href="../ciocc-mms-arachidi-tav-165g"><b>Ciocc M&m's Arachidi Tav 165g</b></a></h4>
        <p class="description">m&m's Peanut 165 g</p>
        <p class="right price"><b>2.99 €</b></p>
        <p class="right unitPrice">17.59 € per kg</p>
    </div>
    <div class="contButton">
    <a class="button bgRed white addToCart" href="#">Add</a>
</div>
</div><div class="left product prod25"
        data-name="Ciocc Ferrero Kinder Maxi T1"
        data-price="0.70"
        data-id="63060"
        data-available="yes"
        data-category="4748"
        data-bestselling="">
    <a href="../ciocc-ferrero-kinder-maxi-t1">
        <div style="background-image: url('../../cdn.spesati.com/images/products/000437952/kinder-maxi-21-g-01.png')">
            <div class="hover"></div>
            
            <div class="stickers"></div>
        </div>
    </a>
    <div>
        <h4><a href="../ciocc-ferrero-kinder-maxi-t1"><b>Ciocc Ferrero Kinder Maxi T1</b></a></h4>
        <p class="description">Kinder Maxi 21 g</p>
        <p class="right price"><b>0.70 €</b></p>
        <p class="right unitPrice">3.34 € per kg</p>
    </div>
    <div class="contButton">
    <a class="button bgRed white addToCart" href="#">Add</a>
</div>
</div><div class="left product prod26"
        data-name="Cioc Witors Noir Cuore 1kg"
        data-price="10.09"
        data-id="72110"
        data-available="yes"
        data-category="4748"
        data-bestselling="">
    <a href="../cioc-witors-noir-cuore-1kg">
        <div style="background-image: url('../../cdn.spesati.com/images/products/000136279/witors-noir-cioccolato-fondente-con-crema-e-granella-di-cacao-1-kg-01.png')">
            <div class="hover"></div>
            
            <div class="stickers"></div>
        </div>
    </a>
    <div>
        <h4><a href="../cioc-witors-noir-cuore-1kg"><b>Cioc Witors Noir Cuore 1kg</b></a></h4>
        <p class="description">Witor's Noir Cioccolato Fondente con Crema e Granella di Cacao 1 kg</p>
        <p class="right price"><b>10.09 €</b></p>
        <p class="right unitPrice">10.09 € per kg</p>
    </div>
    <div class="contButton">
    <a class="button bgRed white addToCart" href="#">Add</a>
</div>
</div><div class="left product prod27"
        data-name="Cioc Witors Bianco Cuore 1kg"
        data-price="10.09"
        data-id="72107"
        data-available="yes"
        data-category="4748"
        data-bestselling="">
    <a href="../cioc-witors-bianco-cuore-1kg">
        <div style="background-image: url('../../cdn.spesati.com/images/products/000136278/witors-bianco-cuore-cioccolato-al-latte-con-crema-e-cereali-1-kg-01.png')">
            <div class="hover"></div>
            
            <div class="stickers"></div>
        </div>
    </a>
    <div>
        <h4><a href="../cioc-witors-bianco-cuore-1kg"><b>Cioc Witors Bianco Cuore 1kg</b></a></h4>
        <p class="description">Witor's Bianco Cuore Cioccolato al Latte con Crema e Cereali 1 kg</p>
        <p class="right price"><b>10.09 €</b></p>
        <p class="right unitPrice">10.09 € per kg</p>
    </div>
    <div class="contButton">
    <a class="button bgRed white addToCart" href="#">Add</a>
</div>
</div><div class="left product prod28"
        data-name="Pralin Sorini Caram Salat 200g"
        data-price="3.55"
        data-id="27587"
        data-available="yes"
        data-category="4748"
        data-bestselling="">
    <a href="../pralin-sorini-caram-salat-200g">
        <div style="background-image: url('../../cdn.spesati.com/images/products/000136043/sorini-salty-crunchy-caramel-200-g-01.png')">
            <div class="hover"></div>
            
            <div class="stickers"></div>
        </div>
    </a>
    <div>
        <h4><a href="../pralin-sorini-caram-salat-200g"><b>Pralin Sorini Caram Salat 200g</b></a></h4>
        <p class="description">Sorini Salty Crunchy Caramel 200 g</p>
        <p class="right price"><b>3.55 €</b></p>
        <p class="right unitPrice">17.73 € per kg</p>
    </div>
    <div class="contButton">
    <a class="button bgRed white addToCart" href="#">Add</a>
</div>
</div><div class="left product prod29"
        data-name="Cioc Feletti Giand Bianchi 150"
        data-price="3.29"
        data-id="27582"
        data-available="yes"
        data-category="4748"
        data-bestselling="">
    <a href="../cioc-feletti-giand-bianchi-150">
        <div style="background-image: url('../../cdn.spesati.com/images/products/000136028/feletti-i-classici-il-gianduiotto-bianco-150-g-01.png')">
            <div class="hover"></div>
            
            <div class="stickers"></div>
        </div>
    </a>
    <div>
        <h4><a href="../cioc-feletti-giand-bianchi-150"><b>Cioc Feletti Giand Bianchi 150</b></a></h4>
        <p class="description">feletti I Classici il Gianduiotto Bianco 150 g</p>
        <p class="right price"><b>3.29 €</b></p>
        <p class="right unitPrice">21.93 € per kg</p>
    </div>
    <div class="contButton">
    <a class="button bgRed white addToCart" href="#">Add</a>
</div>
</div><div class="left product prod30"
        data-name="Cioc Perug Nero Arancia 85g"
        data-price="2.66"
        data-id="27508"
        data-available="yes"
        data-category="4748"
        data-bestselling="">
    <a href="../cioc-perug-nero-arancia-85g">
        <div style="background-image: url('../../cdn.spesati.com/images/products/000135466/perugina-nero-fondente-extra-arancia-tavoletta-cioccolato-fondente-85g-01.png')">
            <div class="hover"></div>
            
            <div class="stickers"></div>
        </div>
    </a>
    <div>
        <h4><a href="../cioc-perug-nero-arancia-85g"><b>Cioc Perug Nero Arancia 85g</b></a></h4>
        <p class="description">PERUGINA NERO Fondente Extra Arancia Tavoletta Cioccolato Fondente 85g</p>
        <p class="right price"><b>2.66 €</b></p>
        <p class="right unitPrice">31.33 € per kg</p>
    </div>
    <div class="contButton">
    <a class="button bgRed white addToCart" href="#">Add</a>
</div>
</div><div class="left product prod31"
        data-name="Ciocc Lindt Excel Peperonc 100"
        data-price="2.26"
        data-id="27507"
        data-available="yes"
        data-category="4748"
        data-bestselling="">
    <a href="../ciocc-lindt-excel-peperonc-100">
        <div style="background-image: url('../../cdn.spesati.com/images/products/000135455/lindt-excellence-tavoletta-cioccolato-fondente-peperoncino-100-g-01.png')">
            <div class="hover"></div>
            
            <div class="stickers"></div>
        </div>
    </a>
    <div>
        <h4><a href="../ciocc-lindt-excel-peperonc-100"><b>Ciocc Lindt Excel Peperonc 100</b></a></h4>
        <p class="description">Lindt Excellence Tavoletta Cioccolato Fondente Peperoncino 100 g</p>
        <p class="right price"><b>2.26 €</b></p>
        <p class="right unitPrice">22.61 € per kg</p>
    </div>
    <div class="contButton">
    <a class="button bgRed white addToCart" href="#">Add</a>
</div>
</div><div class="left product prod32"
        data-name="Ciocc Lindt Excellen Fichi 100"
        data-price="2.26"
        data-id="27506"
        data-available="yes"
        data-category="4748"
        data-bestselling="">
    <a href="../ciocc-lindt-excellen-fichi-100">
        <div style="background-image: url('../../cdn.spesati.com/images/products/000135454/lindt-excellence-tavoletta-cioccolato-fondente-fico-100-g-01.png')">
            <div class="hover"></div>
            
            <div class="stickers"></div>
        </div>
    </a>
    <div>
        <h4><a href="../ciocc-lindt-excellen-fichi-100"><b>Ciocc Lindt Excellen Fichi 100</b></a></h4>
        <p class="description">Lindt Excellence Tavoletta Cioccolato Fondente Fico 100 g</p>
        <p class="right price"><b>2.26 €</b></p>
        <p class="right unitPrice">22.61 € per kg</p>
    </div>
    <div class="contButton">
    <a class="button bgRed white addToCart" href="#">Add</a>
</div>
</div><div class="left product prod33"
        data-name="Cioc Lindor Cuori Tubino 69gr"
        data-price="4.99"
        data-id="27501"
        data-available="yes"
        data-category="4748"
        data-bestselling="">
    <a href="../cioc-lindor-cuori-tubino-69gr">
        <div style="background-image: url('../../cdn.spesati.com/images/products/000135413/lindt-lindor-cioccolatini-cioccolato-al-latte-scatola-regalo-san-valentino-57g-01.png')">
            <div class="hover"></div>
            
            <div class="stickers"></div>
        </div>
    </a>
    <div>
        <h4><a href="../cioc-lindor-cuori-tubino-69gr"><b>Cioc Lindor Cuori Tubino 69gr</b></a></h4>
        <p class="description">Lindt Lindor Cioccolatini Cioccolato al latte Scatola regalo San Valentino 57g</p>
        <p class="right price"><b>4.99 €</b></p>
        <p class="right unitPrice">72.31 € per kg</p>
    </div>
    <div class="contButton">
    <a class="button bgRed white addToCart" href="#">Add</a>
</div>
</div><div class="left product prod34"
        data-name="Lindt Excellence Cacao 90%"
        data-price="2.89"
        data-id="1625"
        data-available="yes"
        data-category="4748"
        data-bestselling="">
    <a href="../lindt-excellence-cacao-90">
        <div style="background-image: url('../../cdn.spesati.com/images/products/000135058/lindt-excellence-tavoletta-cioccolato-fondente-90-100-g-01.png')">
            <div class="hover"></div>
            
            <div class="stickers"></div>
        </div>
    </a>
    <div>
        <h4><a href="../lindt-excellence-cacao-90"><b>Lindt Excellence Cacao 90%</b></a></h4>
        <p class="description">Lindt Excellence Tavoletta Cioccolato Fondente 90% 100 g</p>
        <p class="right price"><b>2.89 €</b></p>
        <p class="right unitPrice">28.90 € per kg</p>
    </div>
    <div class="contButton">
    <a class="button bgRed white addToCart" href="#">Add</a>
</div>
</div><div class="left product prod35"
        data-name="Ciocc Zaini Assortiti Bs Kg 1"
        data-price="19.59"
        data-id="27476"
        data-available="yes"
        data-category="4748"
        data-bestselling="">
    <a href="../ciocc-zaini-assortiti-bs-kg-1">
        <div style="background-image: url('../../cdn.spesati.com/images/products/000133082/zaini-compliments-assortiti-cioccolatini-assortiti-1000-g-01.png')">
            <div class="hover"></div>
            
            <div class="stickers"></div>
        </div>
    </a>
    <div>
        <h4><a href="../ciocc-zaini-assortiti-bs-kg-1"><b>Ciocc Zaini Assortiti Bs Kg 1</b></a></h4>
        <p class="description">Zàini Compliments assortiti Cioccolatini Assortiti 1000 g</p>
        <p class="right price"><b>19.59 €</b></p>
        <p class="right unitPrice">19.59 € per kg</p>
    </div>
    <div class="contButton">
    <a class="button bgRed white addToCart" href="#">Add</a>
</div>
</div><div class="left product prod36"
        data-name="Ciocc Zaini Cioc Fond Bs Kg1"
        data-price="20.85"
        data-id="27374"
        data-available="yes"
        data-category="4748"
        data-bestselling="">
    <a href="../ciocc-zaini-cioc-fond-bs-kg1">
        <div style="background-image: url('../../cdn.spesati.com/images/products/000132433/zaini-ciococroc-dark-croccanti-cereali-ricoperti-di-cioccolato-fondente-1000-g-01.png')">
            <div class="hover"></div>
            
            <div class="stickers"></div>
        </div>
    </a>
    <div>
        <h4><a href="../ciocc-zaini-cioc-fond-bs-kg1"><b>Ciocc Zaini Cioc Fond Bs Kg1</b></a></h4>
        <p class="description">Zàini CiocoCroc Dark Croccanti Cereali Ricoperti di Cioccolato Fondente 1000 g</p>
        <p class="right price"><b>20.85 €</b></p>
        <p class="right unitPrice">20.85 € per kg</p>
    </div>
    <div class="contButton">
    <a class="button bgRed white addToCart" href="#">Add</a>
</div>
</div><div class="left product prod37"
        data-name="Ciocc Zaini Ciococroc Bs Kg1"
        data-price="20.85"
        data-id="27373"
        data-available="yes"
        data-category="4748"
        data-bestselling="">
    <a href="../ciocc-zaini-ciococroc-bs-kg1">
        <div style="background-image: url('../../cdn.spesati.com/images/products/000132432/zaini-ciococroc-croccanti-cereali-ricoperti-di-cioccolato-al-latte-1000-g-01.png')">
            <div class="hover"></div>
            
            <div class="stickers"></div>
        </div>
    </a>
    <div>
        <h4><a href="../ciocc-zaini-ciococroc-bs-kg1"><b>Ciocc Zaini Ciococroc Bs Kg1</b></a></h4>
        <p class="description">Zàini CiocoCroc Croccanti Cereali Ricoperti di Cioccolato al Latte 1000 g</p>
        <p class="right price"><b>20.85 €</b></p>
        <p class="right unitPrice">20.85 € per kg</p>
    </div>
    <div class="contButton">
    <a class="button bgRed white addToCart" href="#">Add</a>
</div>
</div><div class="left product prod38"
        data-name="Ciocc Zaini Tav Emil Fond Kg1"
        data-price="15.36"
        data-id="27367"
        data-available="yes"
        data-category="4748"
        data-bestselling="">
    <a href="../ciocc-zaini-tav-emil-fond-kg1">
        <div style="background-image: url('../../cdn.spesati.com/images/products/000132399/zaini-emilia-cioccolato-fondente-extra-1000-g-01.png')">
            <div class="hover"></div>
            
            <div class="stickers"></div>
        </div>
    </a>
    <div>
        <h4><a href="../ciocc-zaini-tav-emil-fond-kg1"><b>Ciocc Zaini Tav Emil Fond Kg1</b></a></h4>
        <p class="description">Zàini Emilia Cioccolato Fondente Extra 1000 g</p>
        <p class="right price"><b>15.36 €</b></p>
        <p class="right unitPrice">15.36 € per kg</p>
    </div>
    <div class="contButton">
    <a class="button bgRed white addToCart" href="#">Add</a>
</div>
</div><div class="left product prod39"
        data-name="Cioc Witors Noir 250 Gr"
        data-price="3.29"
        data-id="27321"
        data-available="yes"
        data-category="4748"
        data-bestselling="">
    <a href="../cioc-witors-noir-250-gr">
        <div style="background-image: url('../../cdn.spesati.com/images/products/000131528/witors-noir-cioccolato-fondente-con-crema-e-granella-di-cacao-250-g-01.png')">
            <div class="hover"></div>
            
            <div class="stickers"></div>
        </div>
    </a>
    <div>
        <h4><a href="../cioc-witors-noir-250-gr"><b>Cioc Witors Noir 250 Gr</b></a></h4>
        <p class="description">Witor's Noir Cioccolato Fondente con Crema e Granella di Cacao 250 g</p>
        <p class="right price"><b>3.29 €</b></p>
        <p class="right unitPrice">13.16 € per kg</p>
    </div>
    <div class="contButton">
    <a class="button bgRed white addToCart" href="#">Add</a>
</div>
</div><div class="left product prod40"
        data-name="Ciocc Zaini Latte Fond Bs Kg1"
        data-price="15.67"
        data-id="27314"
        data-available="yes"
        data-category="4748"
        data-bestselling="">
    <a href="../ciocc-zaini-latte-fond-bs-kg1">
        <div style="background-image: url('../../cdn.spesati.com/images/products/000131451/zaini-latte-e-fondente-cioccolatini-assortiti-1000-g-01.png')">
            <div class="hover"></div>
            
            <div class="stickers"></div>
        </div>
    </a>
    <div>
        <h4><a href="../ciocc-zaini-latte-fond-bs-kg1"><b>Ciocc Zaini Latte Fond Bs Kg1</b></a></h4>
        <p class="description">Zàini Latte e Fondente Cioccolatini Assortiti 1000 g</p>
        <p class="right price"><b>15.67 €</b></p>
        <p class="right unitPrice">15.68 € per kg</p>
    </div>
    <div class="contButton">
    <a class="button bgRed white addToCart" href="#">Add</a>
</div>
</div><div class="left product prod41"
        data-name="Cioc Witors Select Crisp 250gr"
        data-price="3.29"
        data-id="27306"
        data-available="yes"
        data-category="4748"
        data-bestselling="">
    <a href="../cioc-witors-select-crisp-250gr">
        <div style="background-image: url('../../cdn.spesati.com/images/products/000131378/witors-crispy-praline-assortite-di-cioccolato-con-crema-e-cereali-250-g-01.png')">
            <div class="hover"></div>
            
            <div class="stickers"></div>
        </div>
    </a>
    <div>
        <h4><a href="../cioc-witors-select-crisp-250gr"><b>Cioc Witors Select Crisp 250gr</b></a></h4>
        <p class="description">Witor's Crispy Praline Assortite di Cioccolato con Crema e Cereali 250 g</p>
        <p class="right price"><b>3.29 €</b></p>
        <p class="right unitPrice">13.16 € per kg</p>
    </div>
    <div class="contButton">
    <a class="button bgRed white addToCart" href="#">Add</a>
</div>
</div><div class="left product prod42"
        data-name="Ciocc Lindor Scat Cuore 178gr"
        data-price="12.90"
        data-id="64878"
        data-available="yes"
        data-category="4748"
        data-bestselling="">
    <a href="../ciocc-lindor-scat-cuore-178gr">
        <div style="background-image: url('../../cdn.spesati.com/images/products/000131281/lindt-lindor-cioccolatini-cioccolato-al-latte-scatola-regalo-san-valentino-178-g-01.png')">
            <div class="hover"></div>
            
            <div class="stickers"></div>
        </div>
    </a>
    <div>
        <h4><a href="../ciocc-lindor-scat-cuore-178gr"><b>Ciocc Lindor Scat Cuore 178gr</b></a></h4>
        <p class="description">Lindt Lindor Cioccolatini Cioccolato al latte Scatola regalo San Valentino 178 g</p>
        <p class="right price"><b>12.90 €</b></p>
        <p class="right unitPrice">71.67 € per kg</p>
    </div>
    <div class="contButton">
    <a class="button bgRed white addToCart" href="#">Add</a>
</div>
</div><div class="left product prod43"
        data-name="Cioc Witors Golden Poker 250gr"
        data-price="3.29"
        data-id="27302"
        data-available="yes"
        data-category="4748"
        data-bestselling="">
    <a href="../cioc-witors-golden-poker-250gr">
        <div style="background-image: url('../../cdn.spesati.com/images/products/000131251/witors-golden-cioccolato-al-latte-con-crema-di-nocciole-e-cereali-250-g-01.png')">
            <div class="hover"></div>
            
            <div class="stickers"></div>
        </div>
    </a>
    <div>
        <h4><a href="../cioc-witors-golden-poker-250gr"><b>Cioc Witors Golden Poker 250gr</b></a></h4>
        <p class="description">Witor's Golden Cioccolato al Latte con Crema di Nocciole e Cereali 250 g</p>
        <p class="right price"><b>3.29 €</b></p>
        <p class="right unitPrice">13.16 € per kg</p>
    </div>
    <div class="contButton">
    <a class="button bgRed white addToCart" href="#">Add</a>
</div>
</div><div class="left product prod44"
        data-name="Ciocc Zaini Emilia Fonden 200g"
        data-price="2.59"
        data-id="27212"
        data-available="yes"
        data-category="4748"
        data-bestselling="">
    <a href="../ciocc-zaini-emilia-fonden-200g">
        <div style="background-image: url('../../cdn.spesati.com/images/products/000130288/zaini-emilia-cioccolato-fondente-extra-200-g-01.png')">
            <div class="hover"></div>
            
            <div class="stickers"></div>
        </div>
    </a>
    <div>
        <h4><a href="../ciocc-zaini-emilia-fonden-200g"><b>Ciocc Zaini Emilia Fonden 200g</b></a></h4>
        <p class="description">Zàini Emilia Cioccolato Fondente Extra 200 g</p>
        <p class="right price"><b>2.59 €</b></p>
        <p class="right unitPrice">12.96 € per kg</p>
    </div>
    <div class="contButton">
    <a class="button bgRed white addToCart" href="#">Add</a>
</div>
</div><div class="left product prod45"
        data-name="Ciocc Ristora 1'colaz 1kg"
        data-price="10.11"
        data-id="26410"
        data-available="yes"
        data-category="4748"
        data-bestselling="">
    <a href="../ciocc-ristora-1colaz-1kg">
        <div style="background-image: url('../../cdn.spesati.com/images/products/000116361/ristora-professional-preparato-per-bevande-al-gusto-di-cioccolato-1-kg-01.png')">
            <div class="hover"></div>
            
            <div class="stickers"></div>
        </div>
    </a>
    <div>
        <h4><a href="../ciocc-ristora-1colaz-1kg"><b>Ciocc Ristora 1'colaz 1kg</b></a></h4>
        <p class="description">ristora Professional preparato per bevande al gusto di Cioccolato 1 Kg</p>
        <p class="right price"><b>10.11 €</b></p>
        <p class="right unitPrice">10.11 € per kg</p>
    </div>
    <div class="contButton">
    <a class="button bgRed white addToCart" href="#">Add</a>
</div>
</div><div class="left product prod46"
        data-name="Cameo Ciobar Fondente X5 115 Gr"
        data-price="2.09"
        data-id="5575"
        data-available="yes"
        data-category="4748"
        data-bestselling="">
    <a href="../cameo-ciobar-fondente-x5-115-gr">
        <div style="background-image: url('../../cdn.spesati.com/images/products/000115426/cameo-ciobar-fondente-5-x-23-g-01.png')">
            <div class="hover"></div>
            
            <div class="stickers"></div>
        </div>
    </a>
    <div>
        <h4><a href="../cameo-ciobar-fondente-x5-115-gr"><b>Cameo Ciobar Fondente X5 115 Gr</b></a></h4>
        <p class="description">cameo Ciobar Fondente 5 x 23 g</p>
        <p class="right price"><b>2.09 €</b></p>
        <p class="right unitPrice">18.17 € per kg</p>
    </div>
    <div class="contButton">
    <a class="button bgRed white addToCart" href="#">Add</a>
</div>
</div><div class="left product prod47"
        data-name="Cameo Ciobar Gusto Classico"
        data-price="2.09"
        data-id="463"
        data-available="yes"
        data-category="4748"
        data-bestselling="3">
    <a href="../cameo-ciobar-gusto-classico">
        <div style="background-image: url('../../cdn.spesati.com/images/products/000115425/cameo-ciobar-classico-5-x-25-g-01.png')">
            <div class="hover"></div>
            <p class="arrow bgRed white">Best Seller</p>
            <div class="stickers"></div>
        </div>
    </a>
    <div>
        <h4><a href="../cameo-ciobar-gusto-classico"><b>Cameo Ciobar Gusto Classico</b></a></h4>
        <p class="description">cameo Ciobar Classico 5 x 25 g</p>
        <p class="right price"><b>2.09 €</b></p>
        <p class="right unitPrice">3.34 € per kg</p>
    </div>
    <div class="contButton">
    <a class="button bgRed white addToCart" href="#">Add</a>
</div>
</div><div class="left product prod48"
        data-name="Nesquik 500gr"
        data-price="4.75"
        data-id="476"
        data-available="yes"
        data-category="4748"
        data-bestselling="">
    <a href="../nesquik-500gr">
        <div style="background-image: url('../../cdn.spesati.com/images/products/000115395/nesquik-preparato-solubile-per-bevanda-con-cacao-magro-barattolo-500-g-01.png')">
            <div class="hover"></div>
            
            <div class="stickers"></div>
        </div>
    </a>
    <div>
        <h4><a href="../nesquik-500gr"><b>Nesquik 500gr</b></a></h4>
        <p class="description">NESQUIK Preparato Solubile per Bevanda con Cacao Magro barattolo 500 g</p>
        <p class="right price"><b>4.75 €</b></p>
        <p class="right unitPrice">9.50 € per kg</p>
    </div>
    <div class="contButton">
    <a class="button bgRed white addToCart" href="#">Add</a>
</div>
</div><div class="left product prod49"
        data-name="Nesquik senza glutine"
        data-price="2.89"
        data-id="475"
        data-available="yes"
        data-category="4748"
        data-bestselling="">
    <a href="../nesquik-senza-glutine">
        <div style="background-image: url('../../cdn.spesati.com/images/products/000115380/nesquik-preparato-solubile-per-bevanda-con-cacao-magro-barattolo-250-g-01.png')">
            <div class="hover"></div>
            
            <div class="stickers"><img class="left" src="../../cdn.spesati.com/images/layout/gluten-free.png" /></div>
        </div>
    </a>
    <div>
        <h4><a href="../nesquik-senza-glutine"><b>Nesquik senza glutine</b></a></h4>
        <p class="description">NESQUIK Preparato Solubile per Bevanda con Cacao Magro barattolo 250 g</p>
        <p class="right price"><b>2.89 €</b></p>
        <p class="right unitPrice">11.56 € per kg</p>
    </div>
    <div class="contButton">
    <a class="button bgRed white addToCart" href="#">Add</a>
</div>
</div><div class="left product prod50"
        data-name="Caps Nesc Dolc G Nesquik 16p"
        data-price="7.29"
        data-id="65136"
        data-available="yes"
        data-category="4748"
        data-bestselling="">
    <a href="../caps-nesc-dolc-g-nesquik-16p">
        <div style="background-image: url('../../cdn.spesati.com/images/products/000114449/nescafe-dolce-gusto-nesquik-bevanda-al-gusto-di-cioccolato-16-capsule-256-g-01.png')">
            <div class="hover"></div>
            
            <div class="stickers"></div>
        </div>
    </a>
    <div>
        <h4><a href="../caps-nesc-dolc-g-nesquik-16p"><b>Caps Nesc Dolc G Nesquik 16p</b></a></h4>
        <p class="description">NESCAFÉ DOLCE GUSTO Nesquik Bevanda al gusto di cioccolato 16 capsule 256 g</p>
        <p class="right price"><b>7.29 €</b></p>
        <p class="right unitPrice">28.04 € per kg</p>
    </div>
    <div class="contButton">
    <a class="button bgRed white addToCart" href="#">Add</a>
</div>
</div><div class="left product prod51"
        data-name="Ritter Sport Cioccolato Fondente"
        data-price="1.65"
        data-id="1642"
        data-available="yes"
        data-category="4748"
        data-bestselling="">
    <a href="../ritter-sport-cioccolato-fondente">
        <div style="background-image: url('../../cdn.spesati.com/images/products/000112564/ritter-sport-fondente-100-g-01.png')">
            <div class="hover"></div>
            
            <div class="stickers"></div>
        </div>
    </a>
    <div>
        <h4><a href="../ritter-sport-cioccolato-fondente"><b>Ritter Sport Cioccolato Fondente</b></a></h4>
        <p class="description">Ritter Sport Fondente 100 g</p>
        <p class="right price"><b>1.65 €</b></p>
        <p class="right unitPrice">16.50 € per kg</p>
    </div>
    <div class="contButton">
    <a class="button bgRed white addToCart" href="#">Add</a>
</div>
</div><div class="left product prod52"
        data-name="Ritter Sport Cioccolato Biscotto Gr.100"
        data-price="1.65"
        data-id="5573"
        data-available="yes"
        data-category="4748"
        data-bestselling="">
    <a href="../ritter-sport-cioccolato-biscotto-gr100.html">
        <div style="background-image: url('../../cdn.spesati.com/images/products/000112563/ritter-sport-biscotto-100-g-01.png')">
            <div class="hover"></div>
            
            <div class="stickers"></div>
        </div>
    </a>
    <div>
        <h4><a href="../ritter-sport-cioccolato-biscotto-gr100.html"><b>Ritter Sport Cioccolato Biscotto Gr.100</b></a></h4>
        <p class="description">Ritter Sport Biscotto 100 g</p>
        <p class="right price"><b>1.65 €</b></p>
        <p class="right unitPrice">16.50 € per kg</p>
    </div>
    <div class="contButton">
    <a class="button bgRed white addToCart" href="#">Add</a>
</div>
</div><div class="left product prod53"
        data-name="Cioccolato Ritter Nocciole Intere Bianco 100Gr"
        data-price="1.99"
        data-id="6473"
        data-available="yes"
        data-category="4748"
        data-bestselling="">
    <a href="../cioccolato-ritter-nocciole-intere-bianco-100gr.html">
        <div style="background-image: url('../../cdn.spesati.com/images/products/000112560/ritter-sport-special-nuts-bianco-con-nocciole-intere-100-g-01.png')">
            <div class="hover"></div>
            
            <div class="stickers"></div>
        </div>
    </a>
    <div>
        <h4><a href="../cioccolato-ritter-nocciole-intere-bianco-100gr.html"><b>Cioccolato Ritter Nocciole Intere Bianco 100Gr</b></a></h4>
        <p class="description">Ritter Sport Special Nuts Bianco con Nocciole Intere 100 g</p>
        <p class="right price"><b>1.99 €</b></p>
        <p class="right unitPrice">19.90 € per kg</p>
    </div>
    <div class="contButton">
    <a class="button bgRed white addToCart" href="#">Add</a>
</div>
</div><div class="left product prod54"
        data-name="Cioccolato milka tuc 87gr"
        data-price="1.59"
        data-id="5108"
        data-available="yes"
        data-category="4748"
        data-bestselling="">
    <a href="../cioccolato-milka-tuc-87gr.html">
        <div style="background-image: url('../../cdn.spesati.com/images/products/000111514/milka-tuc-sandwich-tavoletta-di-cioccolato-al-latte-100-alpino-con-tuc-cracker-87g-01.png')">
            <div class="hover"></div>
            
            <div class="stickers"></div>
        </div>
    </a>
    <div>
        <h4><a href="../cioccolato-milka-tuc-87gr.html"><b>Cioccolato milka tuc 87gr</b></a></h4>
        <p class="description">Milka Tuc Sandwich, tavoletta di cioccolato al latte 100% Alpino con Tuc Cracker - 87g</p>
        <p class="right price"><b>1.59 €</b></p>
        <p class="right unitPrice">18.27 € per kg</p>
    </div>
    <div class="contButton">
    <a class="button bgRed white addToCart" href="#">Add</a>
</div>
</div><div class="left product prod55"
        data-name="Milka Tavola Cioccolato Oro Ciok"
        data-price="1.65"
        data-id="1636"
        data-available="yes"
        data-category="4748"
        data-bestselling="">
    <a href="../milka-tavola-cioccolato-oro-ciok.html">
        <div style="background-image: url('../../cdn.spesati.com/images/products/000111512/milka-oro-sandwich-tavoletta-di-cioccolato-al-latte-100-alpino-con-biscotto-oro-saiwa-87g-01.png')">
            <div class="hover"></div>
            
            <div class="stickers"></div>
        </div>
    </a>
    <div>
        <h4><a href="../milka-tavola-cioccolato-oro-ciok.html"><b>Milka Tavola Cioccolato Oro Ciok</b></a></h4>
        <p class="description">Milka Oro Sandwich, tavoletta di cioccolato al latte 100% Alpino con biscotto Oro Saiwa - 87g</p>
        <p class="right price"><b>1.65 €</b></p>
        <p class="right unitPrice">18.96 € per kg</p>
    </div>
    <div class="contButton">
    <a class="button bgRed white addToCart" href="#">Add</a>
</div>
</div><div class="left product prod56"
        data-name="Milka Tavola Cioccolato Riso Cer"
        data-price="1.65"
        data-id="1637"
        data-available="yes"
        data-category="4748"
        data-bestselling="">
    <a href="../milka-tavola-cioccolato-riso-cer.html">
        <div style="background-image: url('../../cdn.spesati.com/images/products/000110906/milka-tavoletta-di-cioccolato-al-latte-100-alpino-con-riso-soffiato-100g-01.png')">
            <div class="hover"></div>
            
            <div class="stickers"></div>
        </div>
    </a>
    <div>
        <h4><a href="../milka-tavola-cioccolato-riso-cer.html"><b>Milka Tavola Cioccolato Riso Cer</b></a></h4>
        <p class="description">Milka tavoletta di cioccolato al latte 100% alpino con riso soffiato -  100g</p>
        <p class="right price"><b>1.65 €</b></p>
        <p class="right unitPrice">16.50 € per kg</p>
    </div>
    <div class="contButton">
    <a class="button bgRed white addToCart" href="#">Add</a>
</div>
</div><div class="left product prod57"
        data-name="Cioccolato milka nocciole 100gr"
        data-price="1.65"
        data-id="5070"
        data-available="yes"
        data-category="4748"
        data-bestselling="">
    <a href="../cioccolato-milka-nocciole-100gr.html">
        <div style="background-image: url('../../cdn.spesati.com/images/products/000110904/milka-tavoletta-di-cioccolato-al-latte-100-alpino-e-nocciole-spezzate-100g-01.png')">
            <div class="hover"></div>
            
            <div class="stickers"></div>
        </div>
    </a>
    <div>
        <h4><a href="../cioccolato-milka-nocciole-100gr.html"><b>Cioccolato milka nocciole 100gr</b></a></h4>
        <p class="description">Milka tavoletta di cioccolato al latte 100% Alpino e nocciole spezzate - 100g</p>
        <p class="right price"><b>1.65 €</b></p>
        <p class="right unitPrice">16.50 € per kg</p>
    </div>
    <div class="contButton">
    <a class="button bgRed white addToCart" href="#">Add</a>
</div>
</div><div class="left product prod58"
        data-name="Milka Tavola Cioccolato Latte"
        data-price="1.65"
        data-id="1635"
        data-available="yes"
        data-category="4748"
        data-bestselling="">
    <a href="../milka-tavola-cioccolato-latte.html">
        <div style="background-image: url('../../cdn.spesati.com/images/products/000110902/milka-tavoletta-di-cioccolato-al-latte-100-alpino-100g-01.png')">
            <div class="hover"></div>
            
            <div class="stickers"></div>
        </div>
    </a>
    <div>
        <h4><a href="../milka-tavola-cioccolato-latte.html"><b>Milka Tavola Cioccolato Latte</b></a></h4>
        <p class="description">Milka tavoletta di cioccolato al latte 100% Alpino - 100g</p>
        <p class="right price"><b>1.65 €</b></p>
        <p class="right unitPrice">16.50 € per kg</p>
    </div>
    <div class="contButton">
    <a class="button bgRed white addToCart" href="#">Add</a>
</div>
</div><div class="left product prod59"
        data-name="Cioccolato Bianco Elah 100Gr"
        data-price="1.89"
        data-id="5830"
        data-available="yes"
        data-category="4748"
        data-bestselling="">
    <a href="../cioccolato-bianco-elah-100gr.html">
        <div style="background-image: url('../../cdn.spesati.com/images/products/000110644/nestle-galak-tavoletta-di-cioccolato-bianco-100-g-01.png')">
            <div class="hover"></div>
            
            <div class="stickers"></div>
        </div>
    </a>
    <div>
        <h4><a href="../cioccolato-bianco-elah-100gr.html"><b>Cioccolato Bianco Elah 100Gr</b></a></h4>
        <p class="description">NESTLÉ Galak Tavoletta di Cioccolato Bianco 100 g</p>
        <p class="right price"><b>1.89 €</b></p>
        <p class="right unitPrice">18.90 € per kg</p>
    </div>
    <div class="contButton">
    <a class="button bgRed white addToCart" href="#">Add</a>
</div>
</div><div class="left product prod60"
        data-name="Ciocc Novi Fond Extra 100g"
        data-price="1.39"
        data-id="25569"
        data-available="yes"
        data-category="4748"
        data-bestselling="">
    <a href="../ciocc-novi-fond-extra-100g.html">
        <div style="background-image: url('../../cdn.spesati.com/images/products/000110604/novi-fondente-52-cacao-cioccolato-fondente-extra-100-g-01.png')">
            <div class="hover"></div>
            
            <div class="stickers"></div>
        </div>
    </a>
    <div>
        <h4><a href="../ciocc-novi-fond-extra-100g.html"><b>Ciocc Novi Fond Extra 100g</b></a></h4>
        <p class="description">Novi Fondente 52% Cacao Cioccolato Fondente Extra 100 g</p>
        <p class="right price"><b>1.39 €</b></p>
        <p class="right unitPrice">13.90 € per kg</p>
    </div>
    <div class="contButton">
    <a class="button bgRed white addToCart" href="#">Add</a>
</div>
</div><div class="left product prod61"
        data-name="Ciocc Novi Nocc Bianco 130g"
        data-price="2.95"
        data-id="25565"
        data-available="yes"
        data-category="4748"
        data-bestselling="">
    <a href="../ciocc-novi-nocc-bianco-130g.html">
        <div style="background-image: url('../../cdn.spesati.com/images/products/000110599/novi-nocciolato-bianco-130-g-01.png')">
            <div class="hover"></div>
            
            <div class="stickers"></div>
        </div>
    </a>
    <div>
        <h4><a href="../ciocc-novi-nocc-bianco-130g.html"><b>Ciocc Novi Nocc Bianco 130g</b></a></h4>
        <p class="description">Novi Nocciolato Bianco 130 g</p>
        <p class="right price"><b>2.95 €</b></p>
        <p class="right unitPrice">22.69 € per kg</p>
    </div>
    <div class="contButton">
    <a class="button bgRed white addToCart" href="#">Add</a>
</div>
</div><div class="left product prod62"
        data-name="Milka Tavoletta Oreo"
        data-price="1.65"
        data-id="1638"
        data-available="yes"
        data-category="4748"
        data-bestselling="">
    <a href="../milka-tavoletta-oreo.html">
        <div style="background-image: url('../../cdn.spesati.com/images/products/000110268/milka-oreo-tavoletta-di-cioccolato-al-latte-100-alpino-ripieno-di-crema-oreo-100g-01.png')">
            <div class="hover"></div>
            
            <div class="stickers"></div>
        </div>
    </a>
    <div>
        <h4><a href="../milka-tavoletta-oreo.html"><b>Milka Tavoletta Oreo</b></a></h4>
        <p class="description">Milka Oreo, tavoletta di cioccolato al latte 100% alpino ripieno di crema Oreo - 100g</p>
        <p class="right price"><b>1.65 €</b></p>
        <p class="right unitPrice">16.50 € per kg</p>
    </div>
    <div class="contButton">
    <a class="button bgRed white addToCart" href="#">Add</a>
</div>
</div><div class="left product prod63"
        data-name="Gocce Di Cioccolato 125 Gr"
        data-price="2.89"
        data-id="4800"
        data-available="yes"
        data-category="4748"
        data-bestselling="">
    <a href="../gocce-di-cioccolato-125-gr.html">
        <div style="background-image: url('../../cdn.spesati.com/images/products/000108811/paneangeli-decora-con-gocce-di-cioccolato-125-g-01.png')">
            <div class="hover"></div>
            
            <div class="stickers"></div>
        </div>
    </a>
    <div>
        <h4><a href="../gocce-di-cioccolato-125-gr.html"><b>Gocce Di Cioccolato 125 Gr</b></a></h4>
        <p class="description">PANEANGELI decora con Gocce di cioccolato 125 g</p>
        <p class="right price"><b>2.89 €</b></p>
        <p class="right unitPrice">23.12 € per kg</p>
    </div>
    <div class="contButton">
    <a class="button bgRed white addToCart" href="#">Add</a>
</div>
</div><div class="left product prod64"
        data-name="Grancioccolato Trasimeno Fonde"
        data-price="16.81"
        data-id="25351"
        data-available="yes"
        data-category="4748"
        data-bestselling="">
    <a href="../grancioccolato-trasimeno-fonde.html">
        <div style="background-image: url('../../cdn.spesati.com/images/products/000108704/perugina-prof-fond-trasimeno-pani-1-kg-01.png')">
            <div class="hover"></div>
            
            <div class="stickers"></div>
        </div>
    </a>
    <div>
        <h4><a href="../grancioccolato-trasimeno-fonde.html"><b>Grancioccolato Trasimeno Fonde</b></a></h4>
        <p class="description">PERUGINA PROF. Fond. Trasimeno Pani 1 kg</p>
        <p class="right price"><b>16.81 €</b></p>
        <p class="right unitPrice">16.81 € per kg</p>
    </div>
    <div class="contButton">
    <a class="button bgRed white addToCart" href="#">Add</a>
</div>
</div><div class="left product prod65"
        data-name="Cioc Ferrero Raffaello T3"
        data-price="1.25"
        data-id="25147"
        data-available="yes"
        data-category="4748"
        data-bestselling="">
    <a href="../cioc-ferrero-raffaello-t3.html">
        <div style="background-image: url('../../cdn.spesati.com/images/products/000108046/raffaello-30-g-01.png')">
            <div class="hover"></div>
            
            <div class="stickers"></div>
        </div>
    </a>
    <div>
        <h4><a href="../cioc-ferrero-raffaello-t3.html"><b>Cioc Ferrero Raffaello T3</b></a></h4>
        <p class="description">Raffaello 30 g</p>
        <p class="right price"><b>1.25 €</b></p>
        <p class="right unitPrice">2.61 € per kg</p>
    </div>
    <div class="contButton">
    <a class="button bgRed white addToCart" href="#">Add</a>
</div>
</div><div class="left product prod66"
        data-name="Cioccolato Fondente Luisa 1kg"
        data-price="24.19"
        data-id="26000"
        data-available="yes"
        data-category="4748"
        data-bestselling="">
    <a href="../cioccolato-fondente-luisa-1kg.html">
        <div style="background-image: url('../../cdn.spesati.com/images/products/missing-image/missing-image.jpg')">
            <div class="hover"></div>
            
            <div class="stickers"></div>
        </div>
    </a>
    <div>
        <h4><a href="../cioccolato-fondente-luisa-1kg.html"><b>Cioccolato Fondente Luisa 1kg</b></a></h4>
        <p class="description">1 Kg</p>
        <p class="right price"><b>24.19 €</b></p>
        <p class="right unitPrice">24.19 € per kg</p>
    </div>
    <div class="contButton">
    <a class="button bgRed white addToCart" href="#">Add</a>
</div>
</div><div class="left product prod67"
        data-name="Cioccolatini Pasticc Rdg 140g"
        data-price="9.99"
        data-id="81105"
        data-available="yes"
        data-category="4748"
        data-bestselling="">
    <a href="../cioccolatini-pasticc-rdg-140g.html">
        <div style="background-image: url('../../cdn.spesati.com/images/products/missing-image/missing-image.jpg')">
            <div class="hover"></div>
            
            <div class="stickers"></div>
        </div>
    </a>
    <div>
        <h4><a href="../cioccolatini-pasticc-rdg-140g.html"><b>Cioccolatini Pasticc Rdg 140g</b></a></h4>
        <p class="description">0.14 Kg</p>
        <p class="right price"><b>9.99 €</b></p>
        <p class="right unitPrice">71.36 € per kg</p>
    </div>
    <div class="contButton">
    <a class="button bgRed white addToCart" href="#">Add</a>
</div>
</div><div class="left product prod68"
        data-name="Cioccolato Ruby Callebaut 2.5k"
        data-price="69.29"
        data-id="26936"
        data-available="yes"
        data-category="4748"
        data-bestselling="">
    <a href="../cioccolato-ruby-callebaut-25k.html">
        <div style="background-image: url('../../cdn.spesati.com/images/products/missing-image/missing-image.jpg')">
            <div class="hover"></div>
            
            <div class="stickers"></div>
        </div>
    </a>
    <div>
        <h4><a href="../cioccolato-ruby-callebaut-25k.html"><b>Cioccolato Ruby Callebaut 2.5k</b></a></h4>
        <p class="description">2.5 Kg</p>
        <p class="right price"><b>69.29 €</b></p>
        <p class="right unitPrice">27.72 € per kg</p>
    </div>
    <div class="contButton">
    <a class="button bgRed white addToCart" href="#">Add</a>
</div>
</div><div class="left product prod69"
        data-name="Ciocolecca Dolcerie Venez 60gr"
        data-price="2.79"
        data-id="83252"
        data-available="yes"
        data-category="4748"
        data-bestselling="">
    <a href="../ciocolecca-dolcerie-venez-60gr.html">
        <div style="background-image: url('../../cdn.spesati.com/images/products/missing-image/missing-image.jpg')">
            <div class="hover"></div>
            
            <div class="stickers"></div>
        </div>
    </a>
    <div>
        <h4><a href="../ciocolecca-dolcerie-venez-60gr.html"><b>Ciocolecca Dolcerie Venez 60gr</b></a></h4>
        <p class="description">0.06 Kg</p>
        <p class="right price"><b>2.79 €</b></p>
        <p class="right unitPrice">46.50 € per kg</p>
    </div>
    <div class="contButton">
    <a class="button bgRed white addToCart" href="#">Add</a>
</div>
</div><div class="left product prod70"
        data-name="Gallina Coccode'dolc Venez 150"
        data-price="5.99"
        data-id="83279"
        data-available="yes"
        data-category="4748"
        data-bestselling="">
    <a href="../gallina-coccodedolc-venez-150.html">
        <div style="background-image: url('../../cdn.spesati.com/images/products/missing-image/missing-image.jpg')">
            <div class="hover"></div>
            
            <div class="stickers"></div>
        </div>
    </a>
    <div>
        <h4><a href="../gallina-coccodedolc-venez-150.html"><b>Gallina Coccode'dolc Venez 150</b></a></h4>
        <p class="description">0.15 Kg</p>
        <p class="right price"><b>5.99 €</b></p>
        <p class="right unitPrice">39.93 € per kg</p>
    </div>
    <div class="contButton">
    <a class="button bgRed white addToCart" href="#">Add</a>
</div>
</div><div class="left product prod71"
        data-name="Cioc Witors Boero Ciliegia 100"
        data-price="1.54"
        data-id="87665"
        data-available="yes"
        data-category="4748"
        data-bestselling="">
    <a href="../cioc-witors-boero-ciliegia-100.html">
        <div style="background-image: url('../../cdn.spesati.com/images/products/missing-image/missing-image.jpg')">
            <div class="hover"></div>
            
            <div class="stickers"></div>
        </div>
    </a>
    <div>
        <h4><a href="../cioc-witors-boero-ciliegia-100.html"><b>Cioc Witors Boero Ciliegia 100</b></a></h4>
        <p class="description">0.1 Kg</p>
        <p class="right price"><b>1.54 €</b></p>
        <p class="right unitPrice">15.38 € per kg</p>
    </div>
    <div class="contButton">
    <a class="button bgRed white addToCart" href="#">Add</a>
</div>
</div><div class="left product prod72"
        data-name="Cioc Perugina Grifo Ass 750gr"
        data-price="24.29"
        data-id="27517"
        data-available="yes"
        data-category="4748"
        data-bestselling="">
    <a href="../cioc-perugina-grifo-ass-750gr.html">
        <div style="background-image: url('../../cdn.spesati.com/images/products/missing-image/missing-image.jpg')">
            <div class="hover"></div>
            
            <div class="stickers"></div>
        </div>
    </a>
    <div>
        <h4><a href="../cioc-perugina-grifo-ass-750gr.html"><b>Cioc Perugina Grifo Ass 750gr</b></a></h4>
        <p class="description">0.75 Kg</p>
        <p class="right price"><b>24.29 €</b></p>
        <p class="right unitPrice">32.40 € per kg</p>
    </div>
    <div class="contButton">
    <a class="button bgRed white addToCart" href="#">Add</a>
</div>
</div><div class="left product prod73"
        data-name="Praline Peano Sosp Mirto 200gr"
        data-price="6.39"
        data-id="27518"
        data-available="yes"
        data-category="4748"
        data-bestselling="">
    <a href="../praline-peano-sosp-mirto-200gr.html">
        <div style="background-image: url('../../cdn.spesati.com/images/products/missing-image/missing-image.jpg')">
            <div class="hover"></div>
            
            <div class="stickers"></div>
        </div>
    </a>
    <div>
        <h4><a href="../praline-peano-sosp-mirto-200gr.html"><b>Praline Peano Sosp Mirto 200gr</b></a></h4>
        <p class="description">0.2 Kg</p>
        <p class="right price"><b>6.39 €</b></p>
        <p class="right unitPrice">31.93 € per kg</p>
    </div>
    <div class="contButton">
    <a class="button bgRed white addToCart" href="#">Add</a>
</div>
</div><div class="left product prod74"
        data-name="Pralin Sorini Caram Class 200g"
        data-price="3.29"
        data-id="27588"
        data-available="yes"
        data-category="4748"
        data-bestselling="">
    <a href="../pralin-sorini-caram-class-200g.html">
        <div style="background-image: url('../../cdn.spesati.com/images/products/missing-image/missing-image.jpg')">
            <div class="hover"></div>
            
            <div class="stickers"></div>
        </div>
    </a>
    <div>
        <h4><a href="../pralin-sorini-caram-class-200g.html"><b>Pralin Sorini Caram Class 200g</b></a></h4>
        <p class="description">0.2 Kg</p>
        <p class="right price"><b>3.29 €</b></p>
        <p class="right unitPrice">16.46 € per kg</p>
    </div>
    <div class="contButton">
    <a class="button bgRed white addToCart" href="#">Add</a>
</div>
</div><div class="left product prod75"
        data-name="Praline Pean Disiz Ar-cioc 200"
        data-price="8.06"
        data-id="27604"
        data-available="yes"
        data-category="4748"
        data-bestselling="">
    <a href="../praline-pean-disiz-ar-cioc-200.html">
        <div style="background-image: url('../../cdn.spesati.com/images/products/missing-image/missing-image.jpg')">
            <div class="hover"></div>
            
            <div class="stickers"></div>
        </div>
    </a>
    <div>
        <h4><a href="../praline-pean-disiz-ar-cioc-200.html"><b>Praline Pean Disiz Ar-cioc 200</b></a></h4>
        <p class="description">0.2 Kg</p>
        <p class="right price"><b>8.06 €</b></p>
        <p class="right unitPrice">40.30 € per kg</p>
    </div>
    <div class="contButton">
    <a class="button bgRed white addToCart" href="#">Add</a>
</div>
</div><div class="left product prod76"
        data-name="Cioc Callebaut Cofee Cups 72pz"
        data-price="29.33"
        data-id="27748"
        data-available="yes"
        data-category="4748"
        data-bestselling="">
    <a href="../cioc-callebaut-cofee-cups-72pz.html">
        <div style="background-image: url('../../cdn.spesati.com/images/products/missing-image/missing-image.jpg')">
            <div class="hover"></div>
            
            <div class="stickers"></div>
        </div>
    </a>
    <div>
        <h4><a href="../cioc-callebaut-cofee-cups-72pz.html"><b>Cioc Callebaut Cofee Cups 72pz</b></a></h4>
        <p class="description">0.5 Kg</p>
        <p class="right price"><b>29.33 €</b></p>
        <p class="right unitPrice">58.20 € per kg</p>
    </div>
    <div class="contButton">
    <a class="button bgRed white addToCart" href="#">Add</a>
</div>
</div><div class="left product prod77"
        data-name="Praline Sorini Brownies 200gr"
        data-price="3.29"
        data-id="62961"
        data-available="yes"
        data-category="4748"
        data-bestselling="">
    <a href="../praline-sorini-brownies-200gr.html">
        <div style="background-image: url('../../cdn.spesati.com/images/products/missing-image/missing-image.jpg')">
            <div class="hover"></div>
            
            <div class="stickers"></div>
        </div>
    </a>
    <div>
        <h4><a href="../praline-sorini-brownies-200gr.html"><b>Praline Sorini Brownies 200gr</b></a></h4>
        <p class="description">0.2 Kg</p>
        <p class="right price"><b>3.29 €</b></p>
        <p class="right unitPrice">16.46 € per kg</p>
    </div>
    <div class="contButton">
    <a class="button bgRed white addToCart" href="#">Add</a>
</div>
</div><div class="left product prod78"
        data-name="Cioc Dolc Venez G Pensiero 100"
        data-price="10.05"
        data-id="63693"
        data-available="yes"
        data-category="4748"
        data-bestselling="">
    <a href="../cioc-dolc-venez-g-pensiero-100.html">
        <div style="background-image: url('../../cdn.spesati.com/images/products/missing-image/missing-image.jpg')">
            <div class="hover"></div>
            
            <div class="stickers"></div>
        </div>
    </a>
    <div>
        <h4><a href="../cioc-dolc-venez-g-pensiero-100.html"><b>Cioc Dolc Venez G Pensiero 100</b></a></h4>
        <p class="description">0.1 Kg</p>
        <p class="right price"><b>10.05 €</b></p>
        <p class="right unitPrice">100.45 € per kg</p>
    </div>
    <div class="contButton">
    <a class="button bgRed white addToCart" href="#">Add</a>
</div>
</div><div class="left product prod79"
        data-name="Cioc Modica Idp Ag Sicilia 80g"
        data-price="2.19"
        data-id="69069"
        data-available="yes"
        data-category="4748"
        data-bestselling="">
    <a href="../cioc-modica-idp-ag-sicilia-80g.html">
        <div style="background-image: url('../../cdn.spesati.com/images/products/missing-image/missing-image.jpg')">
            <div class="hover"></div>
            
            <div class="stickers"></div>
        </div>
    </a>
    <div>
        <h4><a href="../cioc-modica-idp-ag-sicilia-80g.html"><b>Cioc Modica Idp Ag Sicilia 80g</b></a></h4>
        <p class="description">0.08 Kg</p>
        <p class="right price"><b>2.19 €</b></p>
        <p class="right unitPrice">27.38 € per kg</p>
    </div>
    <div class="contButton">
    <a class="button bgRed white addToCart" href="#">Add</a>
</div>
</div><div class="left product prod80"
        data-name="Cioc Modica Idp Sale Marin 80g"
        data-price="2.19"
        data-id="69075"
        data-available="yes"
        data-category="4748"
        data-bestselling="">
    <a href="../cioc-modica-idp-sale-marin-80g.html">
        <div style="background-image: url('../../cdn.spesati.com/images/products/missing-image/missing-image.jpg')">
            <div class="hover"></div>
            
            <div class="stickers"></div>
        </div>
    </a>
    <div>
        <h4><a href="../cioc-modica-idp-sale-marin-80g.html"><b>Cioc Modica Idp Sale Marin 80g</b></a></h4>
        <p class="description">0.08 Kg</p>
        <p class="right price"><b>2.19 €</b></p>
        <p class="right unitPrice">27.38 € per kg</p>
    </div>
    <div class="contButton">
    <a class="button bgRed white addToCart" href="#">Add</a>
</div>
</div><div class="left product prod81"
        data-name="Cioc Modica Idp Cacao Nat 80gr"
        data-price="2.19"
        data-id="69078"
        data-available="yes"
        data-category="4748"
        data-bestselling="">
    <a href="../cioc-modica-idp-cacao-nat-80gr.html">
        <div style="background-image: url('../../cdn.spesati.com/images/products/missing-image/missing-image.jpg')">
            <div class="hover"></div>
            
            <div class="stickers"></div>
        </div>
    </a>
    <div>
        <h4><a href="../cioc-modica-idp-cacao-nat-80gr.html"><b>Cioc Modica Idp Cacao Nat 80gr</b></a></h4>
        <p class="description">0.08 Kg</p>
        <p class="right price"><b>2.19 €</b></p>
        <p class="right unitPrice">27.38 € per kg</p>
    </div>
    <div class="contButton">
    <a class="button bgRed white addToCart" href="#">Add</a>
</div>
</div><div class="left product prod82"
        data-name="Caram Mangini Noccioletto 1 Kg"
        data-price="26.19"
        data-id="25533"
        data-available="yes"
        data-category="4748"
        data-bestselling="">
    <a href="../caram-mangini-noccioletto-1-kg.html">
        <div style="background-image: url('../../cdn.spesati.com/images/products/missing-image/missing-image.jpg')">
            <div class="hover"></div>
            
            <div class="stickers"></div>
        </div>
    </a>
    <div>
        <h4><a href="../caram-mangini-noccioletto-1-kg.html"><b>Caram Mangini Noccioletto 1 Kg</b></a></h4>
        <p class="description">1 Kg</p>
        <p class="right price"><b>26.19 €</b></p>
        <p class="right unitPrice">26.19 € per kg</p>
    </div>
    <div class="contButton">
    <a class="button bgRed white addToCart" href="#">Add</a>
</div>
</div><div class="left product prod83"
        data-name="Cioc Ferrero K Figure Cave 36g"
        data-price="1.99"
        data-id="34365"
        data-available="no"
        data-category="4748"
        data-bestselling="">
    <a href="../cioc-ferrero-k-figure-cave-36g.html">
        <div style="background-image: url('../../cdn.spesati.com/images/products/000510593/kinder-sorpresa-figura-cava-pecorella-36-g-01.png')">
            <div class="hover"></div>
            
            <div class="stickers"></div>
        </div>
    </a>
    <div>
        <h4><a href="../cioc-ferrero-k-figure-cave-36g.html"><b>Cioc Ferrero K Figure Cave 36g</b></a></h4>
        <p class="description">Kinder Sorpresa Figura cava Pecorella 36 g</p>
        <p class="right price"><b>1.99 €</b></p>
        <p class="right unitPrice">55.28 € per kg</p>
    </div>
    <div class="notAvailable">
    <a class="button bgDarkGrey white" href="../cioc-ferrero-k-figure-cave-36g.html">Not available</a>
</div>
</div><div class="left product prod84"
        data-name="Ferrero Kinder Love Cuore 37 Gr"
        data-price="1.19"
        data-id="5722"
        data-available="no"
        data-category="4748"
        data-bestselling="">
    <a href="../ferrero-kinder-love-cuore-37-gr.html">
        <div style="background-image: url('../../cdn.spesati.com/images/products/000510281/kinder-love-37-g-01.png')">
            <div class="hover"></div>
            
            <div class="stickers"></div>
        </div>
    </a>
    <div>
        <h4><a href="../ferrero-kinder-love-cuore-37-gr.html"><b>Ferrero Kinder Love Cuore 37 Gr</b></a></h4>
        <p class="description">Kinder & Love 37 g</p>
        <p class="right price"><b>1.19 €</b></p>
        <p class="right unitPrice">32.16 € per kg</p>
    </div>
    <div class="notAvailable">
    <a class="button bgDarkGrey white" href="../ferrero-kinder-love-cuore-37-gr.html">Not available</a>
</div>
</div><div class="left product prod85"
        data-name="Cioc Ferrer K Coniglio Lei 75g"
        data-price="3.49"
        data-id="34341"
        data-available="no"
        data-category="4748"
        data-bestselling="">
    <a href="../cioc-ferrer-k-coniglio-lei-75g.html">
        <div style="background-image: url('../../cdn.spesati.com/images/products/000510245/kinder-sorpresa-figura-cava-coniglio-lei-75-g-01.png')">
            <div class="hover"></div>
            
            <div class="stickers"></div>
        </div>
    </a>
    <div>
        <h4><a href="../cioc-ferrer-k-coniglio-lei-75g.html"><b>Cioc Ferrer K Coniglio Lei 75g</b></a></h4>
        <p class="description">Kinder Sorpresa Figura cava Coniglio Lei 75 g</p>
        <p class="right price"><b>3.49 €</b></p>
        <p class="right unitPrice">46.54 € per kg</p>
    </div>
    <div class="notAvailable">
    <a class="button bgDarkGrey white" href="../cioc-ferrer-k-coniglio-lei-75g.html">Not available</a>
</div>
</div><div class="left product prod86"
        data-name="Ferrero Pocket Coffee Decaffeinato 64Gr"
        data-price="2.00"
        data-id="5740"
        data-available="no"
        data-category="4748"
        data-bestselling="">
    <a href="../ferrero-pocket-coffee-decaffeinato-64gr.html">
        <div style="background-image: url('../../cdn.spesati.com/images/products/000510116/5-pocket-coffee-espresso-decaffeinato-625-g-01.png')">
            <div class="hover"></div>
            
            <div class="stickers"></div>
        </div>
    </a>
    <div>
        <h4><a href="../ferrero-pocket-coffee-decaffeinato-64gr.html"><b>Ferrero Pocket Coffee Decaffeinato 64Gr</b></a></h4>
        <p class="description">5 Pocket Coffee espresso Decaffeinato 62,5 g</p>
        <p class="right price"><b>2.00 €</b></p>
        <p class="right unitPrice">31.25 € per kg</p>
    </div>
    <div class="notAvailable">
    <a class="button bgDarkGrey white" href="../ferrero-pocket-coffee-decaffeinato-64gr.html">Not available</a>
</div>
</div><div class="left product prod87"
        data-name="Ferrero Mon Cheri Astuccio"
        data-price="2.00"
        data-id="1598"
        data-available="no"
        data-category="4748"
        data-bestselling="">
    <a href="../ferrero-mon-cheri-astuccio.html">
        <div style="background-image: url('../../cdn.spesati.com/images/products/000510012/5-mon-cheri-525-g-01.png')">
            <div class="hover"></div>
            
            <div class="stickers"></div>
        </div>
    </a>
    <div>
        <h4><a href="../ferrero-mon-cheri-astuccio.html"><b>Ferrero Mon Cheri Astuccio</b></a></h4>
        <p class="description">5 Mon Chéri 52,5 g</p>
        <p class="right price"><b>2.00 €</b></p>
        <p class="right unitPrice">0.40 € per piece</p>
    </div>
    <div class="notAvailable">
    <a class="button bgDarkGrey white" href="../ferrero-mon-cheri-astuccio.html">Not available</a>
</div>
</div><div class="left product prod88"
        data-name="Ferrero Pocket Coffee 18 pz"
        data-price="4.99"
        data-id="1600"
        data-available="no"
        data-category="4748"
        data-bestselling="">
    <a href="../ferrero-pocket-coffee-18-pz.html">
        <div style="background-image: url('../../cdn.spesati.com/images/products/000502311/pocket-coffee-espresso-classico-18-pezzi-225-g-01.png')">
            <div class="hover"></div>
            
            <div class="stickers"></div>
        </div>
    </a>
    <div>
        <h4><a href="../ferrero-pocket-coffee-18-pz.html"><b>Ferrero Pocket Coffee 18 pz</b></a></h4>
        <p class="description">Pocket Coffee espresso Classico 18 Pezzi 225 g</p>
        <p class="right price"><b>4.99 €</b></p>
        <p class="right unitPrice">0.28 € per piece</p>
    </div>
    <div class="notAvailable">
    <a class="button bgDarkGrey white" href="../ferrero-pocket-coffee-18-pz.html">Not available</a>
</div>
</div><div class="left product prod89"
        data-name="Ferrero Pocket Coffee"
        data-price="2.00"
        data-id="1599"
        data-available="no"
        data-category="4748"
        data-bestselling="">
    <a href="../ferrero-pocket-coffee.html">
        <div style="background-image: url('../../cdn.spesati.com/images/products/000502310/5-pocket-coffee-espresso-classico-625-g-01.png')">
            <div class="hover"></div>
            
            <div class="stickers"></div>
        </div>
    </a>
    <div>
        <h4><a href="../ferrero-pocket-coffee.html"><b>Ferrero Pocket Coffee</b></a></h4>
        <p class="description">5 Pocket Coffee espresso Classico 62,5 g</p>
        <p class="right price"><b>2.00 €</b></p>
        <p class="right unitPrice">0.40 € per piece</p>
    </div>
    <div class="notAvailable">
    <a class="button bgDarkGrey white" href="../ferrero-pocket-coffee.html">Not available</a>
</div>
</div><div class="left product prod90"
        data-name="Cioc Ferrero Moncheri Scat T30"
        data-price="8.82"
        data-id="33846"
        data-available="no"
        data-category="4748"
        data-bestselling="">
    <a href="../cioc-ferrero-moncheri-scat-t30.html">
        <div style="background-image: url('../../cdn.spesati.com/images/products/000502304/mon-cheri-30-pezzi-315-g-01.png')">
            <div class="hover"></div>
            
            <div class="stickers"></div>
        </div>
    </a>
    <div>
        <h4><a href="../cioc-ferrero-moncheri-scat-t30.html"><b>Cioc Ferrero Moncheri Scat T30</b></a></h4>
        <p class="description">Mon Chéri 30 pezzi 315 g</p>
        <p class="right price"><b>8.82 €</b></p>
        <p class="right unitPrice">27.98 € per kg</p>
    </div>
    <div class="notAvailable">
    <a class="button bgDarkGrey white" href="../cioc-ferrero-moncheri-scat-t30.html">Not available</a>
</div>
</div><div class="left product prod91"
        data-name="Ferrero Mon Cheri"
        data-price="4.59"
        data-id="1597"
        data-available="no"
        data-category="4748"
        data-bestselling="">
    <a href="../ferrero-mon-cheri.html">
        <div style="background-image: url('../../cdn.spesati.com/images/products/000502302/16-mon-cheri-168-g-01.png')">
            <div class="hover"></div>
            
            <div class="stickers"></div>
        </div>
    </a>
    <div>
        <h4><a href="../ferrero-mon-cheri.html"><b>Ferrero Mon Cheri</b></a></h4>
        <p class="description">16 Mon Chéri 168 g</p>
        <p class="right price"><b>4.59 €</b></p>
        <p class="right unitPrice">0.29 € per piece</p>
    </div>
    <div class="notAvailable">
    <a class="button bgDarkGrey white" href="../ferrero-mon-cheri.html">Not available</a>
</div>
</div><div class="left product prod92"
        data-name="Cioc Ferrero Rocher T24"
        data-price="8.99"
        data-id="63873"
        data-available="no"
        data-category="4748"
        data-bestselling="">
    <a href="../cioc-ferrero-rocher-t24.html">
        <div style="background-image: url('../../cdn.spesati.com/images/products/000502295/ferrero-rocher-24-pezzi-300-g-01.png')">
            <div class="hover"></div>
            
            <div class="stickers"></div>
        </div>
    </a>
    <div>
        <h4><a href="../cioc-ferrero-rocher-t24.html"><b>Cioc Ferrero Rocher T24</b></a></h4>
        <p class="description">Ferrero Rocher 24 pezzi 300 g</p>
        <p class="right price"><b>8.99 €</b></p>
        <p class="right unitPrice">29.96 € per kg</p>
    </div>
    <div class="notAvailable">
    <a class="button bgDarkGrey white" href="../cioc-ferrero-rocher-t24.html">Not available</a>
</div>
</div><div class="left product prod93"
        data-name="Ferrero Rocher Scatola 375 Gr T30"
        data-price="9.99"
        data-id="5736"
        data-available="no"
        data-category="4748"
        data-bestselling="">
    <a href="../ferrero-rocher-scatola-375-gr-t30.html">
        <div style="background-image: url('../../cdn.spesati.com/images/products/000502293/ferrero-rocher-30-pezzi-375-g-01.png')">
            <div class="hover"></div>
            
            <div class="stickers"></div>
        </div>
    </a>
    <div>
        <h4><a href="../ferrero-rocher-scatola-375-gr-t30.html"><b>Ferrero Rocher Scatola 375 Gr T30</b></a></h4>
        <p class="description">Ferrero Rocher 30 pezzi 375 g</p>
        <p class="right price"><b>9.99 €</b></p>
        <p class="right unitPrice">26.64 € per kg</p>
    </div>
    <div class="notAvailable">
    <a class="button bgDarkGrey white" href="../ferrero-rocher-scatola-375-gr-t30.html">Not available</a>
</div>
</div><div class="left product prod94"
        data-name="Cioc Ferrero K Ciocc T8"
        data-price="4.99"
        data-id="33843"
        data-available="no"
        data-category="4748"
        data-bestselling="">
    <a href="../cioc-ferrero-k-ciocc-t8.html">
        <div style="background-image: url('../../cdn.spesati.com/images/products/000502271/kinder-cioccolato-24-x-125-g-01.png')">
            <div class="hover"></div>
            
            <div class="stickers"></div>
        </div>
    </a>
    <div>
        <h4><a href="../cioc-ferrero-k-ciocc-t8.html"><b>Cioc Ferrero K Ciocc T8</b></a></h4>
        <p class="description">Kinder Cioccolato 24 x 12,5 g</p>
        <p class="right price"><b>4.99 €</b></p>
        <p class="right unitPrice">16.63 € per kg</p>
    </div>
    <div class="notAvailable">
    <a class="button bgDarkGrey white" href="../cioc-ferrero-k-ciocc-t8.html">Not available</a>
</div>
</div><div class="left product prod95"
        data-name="Cioc Ferrero F Cava Cuore 53gr"
        data-price="2.99"
        data-id="64305"
        data-available="no"
        data-category="4748"
        data-bestselling="">
    <a href="../cioc-ferrero-f-cava-cuore-53gr.html">
        <div style="background-image: url('../../cdn.spesati.com/images/products/000502069/kinder-sorpresa-53-g-01.png')">
            <div class="hover"></div>
            
            <div class="stickers"></div>
        </div>
    </a>
    <div>
        <h4><a href="../cioc-ferrero-f-cava-cuore-53gr.html"><b>Cioc Ferrero F Cava Cuore 53gr</b></a></h4>
        <p class="description">Kinder Sorpresa 53 g</p>
        <p class="right price"><b>2.99 €</b></p>
        <p class="right unitPrice">59.80 € per kg</p>
    </div>
    <div class="notAvailable">
    <a class="button bgDarkGrey white" href="../cioc-ferrero-f-cava-cuore-53gr.html">Not available</a>
</div>
</div><div class="left product prod96"
        data-name="Ferrero Kinder Sorpresa"
        data-price="5.99"
        data-id="1596"
        data-available="no"
        data-category="4748"
        data-bestselling="">
    <a href="../ferrero-kinder-sorpresa.html">
        <div style="background-image: url('../../cdn.spesati.com/images/products/000501831/kinder-sorpresa-6-x-20-g-01.png')">
            <div class="hover"></div>
            
            <div class="stickers"></div>
        </div>
    </a>
    <div>
        <h4><a href="../ferrero-kinder-sorpresa.html"><b>Ferrero Kinder Sorpresa</b></a></h4>
        <p class="description">Kinder Sorpresa 6 x 20 g</p>
        <p class="right price"><b>5.99 €</b></p>
        <p class="right unitPrice">49.92 € per kg</p>
    </div>
    <div class="notAvailable">
    <a class="button bgDarkGrey white" href="../ferrero-kinder-sorpresa.html">Not available</a>
</div>
</div><div class="left product prod97"
        data-name="Ciocc Cornet Lindor Assor 200g"
        data-price="7.82"
        data-id="63186"
        data-available="no"
        data-category="4748"
        data-bestselling="">
    <a href="../ciocc-cornet-lindor-assor-200g.html">
        <div style="background-image: url('../../cdn.spesati.com/images/products/000501716/lindt-cioccolatini-lindor-cioccolatini-assortiti-scatola-200-g-01.png')">
            <div class="hover"></div>
            
            <div class="stickers"></div>
        </div>
    </a>
    <div>
        <h4><a href="../ciocc-cornet-lindor-assor-200g.html"><b>Ciocc Cornet Lindor Assor 200g</b></a></h4>
        <p class="description">Lindt Cioccolatini Lindor Cioccolatini assortiti Scatola 200 g</p>
        <p class="right price"><b>7.82 €</b></p>
        <p class="right unitPrice">39.09 € per kg</p>
    </div>
    <div class="notAvailable">
    <a class="button bgDarkGrey white" href="../ciocc-cornet-lindor-assor-200g.html">Not available</a>
</div>
</div><div class="left product prod98"
        data-name="Ciocc Cornet Lindor Latte 200g"
        data-price="7.82"
        data-id="33820"
        data-available="no"
        data-category="4748"
        data-bestselling="">
    <a href="../ciocc-cornet-lindor-latte-200g.html">
        <div style="background-image: url('../../cdn.spesati.com/images/products/000501713/lindt-cioccolatini-lindor-cioccolato-al-latte-scatola-200-g-01.png')">
            <div class="hover"></div>
            
            <div class="stickers"></div>
        </div>
    </a>
    <div>
        <h4><a href="../ciocc-cornet-lindor-latte-200g.html"><b>Ciocc Cornet Lindor Latte 200g</b></a></h4>
        <p class="description">Lindt Cioccolatini Lindor Cioccolato al latte Scatola 200 g</p>
        <p class="right price"><b>7.82 €</b></p>
        <p class="right unitPrice">39.09 € per kg</p>
    </div>
    <div class="notAvailable">
    <a class="button bgDarkGrey white" href="../ciocc-cornet-lindor-latte-200g.html">Not available</a>
</div>
</div><div class="left product prod99"
        data-name="Cioc Baci Perugina Tubo 125gr"
        data-price="6.99"
        data-id="33808"
        data-available="no"
        data-category="4748"
        data-bestselling="">
    <a href="../cioc-baci-perugina-tubo-125gr.html">
        <div style="background-image: url('../../cdn.spesati.com/images/products/000501426/baci-perugina-classico-cioccolatini-fondenti-ripieni-al-gianduia-e-nocciole-tubo-125-g-01.png')">
            <div class="hover"></div>
            
            <div class="stickers"></div>
        </div>
    </a>
    <div>
        <h4><a href="../cioc-baci-perugina-tubo-125gr.html"><b>Cioc Baci Perugina Tubo 125gr</b></a></h4>
        <p class="description">BACI PERUGINA Classico Cioccolatini Fondenti Ripieni al Gianduia e Nocciole Tubo 125 g</p>
        <p class="right price"><b>6.99 €</b></p>
        <p class="right unitPrice">55.92 € per kg</p>
    </div>
    <div class="notAvailable">
    <a class="button bgDarkGrey white" href="../cioc-baci-perugina-tubo-125gr.html">Not available</a>
</div>
</div><div class="left product prod100"
        data-name="Cioc Lindor Scat Cuori Pist 82"
        data-price="6.99"
        data-id="73879"
        data-available="no"
        data-category="4748"
        data-bestselling="">
    <a href="../cioc-lindor-scat-cuori-pist-82.html">
        <div style="background-image: url('../../cdn.spesati.com/images/products/000472601/lindt-lindor-cioccolato-al-latte-pistacchio-san-valentino-82-g-01.png')">
            <div class="hover"></div>
            
            <div class="stickers"></div>
        </div>
    </a>
    <div>
        <h4><a href="../cioc-lindor-scat-cuori-pist-82.html"><b>Cioc Lindor Scat Cuori Pist 82</b></a></h4>
        <p class="description">Lindt Lindor Cioccolato al latte Pistacchio San Valentino 82 g</p>
        <p class="right price"><b>6.99 €</b></p>
        <p class="right unitPrice">87.38 € per kg</p>
    </div>
    <div class="notAvailable">
    <a class="button bgDarkGrey white" href="../cioc-lindor-scat-cuori-pist-82.html">Not available</a>
</div>
</div><div class="left product prod101"
        data-name="Ciocc Dolfin Corpo Cavo Gr 80"
        data-price="2.49"
        data-id="71278"
        data-available="no"
        data-category="4748"
        data-bestselling="">
    <a href="../ciocc-dolfin-corpo-cavo-gr-80.html">
        <div style="background-image: url('../../cdn.spesati.com/images/products/000472326/dolfin-soggetto-cavo-natalizio-con-sorpresa-80-g-01.png')">
            <div class="hover"></div>
            
            <div class="stickers"></div>
        </div>
    </a>
    <div>
        <h4><a href="../ciocc-dolfin-corpo-cavo-gr-80.html"><b>Ciocc Dolfin Corpo Cavo Gr 80</b></a></h4>
        <p class="description">dolfin Soggetto Cavo Natalizio con Sorpresa 80 g</p>
        <p class="right price"><b>2.49 €</b></p>
        <p class="right unitPrice">31.13 € per kg</p>
    </div>
    <div class="notAvailable">
    <a class="button bgDarkGrey white" href="../ciocc-dolfin-corpo-cavo-gr-80.html">Not available</a>
</div>
</div><div class="left product prod102"
        data-name="Ciocc Baci Perugina Ass Sc 250"
        data-price="13.13"
        data-id="71978"
        data-available="no"
        data-category="4748"
        data-bestselling="">
    <a href="../ciocc-baci-perugina-ass-sc-250.html">
        <div style="background-image: url('../../cdn.spesati.com/images/products/000472292/baci-perugina-assortito-cioccolatini-ripieni-al-gianduia-scatola-regalo-natale-250-g-01.png')">
            <div class="hover"></div>
            
            <div class="stickers"></div>
        </div>
    </a>
    <div>
        <h4><a href="../ciocc-baci-perugina-ass-sc-250.html"><b>Ciocc Baci Perugina Ass Sc 250</b></a></h4>
        <p class="description">BACI PERUGINA Assortito Cioccolatini ripieni al Gianduia scatola regalo Natale 250 g</p>
        <p class="right price"><b>13.13 €</b></p>
        <p class="right unitPrice">52.50 € per kg</p>
    </div>
    <div class="notAvailable">
    <a class="button bgDarkGrey white" href="../ciocc-baci-perugina-ass-sc-250.html">Not available</a>
</div>
</div><div class="left product prod103"
        data-name="Ciocc Baci Perug Scat Clas 250"
        data-price="13.13"
        data-id="81482"
        data-available="no"
        data-category="4748"
        data-bestselling="">
    <a href="../ciocc-baci-perug-scat-clas-250.html">
        <div style="background-image: url('../../cdn.spesati.com/images/products/000472291/baci-perugina-cioccolatini-fondenti-ripieni-al-gianduia-scatola-regalo-natale-250-g-01.png')">
            <div class="hover"></div>
            
            <div class="stickers"></div>
        </div>
    </a>
    <div>
        <h4><a href="../ciocc-baci-perug-scat-clas-250.html"><b>Ciocc Baci Perug Scat Clas 250</b></a></h4>
        <p class="description">BACI PERUGINA Cioccolatini Fondenti ripieni al Gianduia Scatola Regalo Natale 250 g</p>
        <p class="right price"><b>13.13 €</b></p>
        <p class="right unitPrice">52.50 € per kg</p>
    </div>
    <div class="notAvailable">
    <a class="button bgDarkGrey white" href="../ciocc-baci-perug-scat-clas-250.html">Not available</a>
</div>
</div><div class="left product prod104"
        data-name="Ciocc Feletti Nocci Fond 130gr"
        data-price="3.29"
        data-id="70885"
        data-available="no"
        data-category="4748"
        data-bestselling="">
    <a href="../ciocc-feletti-nocci-fond-130gr.html">
        <div style="background-image: url('../../cdn.spesati.com/images/products/000472253/feletti-i-golosi-mini-nocciolato-fondente-130-g-01.png')">
            <div class="hover"></div>
            
            <div class="stickers"></div>
        </div>
    </a>
    <div>
        <h4><a href="../ciocc-feletti-nocci-fond-130gr.html"><b>Ciocc Feletti Nocci Fond 130gr</b></a></h4>
        <p class="description">feletti I Golosi mini Nocciolato Fondente 130 g</p>
        <p class="right price"><b>3.29 €</b></p>
        <p class="right unitPrice">25.31 € per kg</p>
    </div>
    <div class="notAvailable">
    <a class="button bgDarkGrey white" href="../ciocc-feletti-nocci-fond-130gr.html">Not available</a>
</div>
</div><div class="left product prod105"
        data-name="Ciocc Feletti Nocciolati 130gr"
        data-price="3.29"
        data-id="70882"
        data-available="no"
        data-category="4748"
        data-bestselling="">
    <a href="../ciocc-feletti-nocciolati-130gr.html">
        <div style="background-image: url('../../cdn.spesati.com/images/products/000472252/feletti-i-golosi-mini-nocciolato-gianduia-130-g-01.png')">
            <div class="hover"></div>
            
            <div class="stickers"></div>
        </div>
    </a>
    <div>
        <h4><a href="../ciocc-feletti-nocciolati-130gr.html"><b>Ciocc Feletti Nocciolati 130gr</b></a></h4>
        <p class="description">feletti I Golosi mini Nocciolato Gianduia 130 g</p>
        <p class="right price"><b>3.29 €</b></p>
        <p class="right unitPrice">25.31 € per kg</p>
    </div>
    <div class="notAvailable">
    <a class="button bgDarkGrey white" href="../ciocc-feletti-nocciolati-130gr.html">Not available</a>
</div>
</div><div class="left product prod106"
        data-name="Ferrero Happy Snack Sacco 290g"
        data-price="11.09"
        data-id="82184"
        data-available="no"
        data-category="4748"
        data-bestselling="">
    <a href="../ferrero-happy-snack-sacco-290g.html">
        <div style="background-image: url('../../cdn.spesati.com/images/products/000443221/kinder-happy-moments-t10-290g-01.png')">
            <div class="hover"></div>
            
            <div class="stickers"></div>
        </div>
    </a>
    <div>
        <h4><a href="../ferrero-happy-snack-sacco-290g.html"><b>Ferrero Happy Snack Sacco 290g</b></a></h4>
        <p class="description">Kinder Happy Moments T10 290g</p>
        <p class="right price"><b>11.09 €</b></p>
        <p class="right unitPrice">38.24 € per kg</p>
    </div>
    <div class="notAvailable">
    <a class="button bgDarkGrey white" href="../ferrero-happy-snack-sacco-290g.html">Not available</a>
</div>
</div><div class="left product prod107"
        data-name="Cioc Lindt Mini Praline 180 Gr"
        data-price="11.55"
        data-id="81419"
        data-available="no"
        data-category="4748"
        data-bestselling="">
    <a href="../cioc-lindt-mini-praline-180-gr.html">
        <div style="background-image: url('../../cdn.spesati.com/images/products/000443132/lindt-mini-praline-cioccolatini-assortiti-scatola-180-g-01.png')">
            <div class="hover"></div>
            
            <div class="stickers"></div>
        </div>
    </a>
    <div>
        <h4><a href="../cioc-lindt-mini-praline-180-gr.html"><b>Cioc Lindt Mini Praline 180 Gr</b></a></h4>
        <p class="description">Lindt Mini Praline Cioccolatini assortiti Scatola 180 g</p>
        <p class="right price"><b>11.55 €</b></p>
        <p class="right unitPrice">64.20 € per kg</p>
    </div>
    <div class="notAvailable">
    <a class="button bgDarkGrey white" href="../cioc-lindt-mini-praline-180-gr.html">Not available</a>
</div>
</div><div class="left product prod108"
        data-name="Cioc Felet Eccel Assor Bs 350g"
        data-price="6.24"
        data-id="81398"
        data-available="no"
        data-category="4748"
        data-bestselling="">
    <a href="../cioc-felet-eccel-assor-bs-350g.html">
        <div style="background-image: url('../../cdn.spesati.com/images/products/000443088/feletti-i-classici-le-eccellenze-350-g-01.png')">
            <div class="hover"></div>
            
            <div class="stickers"></div>
        </div>
    </a>
    <div>
        <h4><a href="../cioc-felet-eccel-assor-bs-350g.html"><b>Cioc Felet Eccel Assor Bs 350g</b></a></h4>
        <p class="description">feletti I Classici le Eccellenze 350 g</p>
        <p class="right price"><b>6.24 €</b></p>
        <p class="right unitPrice">17.82 € per kg</p>
    </div>
    <div class="notAvailable">
    <a class="button bgDarkGrey white" href="../cioc-felet-eccel-assor-bs-350g.html">Not available</a>
</div>
</div><div class="left product prod109"
        data-name="Cioc Felet Nocc Bia Caram 130g"
        data-price="3.29"
        data-id="80759"
        data-available="no"
        data-category="4748"
        data-bestselling="">
    <a href="../cioc-felet-nocc-bia-caram-130g.html">
        <div style="background-image: url('../../cdn.spesati.com/images/products/000443087/feletti-i-golosi-mini-nocciolato-caramello-130-g-01.png')">
            <div class="hover"></div>
            
            <div class="stickers"></div>
        </div>
    </a>
    <div>
        <h4><a href="../cioc-felet-nocc-bia-caram-130g.html"><b>Cioc Felet Nocc Bia Caram 130g</b></a></h4>
        <p class="description">feletti I Golosi mini Nocciolato Caramello 130 g</p>
        <p class="right price"><b>3.29 €</b></p>
        <p class="right unitPrice">25.31 € per kg</p>
    </div>
    <div class="notAvailable">
    <a class="button bgDarkGrey white" href="../cioc-felet-nocc-bia-caram-130g.html">Not available</a>
</div>
</div><div class="left product prod110"
        data-name="Cioc Feletti Scat Mediter 250g"
        data-price="7.62"
        data-id="81392"
        data-available="no"
        data-category="4748"
        data-bestselling="">
    <a href="../cioc-feletti-scat-mediter-250g.html">
        <div style="background-image: url('../../cdn.spesati.com/images/products/000443084/feletti-chocolate-pralines-250-g-01.png')">
            <div class="hover"></div>
            
            <div class="stickers"></div>
        </div>
    </a>
    <div>
        <h4><a href="../cioc-feletti-scat-mediter-250g.html"><b>Cioc Feletti Scat Mediter 250g</b></a></h4>
        <p class="description">feletti Chocolate Pralines 250 g</p>
        <p class="right price"><b>7.62 €</b></p>
        <p class="right unitPrice">30.47 € per kg</p>
    </div>
    <div class="notAvailable">
    <a class="button bgDarkGrey white" href="../cioc-feletti-scat-mediter-250g.html">Not available</a>
</div>
</div><div class="left product prod111"
        data-name="Cioc Walc Monete Mix Retin 80g"
        data-price="1.17"
        data-id="81374"
        data-available="no"
        data-category="4748"
        data-bestselling="">
    <a href="../cioc-walc-monete-mix-retin-80g.html">
        <div style="background-image: url('../../cdn.spesati.com/images/products/000443065/walcor-cioccolato-al-latte-80-g-01.png')">
            <div class="hover"></div>
            
            <div class="stickers"></div>
        </div>
    </a>
    <div>
        <h4><a href="../cioc-walc-monete-mix-retin-80g.html"><b>Cioc Walc Monete Mix Retin 80g</b></a></h4>
        <p class="description">Walcor Cioccolato al latte 80 g</p>
        <p class="right price"><b>1.17 €</b></p>
        <p class="right unitPrice">14.66 € per kg</p>
    </div>
    <div class="notAvailable">
    <a class="button bgDarkGrey white" href="../cioc-walc-monete-mix-retin-80g.html">Not available</a>
</div>
</div><div class="left product prod112"
        data-name="Cioc Witors Boero Pistacc 200g"
        data-price="3.29"
        data-id="81356"
        data-available="no"
        data-category="4748"
        data-bestselling="">
    <a href="../cioc-witors-boero-pistacc-200g.html">
        <div style="background-image: url('../../cdn.spesati.com/images/products/000443037/witors-golden-pistacchio-cioccolato-al-latte-con-crema-e-granella-di-pistacchio-200-g-01.png')">
            <div class="hover"></div>
            
            <div class="stickers"></div>
        </div>
    </a>
    <div>
        <h4><a href="../cioc-witors-boero-pistacc-200g.html"><b>Cioc Witors Boero Pistacc 200g</b></a></h4>
        <p class="description">Witor's Golden Pistacchio Cioccolato al Latte con Crema e Granella di Pistacchio 200 g</p>
        <p class="right price"><b>3.29 €</b></p>
        <p class="right unitPrice">16.46 € per kg</p>
    </div>
    <div class="notAvailable">
    <a class="button bgDarkGrey white" href="../cioc-witors-boero-pistacc-200g.html">Not available</a>
</div>
</div><div class="left product prod113"
        data-name="Cioc Witors Boero Whisky 200g"
        data-price="3.29"
        data-id="81353"
        data-available="no"
        data-category="4748"
        data-bestselling="">
    <a href="../cioc-witors-boero-whisky-200g.html">
        <div style="background-image: url('../../cdn.spesati.com/images/products/000443036/witors-il-boero-crema-whisky-cioccolato-extra-fondente-con-crema-al-whisky-200-g-01.png')">
            <div class="hover"></div>
            
            <div class="stickers"></div>
        </div>
    </a>
    <div>
        <h4><a href="../cioc-witors-boero-whisky-200g.html"><b>Cioc Witors Boero Whisky 200g</b></a></h4>
        <p class="description">Witor's il Boero Crema Whisky Cioccolato Extra Fondente con Crema al Whisky 200 g</p>
        <p class="right price"><b>3.29 €</b></p>
        <p class="right unitPrice">16.46 € per kg</p>
    </div>
    <div class="notAvailable">
    <a class="button bgDarkGrey white" href="../cioc-witors-boero-whisky-200g.html">Not available</a>
</div>
</div><div class="left product prod114"
        data-name="Barra Tartuf Motta Caram 150g"
        data-price="2.81"
        data-id="81344"
        data-available="no"
        data-category="4748"
        data-bestselling="">
    <a href="../barra-tartuf-motta-caram-150g.html">
        <div style="background-image: url('../../cdn.spesati.com/images/products/000443028/motta-tartufone-ciocco-caramel-150-g-01.png')">
            <div class="hover"></div>
            
            <div class="stickers"></div>
        </div>
    </a>
    <div>
        <h4><a href="../barra-tartuf-motta-caram-150g.html"><b>Barra Tartuf Motta Caram 150g</b></a></h4>
        <p class="description">Motta Tartufone ciocco Caramel 150 g</p>
        <p class="right price"><b>2.81 €</b></p>
        <p class="right unitPrice">18.73 € per kg</p>
    </div>
    <div class="notAvailable">
    <a class="button bgDarkGrey white" href="../barra-tartuf-motta-caram-150g.html">Not available</a>
</div>
</div><div class="left product prod115"
        data-name="Barra Tartuf Motta Pistac 150g"
        data-price="2.81"
        data-id="81341"
        data-available="no"
        data-category="4748"
        data-bestselling="">
    <a href="../barra-tartuf-motta-pistac-150g.html">
        <div style="background-image: url('../../cdn.spesati.com/images/products/000443027/motta-tartufone-ciocco-pistacchio-150-g-01.png')">
            <div class="hover"></div>
            
            <div class="stickers"></div>
        </div>
    </a>
    <div>
        <h4><a href="../barra-tartuf-motta-pistac-150g.html"><b>Barra Tartuf Motta Pistac 150g</b></a></h4>
        <p class="description">Motta Tartufone ciocco Pistacchio 150 g</p>
        <p class="right price"><b>2.81 €</b></p>
        <p class="right unitPrice">18.73 € per kg</p>
    </div>
    <div class="notAvailable">
    <a class="button bgDarkGrey white" href="../barra-tartuf-motta-pistac-150g.html">Not available</a>
</div>
</div><div class="left product prod116"
        data-name="Cioc Vergani Choco Fond/men 10"
        data-price="1.55"
        data-id="63087"
        data-available="no"
        data-category="4748"
        data-bestselling="">
    <a href="../cioc-vergani-choco-fondmen-10.html">
        <div style="background-image: url('../../cdn.spesati.com/images/products/000437898/vergani-choco-passion-100-g-01.png')">
            <div class="hover"></div>
            
            <div class="stickers"></div>
        </div>
    </a>
    <div>
        <h4><a href="../cioc-vergani-choco-fondmen-10.html"><b>Cioc Vergani Choco Fond/men 10</b></a></h4>
        <p class="description">Vergani Choco Passion 100 g</p>
        <p class="right price"><b>1.55 €</b></p>
        <p class="right unitPrice">15.47 € per kg</p>
    </div>
    <div class="notAvailable">
    <a class="button bgDarkGrey white" href="../cioc-vergani-choco-fondmen-10.html">Not available</a>
</div>
</div><div class="left product prod117"
        data-name="Cioc Witors Boero Ciliegia 1kg"
        data-price="10.53"
        data-id="63426"
        data-available="no"
        data-category="4748"
        data-bestselling="">
    <a href="../cioc-witors-boero-ciliegia-1kg.html">
        <div style="background-image: url('../../cdn.spesati.com/images/products/000136224/witors-il-boero-originale-cioccolato-extra-fondente-con-ciliegia-e-liquore-1-kg-01.png')">
            <div class="hover"></div>
            
            <div class="stickers"></div>
        </div>
    </a>
    <div>
        <h4><a href="../cioc-witors-boero-ciliegia-1kg.html"><b>Cioc Witors Boero Ciliegia 1kg</b></a></h4>
        <p class="description">Witor's il Boero Originale Cioccolato Extra Fondente con Ciliegia e Liquore 1 kg</p>
        <p class="right price"><b>10.53 €</b></p>
        <p class="right unitPrice">10.53 € per kg</p>
    </div>
    <div class="notAvailable">
    <a class="button bgDarkGrey white" href="../cioc-witors-boero-ciliegia-1kg.html">Not available</a>
</div>
</div><div class="left product prod118"
        data-name="Cioc Feletti Giand Misti 150gr"
        data-price="3.29"
        data-id="27583"
        data-available="no"
        data-category="4748"
        data-bestselling="">
    <a href="../cioc-feletti-giand-misti-150gr.html">
        <div style="background-image: url('../../cdn.spesati.com/images/products/000136029/feletti-i-classici-i-gianduiotti-classico-fondente-bianco-150-g-01.png')">
            <div class="hover"></div>
            
            <div class="stickers"></div>
        </div>
    </a>
    <div>
        <h4><a href="../cioc-feletti-giand-misti-150gr.html"><b>Cioc Feletti Giand Misti 150gr</b></a></h4>
        <p class="description">feletti I Classici i Gianduiotti Classico - Fondente - Bianco 150 g</p>
        <p class="right price"><b>3.29 €</b></p>
        <p class="right unitPrice">21.93 € per kg</p>
    </div>
    <div class="notAvailable">
    <a class="button bgDarkGrey white" href="../cioc-feletti-giand-misti-150gr.html">Not available</a>
</div>
</div><div class="left product prod119"
        data-name="Cioc Feletti Giand Fond 150gr"
        data-price="3.29"
        data-id="27581"
        data-available="no"
        data-category="4748"
        data-bestselling="">
    <a href="../cioc-feletti-giand-fond-150gr.html">
        <div style="background-image: url('../../cdn.spesati.com/images/products/000136027/feletti-i-classici-il-gianduiotto-fondente-150-g-01.png')">
            <div class="hover"></div>
            
            <div class="stickers"></div>
        </div>
    </a>
    <div>
        <h4><a href="../cioc-feletti-giand-fond-150gr.html"><b>Cioc Feletti Giand Fond 150gr</b></a></h4>
        <p class="description">feletti I Classici il Gianduiotto Fondente 150 g</p>
        <p class="right price"><b>3.29 €</b></p>
        <p class="right unitPrice">21.93 € per kg</p>
    </div>
    <div class="notAvailable">
    <a class="button bgDarkGrey white" href="../cioc-feletti-giand-fond-150gr.html">Not available</a>
</div>
</div><div class="left product prod120"
        data-name="Cioc Feletti Giand Class 150gr"
        data-price="3.29"
        data-id="27580"
        data-available="no"
        data-category="4748"
        data-bestselling="">
    <a href="../cioc-feletti-giand-class-150gr.html">
        <div style="background-image: url('../../cdn.spesati.com/images/products/000136026/feletti-i-classici-il-gianduiotto-classico-150-g-01.png')">
            <div class="hover"></div>
            
            <div class="stickers"></div>
        </div>
    </a>
    <div>
        <h4><a href="../cioc-feletti-giand-class-150gr.html"><b>Cioc Feletti Giand Class 150gr</b></a></h4>
        <p class="description">feletti I Classici il Gianduiotto Classico 150 g</p>
        <p class="right price"><b>3.29 €</b></p>
        <p class="right unitPrice">21.93 € per kg</p>
    </div>
    <div class="notAvailable">
    <a class="button bgDarkGrey white" href="../cioc-feletti-giand-class-150gr.html">Not available</a>
</div>
</div><div class="left product prod121"
        data-name="Cioc Baci Cuore Maiolica 150gr"
        data-price="12.90"
        data-id="73873"
        data-available="no"
        data-category="4748"
        data-bestselling="">
    <a href="../cioc-baci-cuore-maiolica-150gr.html">
        <div style="background-image: url('../../cdn.spesati.com/images/products/000135417/baci-perugina-classico-cioccolatini-fondenti-ripieni-al-gianduia-e-nocciole-scatola-maxi-cuore-150-g-01.png')">
            <div class="hover"></div>
            
            <div class="stickers"></div>
        </div>
    </a>
    <div>
        <h4><a href="../cioc-baci-cuore-maiolica-150gr.html"><b>Cioc Baci Cuore Maiolica 150gr</b></a></h4>
        <p class="description">BACI PERUGINA Classico Cioccolatini Fondenti Ripieni al Gianduia e Nocciole Scatola Maxi Cuore 150 g</p>
        <p class="right price"><b>12.90 €</b></p>
        <p class="right unitPrice">86.00 € per kg</p>
    </div>
    <div class="notAvailable">
    <a class="button bgDarkGrey white" href="../cioc-baci-cuore-maiolica-150gr.html">Not available</a>
</div>
</div><div class="left product prod122"
        data-name="Cioc Lindor Scat Cuori Lat 110"
        data-price="6.99"
        data-id="27500"
        data-available="no"
        data-category="4748"
        data-bestselling="">
    <a href="../cioc-lindor-scat-cuori-lat-110.html">
        <div style="background-image: url('../../cdn.spesati.com/images/products/000135411/lindt-lindor-cioccolatini-cioccolato-al-latte-scatola-regalo-san-valentino-96-g-01.png')">
            <div class="hover"></div>
            
            <div class="stickers"></div>
        </div>
    </a>
    <div>
        <h4><a href="../cioc-lindor-scat-cuori-lat-110.html"><b>Cioc Lindor Scat Cuori Lat 110</b></a></h4>
        <p class="description">Lindt Lindor Cioccolatini Cioccolato al latte Scatola regalo San Valentino 96 g</p>
        <p class="right price"><b>6.99 €</b></p>
        <p class="right unitPrice">63.55 € per kg</p>
    </div>
    <div class="notAvailable">
    <a class="button bgDarkGrey white" href="../cioc-lindor-scat-cuori-lat-110.html">Not available</a>
</div>
</div><div class="left product prod123"
        data-name="Calza Bef Zaini Avengers 168gr"
        data-price="6.99"
        data-id="27439"
        data-available="no"
        data-category="4748"
        data-bestselling="">
    <a href="../calza-bef-zaini-avengers-168gr.html">
        <div style="background-image: url('../../cdn.spesati.com/images/products/000132971/zaini-calza-crokki-con-sorpresa-marvel-avengers-168-g-01.png')">
            <div class="hover"></div>
            
            <div class="stickers"></div>
        </div>
    </a>
    <div>
        <h4><a href="../calza-bef-zaini-avengers-168gr.html"><b>Calza Bef Zaini Avengers 168gr</b></a></h4>
        <p class="description">Zàini Calza Crokki con Sorpresa Marvel Avengers 168 g</p>
        <p class="right price"><b>6.99 €</b></p>
        <p class="right unitPrice">41.61 € per kg</p>
    </div>
    <div class="notAvailable">
    <a class="button bgDarkGrey white" href="../calza-bef-zaini-avengers-168gr.html">Not available</a>
</div>
</div><div class="left product prod124"
        data-name="Cioc Witors Boero Ciliegia 250"
        data-price="3.29"
        data-id="27428"
        data-available="no"
        data-category="4748"
        data-bestselling="">
    <a href="../cioc-witors-boero-ciliegia-250.html">
        <div style="background-image: url('../../cdn.spesati.com/images/products/000132855/witors-il-boero-originale-cioccolato-extra-fondente-con-ciliegia-e-liquore-250-g-01.png')">
            <div class="hover"></div>
            
            <div class="stickers"></div>
        </div>
    </a>
    <div>
        <h4><a href="../cioc-witors-boero-ciliegia-250.html"><b>Cioc Witors Boero Ciliegia 250</b></a></h4>
        <p class="description">Witor's il Boero Originale Cioccolato Extra Fondente con Ciliegia e Liquore 250 g</p>
        <p class="right price"><b>3.29 €</b></p>
        <p class="right unitPrice">13.16 € per kg</p>
    </div>
    <div class="notAvailable">
    <a class="button bgDarkGrey white" href="../cioc-witors-boero-ciliegia-250.html">Not available</a>
</div>
</div><div class="left product prod125"
        data-name="Ciocc Novi Africano Noir 200gr"
        data-price="6.71"
        data-id="27400"
        data-available="no"
        data-category="4748"
        data-bestselling="">
    <a href="../ciocc-novi-africano-noir-200gr.html">
        <div style="background-image: url('../../cdn.spesati.com/images/products/000132622/novi-africano-fondente-2-x-100-g-01.png')">
            <div class="hover"></div>
            
            <div class="stickers"></div>
        </div>
    </a>
    <div>
        <h4><a href="../ciocc-novi-africano-noir-200gr.html"><b>Ciocc Novi Africano Noir 200gr</b></a></h4>
        <p class="description">Novi Africano Fondente 2 x 100 g</p>
        <p class="right price"><b>6.71 €</b></p>
        <p class="right unitPrice">33.53 € per kg</p>
    </div>
    <div class="notAvailable">
    <a class="button bgDarkGrey white" href="../ciocc-novi-africano-noir-200gr.html">Not available</a>
</div>
</div><div class="left product prod126"
        data-name="Cioc Vergani Fondente Scat 215"
        data-price="6.96"
        data-id="27392"
        data-available="no"
        data-category="4748"
        data-bestselling="">
    <a href="../cioc-vergani-fondente-scat-215.html">
        <div style="background-image: url('../../cdn.spesati.com/images/products/000132541/vergani-le-specialita-il-fondente-215-g-01.png')">
            <div class="hover"></div>
            
            <div class="stickers"></div>
        </div>
    </a>
    <div>
        <h4><a href="../cioc-vergani-fondente-scat-215.html"><b>Cioc Vergani Fondente Scat 215</b></a></h4>
        <p class="description">Vergani Le Specialità il Fondente 215 g</p>
        <p class="right price"><b>6.96 €</b></p>
        <p class="right unitPrice">32.36 € per kg</p>
    </div>
    <div class="notAvailable">
    <a class="button bgDarkGrey white" href="../cioc-vergani-fondente-scat-215.html">Not available</a>
</div>
</div><div class="left product prod127"
        data-name="Cioc Vergani Roxy Ass Scat 250"
        data-price="6.08"
        data-id="63021"
        data-available="no"
        data-category="4748"
        data-bestselling="">
    <a href="../cioc-vergani-roxy-ass-scat-250.html">
        <div style="background-image: url('../../cdn.spesati.com/images/products/000131687/vergani-praline-assortite-250-g-01.png')">
            <div class="hover"></div>
            
            <div class="stickers"></div>
        </div>
    </a>
    <div>
        <h4><a href="../cioc-vergani-roxy-ass-scat-250.html"><b>Cioc Vergani Roxy Ass Scat 250</b></a></h4>
        <p class="description">Vergani Praline Assortite 250 g</p>
        <p class="right price"><b>6.08 €</b></p>
        <p class="right unitPrice">24.33 € per kg</p>
    </div>
    <div class="notAvailable">
    <a class="button bgDarkGrey white" href="../cioc-vergani-roxy-ass-scat-250.html">Not available</a>
</div>
</div><div class="left product prod128"
        data-name="Cioc Vergani Liquore Scat 250g"
        data-price="6.08"
        data-id="27326"
        data-available="no"
        data-category="4748"
        data-bestselling="">
    <a href="../cioc-vergani-liquore-scat-250g.html">
        <div style="background-image: url('../../cdn.spesati.com/images/products/000131560/vergani-creme-liqueur-chocolate-250-g-01.png')">
            <div class="hover"></div>
            
            <div class="stickers"></div>
        </div>
    </a>
    <div>
        <h4><a href="../cioc-vergani-liquore-scat-250g.html"><b>Cioc Vergani Liquore Scat 250g</b></a></h4>
        <p class="description">Vergani Crème Liqueur Chocolate 250 g</p>
        <p class="right price"><b>6.08 €</b></p>
        <p class="right unitPrice">24.33 € per kg</p>
    </div>
    <div class="notAvailable">
    <a class="button bgDarkGrey white" href="../cioc-vergani-liquore-scat-250g.html">Not available</a>
</div>
</div><div class="left product prod129"
        data-name="Cioc Vergani Boero Scat 200gr"
        data-price="6.08"
        data-id="27325"
        data-available="no"
        data-category="4748"
        data-bestselling="">
    <a href="../cioc-vergani-boero-scat-200gr.html">
        <div style="background-image: url('../../cdn.spesati.com/images/products/000131558/vergani-boero-di-cioccolato-fondente-extra-con-ciliegia-intera-al-liquore-200-g-01.png')">
            <div class="hover"></div>
            
            <div class="stickers"></div>
        </div>
    </a>
    <div>
        <h4><a href="../cioc-vergani-boero-scat-200gr.html"><b>Cioc Vergani Boero Scat 200gr</b></a></h4>
        <p class="description">Vergani Boero di cioccolato fondente extra con ciliegia intera al liquore 200 g</p>
        <p class="right price"><b>6.08 €</b></p>
        <p class="right unitPrice">30.42 € per kg</p>
    </div>
    <div class="notAvailable">
    <a class="button bgDarkGrey white" href="../cioc-vergani-boero-scat-200gr.html">Not available</a>
</div>
</div><div class="left product prod130"
        data-name="Cioc Perug Baci Bijou Latt 200"
        data-price="6.99"
        data-id="64320"
        data-available="no"
        data-category="4748"
        data-bestselling="">
    <a href="../cioc-perug-baci-bijou-latt-200.html">
        <div style="background-image: url('../../cdn.spesati.com/images/products/000131555/baci-perugina-latte-cioccolatini-ripieni-al-gianduia-e-nocciole-scatola-200g-01.png')">
            <div class="hover"></div>
            
            <div class="stickers"></div>
        </div>
    </a>
    <div>
        <h4><a href="../cioc-perug-baci-bijou-latt-200.html"><b>Cioc Perug Baci Bijou Latt 200</b></a></h4>
        <p class="description">BACI PERUGINA Latte Cioccolatini ripieni al Gianduia e Nocciole Scatola 200g</p>
        <p class="right price"><b>6.99 €</b></p>
        <p class="right unitPrice">34.96 € per kg</p>
    </div>
    <div class="notAvailable">
    <a class="button bgDarkGrey white" href="../cioc-perug-baci-bijou-latt-200.html">Not available</a>
</div>
</div><div class="left product prod131"
        data-name="Cioc Lindor Scat Quad Fon 287g"
        data-price="12.19"
        data-id="27319"
        data-available="no"
        data-category="4748"
        data-bestselling="">
    <a href="../cioc-lindor-scat-quad-fon-287g.html">
        <div style="background-image: url('../../cdn.spesati.com/images/products/000131494/lindt-lindor-cioccolatini-assortiti-cioccolato-fondente-scatola-regalo-287-g-01.png')">
            <div class="hover"></div>
            
            <div class="stickers"></div>
        </div>
    </a>
    <div>
        <h4><a href="../cioc-lindor-scat-quad-fon-287g.html"><b>Cioc Lindor Scat Quad Fon 287g</b></a></h4>
        <p class="description">Lindt Lindor Cioccolatini assortiti Cioccolato fondente Scatola regalo 287 g</p>
        <p class="right price"><b>12.19 €</b></p>
        <p class="right unitPrice">42.46 € per kg</p>
    </div>
    <div class="notAvailable">
    <a class="button bgDarkGrey white" href="../cioc-lindor-scat-quad-fon-287g.html">Not available</a>
</div>
</div><div class="left product prod132"
        data-name="Cioc Ferrero Sorpresa 75gr"
        data-price="3.89"
        data-id="27309"
        data-available="no"
        data-category="4748"
        data-bestselling="">
    <a href="../cioc-ferrero-sorpresa-75gr.html">
        <div style="background-image: url('../../cdn.spesati.com/images/products/000131404/kinder-sorpresa-figura-cava-babbo-natale-75-g-01.png')">
            <div class="hover"></div>
            
            <div class="stickers"></div>
        </div>
    </a>
    <div>
        <h4><a href="../cioc-ferrero-sorpresa-75gr.html"><b>Cioc Ferrero Sorpresa 75gr</b></a></h4>
        <p class="description">Kinder Sorpresa Figura cava Babbo Natale 75 g</p>
        <p class="right price"><b>3.89 €</b></p>
        <p class="right unitPrice">51.87 € per kg</p>
    </div>
    <div class="notAvailable">
    <a class="button bgDarkGrey white" href="../cioc-ferrero-sorpresa-75gr.html">Not available</a>
</div>
</div><div class="left product prod133"
        data-name="Cioc Sorini Festa Ciocc 400gr"
        data-price="5.13"
        data-id="70876"
        data-available="no"
        data-category="4748"
        data-bestselling="">
    <a href="../cioc-sorini-festa-ciocc-400gr.html">
        <div style="background-image: url('../../cdn.spesati.com/images/products/000131211/sorini-festa-del-cioccolato-cioccolatini-al-latte-e-fondenti-assortiti-400-g-01.png')">
            <div class="hover"></div>
            
            <div class="stickers"></div>
        </div>
    </a>
    <div>
        <h4><a href="../cioc-sorini-festa-ciocc-400gr.html"><b>Cioc Sorini Festa Ciocc 400gr</b></a></h4>
        <p class="description">Sorini Festa del Cioccolato Cioccolatini al Latte e Fondenti Assortiti 400 g</p>
        <p class="right price"><b>5.13 €</b></p>
        <p class="right unitPrice">12.84 € per kg</p>
    </div>
    <div class="notAvailable">
    <a class="button bgDarkGrey white" href="../cioc-sorini-festa-ciocc-400gr.html">Not available</a>
</div>
</div><div class="left product prod134"
        data-name="Ciocc Ritter Latte S/lat 100gr"
        data-price="3.05"
        data-id="83261"
        data-available="no"
        data-category="4748"
        data-bestselling="">
    <a href="../ciocc-ritter-latte-slat-100gr.html">
        <div style="background-image: url('../../cdn.spesati.com/images/products/000119074/ritter-sport-latte-senza-lattosio-100-g-01.png')">
            <div class="hover"></div>
            
            <div class="stickers"></div>
        </div>
    </a>
    <div>
        <h4><a href="../ciocc-ritter-latte-slat-100gr.html"><b>Ciocc Ritter Latte S/lat 100gr</b></a></h4>
        <p class="description">Ritter Sport Latte Senza Lattosio* 100 g</p>
        <p class="right price"><b>3.05 €</b></p>
        <p class="right unitPrice">30.50 € per kg</p>
    </div>
    <div class="notAvailable">
    <a class="button bgDarkGrey white" href="../ciocc-ritter-latte-slat-100gr.html">Not available</a>
</div>
</div><div class="left product prod135"
        data-name="Ciocc Ritter Nocciol S/lat 100"
        data-price="3.05"
        data-id="83258"
        data-available="no"
        data-category="4748"
        data-bestselling="">
    <a href="../ciocc-ritter-nocciol-slat-100.html">
        <div style="background-image: url('../../cdn.spesati.com/images/products/000119073/ritter-sport-nocciole-intere-senza-lattosio-100-g-01.png')">
            <div class="hover"></div>
            
            <div class="stickers"></div>
        </div>
    </a>
    <div>
        <h4><a href="../ciocc-ritter-nocciol-slat-100.html"><b>Ciocc Ritter Nocciol S/lat 100</b></a></h4>
        <p class="description">Ritter Sport Nocciole Intere Senza Lattosio* 100 g</p>
        <p class="right price"><b>3.05 €</b></p>
        <p class="right unitPrice">30.50 € per kg</p>
    </div>
    <div class="notAvailable">
    <a class="button bgDarkGrey white" href="../ciocc-ritter-nocciol-slat-100.html">Not available</a>
</div>
</div><div class="left product prod136"
        data-name="Ritter Sport Cioccolato Fondente Nocciola"
        data-price="1.99"
        data-id="1644"
        data-available="no"
        data-category="4748"
        data-bestselling="">
    <a href="../ritter-sport-cioccolato-fondente-nocciola.html">
        <div style="background-image: url('../../cdn.spesati.com/images/products/000112561/ritter-sport-special-nuts-fondente-con-nocciole-intere-100-g-01.png')">
            <div class="hover"></div>
            
            <div class="stickers"></div>
        </div>
    </a>
    <div>
        <h4><a href="../ritter-sport-cioccolato-fondente-nocciola.html"><b>Ritter Sport Cioccolato Fondente Nocciola</b></a></h4>
        <p class="description">Ritter Sport Special Nuts Fondente con Nocciole Intere 100 g</p>
        <p class="right price"><b>1.99 €</b></p>
        <p class="right unitPrice">19.90 € per kg</p>
    </div>
    <div class="notAvailable">
    <a class="button bgDarkGrey white" href="../ritter-sport-cioccolato-fondente-nocciola.html">Not available</a>
</div>
</div><div class="left product prod137"
        data-name="Ritter Sport Cioccolato Nocciole"
        data-price="1.99"
        data-id="1649"
        data-available="no"
        data-category="4748"
        data-bestselling="">
    <a href="../ritter-sport-cioccolato-nocciole.html">
        <div style="background-image: url('../../cdn.spesati.com/images/products/000112559/ritter-sport-special-nuts-nocciole-intere-100-g-01.png')">
            <div class="hover"></div>
            
            <div class="stickers"></div>
        </div>
    </a>
    <div>
        <h4><a href="../ritter-sport-cioccolato-nocciole.html"><b>Ritter Sport Cioccolato Nocciole</b></a></h4>
        <p class="description">Ritter Sport Special Nuts Nocciole Intere 100 g</p>
        <p class="right price"><b>1.99 €</b></p>
        <p class="right unitPrice">19.90 € per kg</p>
    </div>
    <div class="notAvailable">
    <a class="button bgDarkGrey white" href="../ritter-sport-cioccolato-nocciole.html">Not available</a>
</div>
</div><div class="left product prod138"
        data-name="Cioc Perug Baci Bijou Fond 200"
        data-price="6.99"
        data-id="64317"
        data-available="no"
        data-category="4748"
        data-bestselling="">
    <a href="../cioc-perug-baci-bijou-fond-200.html">
        <div style="background-image: url('../../cdn.spesati.com/images/products/000111681/baci-perugina-fondente-70-cioccolatini-fondenti-ripieni-al-gianduia-scatola-200g-01.png')">
            <div class="hover"></div>
            
            <div class="stickers"></div>
        </div>
    </a>
    <div>
        <h4><a href="../cioc-perug-baci-bijou-fond-200.html"><b>Cioc Perug Baci Bijou Fond 200</b></a></h4>
        <p class="description">BACI PERUGINA Fondente 70% Cioccolatini Fondenti ripieni al Gianduia Scatola 200g</p>
        <p class="right price"><b>6.99 €</b></p>
        <p class="right unitPrice">34.96 € per kg</p>
    </div>
    <div class="notAvailable">
    <a class="button bgDarkGrey white" href="../cioc-perug-baci-bijou-fond-200.html">Not available</a>
</div>
</div><div class="left product prod139"
        data-name="Cioc Baci Cuore Elegance 100g"
        data-price="7.99"
        data-id="25635"
        data-available="no"
        data-category="4748"
        data-bestselling="">
    <a href="../cioc-baci-cuore-elegance-100g.html">
        <div style="background-image: url('../../cdn.spesati.com/images/products/000111094/baci-perugina-classico-cioccolatini-fondenti-ripieni-al-gianduia-e-nocciole-scatola-cuore-100-g-01.png')">
            <div class="hover"></div>
            
            <div class="stickers"></div>
        </div>
    </a>
    <div>
        <h4><a href="../cioc-baci-cuore-elegance-100g.html"><b>Cioc Baci Cuore Elegance 100g</b></a></h4>
        <p class="description">BACI PERUGINA Classico Cioccolatini Fondenti Ripieni al Gianduia e Nocciole Scatola Cuore 100 g</p>
        <p class="right price"><b>7.99 €</b></p>
        <p class="right unitPrice">79.90 € per kg</p>
    </div>
    <div class="notAvailable">
    <a class="button bgDarkGrey white" href="../cioc-baci-cuore-elegance-100g.html">Not available</a>
</div>
</div><div class="left product prod140"
        data-name="Cioc Baci Cuoricino Eleg 50g"
        data-price="5.99"
        data-id="73870"
        data-available="no"
        data-category="4748"
        data-bestselling="">
    <a href="../cioc-baci-cuoricino-eleg-50g.html">
        <div style="background-image: url('../../cdn.spesati.com/images/products/000111093/baci-perugina-classico-cioccolatini-fondenti-ripieni-al-gianduia-e-nocciole-scatola-cuoricino-50-g-01.png')">
            <div class="hover"></div>
            
            <div class="stickers"></div>
        </div>
    </a>
    <div>
        <h4><a href="../cioc-baci-cuoricino-eleg-50g.html"><b>Cioc Baci Cuoricino Eleg 50g</b></a></h4>
        <p class="description">BACI PERUGINA Classico Cioccolatini Fondenti Ripieni al Gianduia e Nocciole Scatola Cuoricino 50 g</p>
        <p class="right price"><b>5.99 €</b></p>
        <p class="right unitPrice">119.79 € per kg</p>
    </div>
    <div class="notAvailable">
    <a class="button bgDarkGrey white" href="../cioc-baci-cuoricino-eleg-50g.html">Not available</a>
</div>
</div><div class="left product prod141"
        data-name="Cioc Perug Nero Sfoglie 70% 96"
        data-price="3.45"
        data-id="25571"
        data-available="no"
        data-category="4748"
        data-bestselling="">
    <a href="../cioc-perug-nero-sfoglie-70-96.html">
        <div style="background-image: url('../../cdn.spesati.com/images/products/000110649/perugina-nero-sfoglie-sottilissime-70-sfoglie-di-cioccolato-fondente-extra-70-96g-01.png')">
            <div class="hover"></div>
            
            <div class="stickers"></div>
        </div>
    </a>
    <div>
        <h4><a href="../cioc-perug-nero-sfoglie-70-96.html"><b>Cioc Perug Nero Sfoglie 70% 96</b></a></h4>
        <p class="description">PERUGINA NERO Sfoglie sottilissime 70% Sfoglie di cioccolato fondente extra 70% 96g</p>
        <p class="right price"><b>3.45 €</b></p>
        <p class="right unitPrice">35.90 € per kg</p>
    </div>
    <div class="notAvailable">
    <a class="button bgDarkGrey white" href="../cioc-perug-nero-sfoglie-70-96.html">Not available</a>
</div>
</div><div class="left product prod142"
        data-name="Ciocc Novi Africano 200gr"
        data-price="6.71"
        data-id="25570"
        data-available="no"
        data-category="4748"
        data-bestselling="">
    <a href="../ciocc-novi-africano-200gr.html">
        <div style="background-image: url('../../cdn.spesati.com/images/products/000110640/novi-africano-2-x-100-g-01.png')">
            <div class="hover"></div>
            
            <div class="stickers"></div>
        </div>
    </a>
    <div>
        <h4><a href="../ciocc-novi-africano-200gr.html"><b>Ciocc Novi Africano 200gr</b></a></h4>
        <p class="description">Novi Africano 2 x 100 g</p>
        <p class="right price"><b>6.71 €</b></p>
        <p class="right unitPrice">33.53 € per kg</p>
    </div>
    <div class="notAvailable">
    <a class="button bgDarkGrey white" href="../ciocc-novi-africano-200gr.html">Not available</a>
</div>
</div><div class="left product prod143"
        data-name="Ciocc Novi Latte Finissim 100g"
        data-price="1.39"
        data-id="25567"
        data-available="no"
        data-category="4748"
        data-bestselling="">
    <a href="../ciocc-novi-latte-finissim-100g.html">
        <div style="background-image: url('../../cdn.spesati.com/images/products/000110602/novi-al-latte-30-cacao-classico-cioccolato-al-latte-finissimo-100-g-01.png')">
            <div class="hover"></div>
            
            <div class="stickers"></div>
        </div>
    </a>
    <div>
        <h4><a href="../ciocc-novi-latte-finissim-100g.html"><b>Ciocc Novi Latte Finissim 100g</b></a></h4>
        <p class="description">Novi al Latte 30% Cacao Classico Cioccolato al Latte Finissimo 100 g</p>
        <p class="right price"><b>1.39 €</b></p>
        <p class="right unitPrice">13.90 € per kg</p>
    </div>
    <div class="notAvailable">
    <a class="button bgDarkGrey white" href="../ciocc-novi-latte-finissim-100g.html">Not available</a>
</div>
</div><div class="left product prod144"
        data-name="Cioc Perug Baci Bijou Clas 200"
        data-price="6.99"
        data-id="64314"
        data-available="no"
        data-category="4748"
        data-bestselling="">
    <a href="../cioc-perug-baci-bijou-clas-200.html">
        <div style="background-image: url('../../cdn.spesati.com/images/products/000110277/baci-perugina-cioccolatini-fondenti-ripieni-al-gianduia-scatola-200g-01.png')">
            <div class="hover"></div>
            
            <div class="stickers"></div>
        </div>
    </a>
    <div>
        <h4><a href="../cioc-perug-baci-bijou-clas-200.html"><b>Cioc Perug Baci Bijou Clas 200</b></a></h4>
        <p class="description">BACI PERUGINA Cioccolatini Fondenti ripieni al Gianduia Scatola 200g</p>
        <p class="right price"><b>6.99 €</b></p>
        <p class="right unitPrice">34.96 € per kg</p>
    </div>
    <div class="notAvailable">
    <a class="button bgDarkGrey white" href="../cioc-perug-baci-bijou-clas-200.html">Not available</a>
</div>
</div><div class="left product prod145"
        data-name="Perugina Tavoletta Cioccolato Tablo Latte 80 Gr"
        data-price="1.32"
        data-id="5455"
        data-available="no"
        data-category="4748"
        data-bestselling="">
    <a href="../perugina-tavoletta-cioccolato-tablo-latte-80-gr.html">
        <div style="background-image: url('../../cdn.spesati.com/images/products/000110105/perugina-latte-cremoso-tavoletta-di-cioccolato-al-latte-cremoso-80g-01.png')">
            <div class="hover"></div>
            
            <div class="stickers"></div>
        </div>
    </a>
    <div>
        <h4><a href="../perugina-tavoletta-cioccolato-tablo-latte-80-gr.html"><b>Perugina Tavoletta Cioccolato Tablo Latte 80 Gr</b></a></h4>
        <p class="description">PERUGINA Latte Cremoso Tavoletta di cioccolato al latte cremoso 80g</p>
        <p class="right price"><b>1.32 €</b></p>
        <p class="right unitPrice">16.52 € per kg</p>
    </div>
    <div class="notAvailable">
    <a class="button bgDarkGrey white" href="../perugina-tavoletta-cioccolato-tablo-latte-80-gr.html">Not available</a>
</div>
</div><div class="left product prod146"
        data-name="Cioc Dolc Venez Natal Decor 40"
        data-price="3.07"
        data-id="27304"
        data-available="no"
        data-category="4748"
        data-bestselling="">
    <a href="../cioc-dolc-venez-natal-decor-40.html">
        <div style="background-image: url('../../cdn.spesati.com/images/products/missing-image/missing-image.jpg')">
            <div class="hover"></div>
            
            <div class="stickers"></div>
        </div>
    </a>
    <div>
        <h4><a href="../cioc-dolc-venez-natal-decor-40.html"><b>Cioc Dolc Venez Natal Decor 40</b></a></h4>
        <p class="description">0.04 Kg</p>
        <p class="right price"><b>3.07 €</b></p>
        <p class="right unitPrice">76.68 € per kg</p>
    </div>
    <div class="notAvailable">
    <a class="button bgDarkGrey white" href="../cioc-dolc-venez-natal-decor-40.html">Not available</a>
</div>
</div><div class="left product prod147"
        data-name="Praline Vergani Gran Mix 100gr"
        data-price="1.59"
        data-id="81368"
        data-available="no"
        data-category="4748"
        data-bestselling="">
    <a href="../praline-vergani-gran-mix-100gr.html">
        <div style="background-image: url('../../cdn.spesati.com/images/products/missing-image/missing-image.jpg')">
            <div class="hover"></div>
            
            <div class="stickers"></div>
        </div>
    </a>
    <div>
        <h4><a href="../praline-vergani-gran-mix-100gr.html"><b>Praline Vergani Gran Mix 100gr</b></a></h4>
        <p class="description">0.1 Kg</p>
        <p class="right price"><b>1.59 €</b></p>
        <p class="right unitPrice">15.90 € per kg</p>
    </div>
    <div class="notAvailable">
    <a class="button bgDarkGrey white" href="../praline-vergani-gran-mix-100gr.html">Not available</a>
</div>
</div><div class="left product prod148"
        data-name="Praline Vergani Roxy Ass 100gr"
        data-price="1.59"
        data-id="81371"
        data-available="no"
        data-category="4748"
        data-bestselling="">
    <a href="../praline-vergani-roxy-ass-100gr.html">
        <div style="background-image: url('../../cdn.spesati.com/images/products/missing-image/missing-image.jpg')">
            <div class="hover"></div>
            
            <div class="stickers"></div>
        </div>
    </a>
    <div>
        <h4><a href="../praline-vergani-roxy-ass-100gr.html"><b>Praline Vergani Roxy Ass 100gr</b></a></h4>
        <p class="description">0.1 Kg</p>
        <p class="right price"><b>1.59 €</b></p>
        <p class="right unitPrice">15.90 € per kg</p>
    </div>
    <div class="notAvailable">
    <a class="button bgDarkGrey white" href="../praline-vergani-roxy-ass-100gr.html">Not available</a>
</div>
</div><div class="left product prod149"
        data-name="Cioc Dolc Venez Natal Bons 50g"
        data-price="4.61"
        data-id="27402"
        data-available="no"
        data-category="4748"
        data-bestselling="">
    <a href="../cioc-dolc-venez-natal-bons-50g.html">
        <div style="background-image: url('../../cdn.spesati.com/images/products/missing-image/missing-image.jpg')">
            <div class="hover"></div>
            
            <div class="stickers"></div>
        </div>
    </a>
    <div>
        <h4><a href="../cioc-dolc-venez-natal-bons-50g.html"><b>Cioc Dolc Venez Natal Bons 50g</b></a></h4>
        <p class="description">0.05 Kg</p>
        <p class="right price"><b>4.61 €</b></p>
        <p class="right unitPrice">92.10 € per kg</p>
    </div>
    <div class="notAvailable">
    <a class="button bgDarkGrey white" href="../cioc-dolc-venez-natal-bons-50g.html">Not available</a>
</div>
</div><div class="left product prod150"
        data-name="Cioc Dolc Venez Prez Ceram 150"
        data-price="13.94"
        data-id="27403"
        data-available="no"
        data-category="4748"
        data-bestselling="">
    <a href="../cioc-dolc-venez-prez-ceram-150.html">
        <div style="background-image: url('../../cdn.spesati.com/images/products/missing-image/missing-image.jpg')">
            <div class="hover"></div>
            
            <div class="stickers"></div>
        </div>
    </a>
    <div>
        <h4><a href="../cioc-dolc-venez-prez-ceram-150.html"><b>Cioc Dolc Venez Prez Ceram 150</b></a></h4>
        <p class="description">0.15 Kg</p>
        <p class="right price"><b>13.94 €</b></p>
        <p class="right unitPrice">92.93 € per kg</p>
    </div>
    <div class="notAvailable">
    <a class="button bgDarkGrey white" href="../cioc-dolc-venez-prez-ceram-150.html">Not available</a>
</div>
</div><div class="left product prod151"
        data-name="Cioc Ferrero Moncheri T30"
        data-price="7.99"
        data-id="89087"
        data-available="no"
        data-category="4748"
        data-bestselling="">
    <a href="../cioc-ferrero-moncheri-t30.html">
        <div style="background-image: url('../../cdn.spesati.com/images/products/missing-image/missing-image.jpg')">
            <div class="hover"></div>
            
            <div class="stickers"></div>
        </div>
    </a>
    <div>
        <h4><a href="../cioc-ferrero-moncheri-t30.html"><b>Cioc Ferrero Moncheri T30</b></a></h4>
        <p class="description">0.32 Kg</p>
        <p class="right price"><b>7.99 €</b></p>
        <p class="right unitPrice">24.97 € per kg</p>
    </div>
    <div class="notAvailable">
    <a class="button bgDarkGrey white" href="../cioc-ferrero-moncheri-t30.html">Not available</a>
</div>
</div><div class="left product prod152"
        data-name="13978"
        data-price="7.99"
        data-id="89400"
        data-available="no"
        data-category="4748"
        data-bestselling="">
    <a href="../13978.html">
        <div style="background-image: url('../../cdn.spesati.com/images/products/missing-image/missing-image.jpg')">
            <div class="hover"></div>
            
            <div class="stickers"></div>
        </div>
    </a>
    <div>
        <h4><a href="../13978.html"><b>13978</b></a></h4>
        <p class="description">0.1 Kg</p>
        <p class="right price"><b>7.99 €</b></p>
        <p class="right unitPrice">79.90 € per kg</p>
    </div>
    <div class="notAvailable">
    <a class="button bgDarkGrey white" href="../13978.html">Not available</a>
</div>
</div><div class="left product prod153"
        data-name="Praline Peano Miste 200gr"
        data-price="7.45"
        data-id="27605"
        data-available="no"
        data-category="4748"
        data-bestselling="">
    <a href="../praline-peano-miste-200gr.html">
        <div style="background-image: url('../../cdn.spesati.com/images/products/missing-image/missing-image.jpg')">
            <div class="hover"></div>
            
            <div class="stickers"></div>
        </div>
    </a>
    <div>
        <h4><a href="../praline-peano-miste-200gr.html"><b>Praline Peano Miste 200gr</b></a></h4>
        <p class="description">0.2 Kg</p>
        <p class="right price"><b>7.45 €</b></p>
        <p class="right unitPrice">37.25 € per kg</p>
    </div>
    <div class="notAvailable">
    <a class="button bgDarkGrey white" href="../praline-peano-miste-200gr.html">Not available</a>
</div>
</div><div class="left product prod154"
        data-name="Praline Peano Ammentos 200gr"
        data-price="8.06"
        data-id="27607"
        data-available="no"
        data-category="4748"
        data-bestselling="">
    <a href="../praline-peano-ammentos-200gr.html">
        <div style="background-image: url('../../cdn.spesati.com/images/products/missing-image/missing-image.jpg')">
            <div class="hover"></div>
            
            <div class="stickers"></div>
        </div>
    </a>
    <div>
        <h4><a href="../praline-peano-ammentos-200gr.html"><b>Praline Peano Ammentos 200gr</b></a></h4>
        <p class="description">0.2 Kg</p>
        <p class="right price"><b>8.06 €</b></p>
        <p class="right unitPrice">40.30 € per kg</p>
    </div>
    <div class="notAvailable">
    <a class="button bgDarkGrey white" href="../praline-peano-ammentos-200gr.html">Not available</a>
</div>
</div><div class="left product prod155"
        data-name="Cioc Dolc Venez Sant Claus 50"
        data-price="3.86"
        data-id="63696"
        data-available="no"
        data-category="4748"
        data-bestselling="">
    <a href="../cioc-dolc-venez-sant-claus-50.html">
        <div style="background-image: url('../../cdn.spesati.com/images/products/missing-image/missing-image.jpg')">
            <div class="hover"></div>
            
            <div class="stickers"></div>
        </div>
    </a>
    <div>
        <h4><a href="../cioc-dolc-venez-sant-claus-50.html"><b>Cioc Dolc Venez Sant Claus 50</b></a></h4>
        <p class="description">0.05 Kg</p>
        <p class="right price"><b>3.86 €</b></p>
        <p class="right unitPrice">77.15 € per kg</p>
    </div>
    <div class="notAvailable">
    <a class="button bgDarkGrey white" href="../cioc-dolc-venez-sant-claus-50.html">Not available</a>
</div>
</div><div class="left product prod156"
        data-name="Biscottier Dolc Venez Vetr 175"
        data-price="13.93"
        data-id="63699"
        data-available="no"
        data-category="4748"
        data-bestselling="">
    <a href="../biscottier-dolc-venez-vetr-175.html">
        <div style="background-image: url('../../cdn.spesati.com/images/products/missing-image/missing-image.jpg')">
            <div class="hover"></div>
            
            <div class="stickers"></div>
        </div>
    </a>
    <div>
        <h4><a href="../biscottier-dolc-venez-vetr-175.html"><b>Biscottier Dolc Venez Vetr 175</b></a></h4>
        <p class="description">0.18 Kg</p>
        <p class="right price"><b>13.93 €</b></p>
        <p class="right unitPrice">77.40 € per kg</p>
    </div>
    <div class="notAvailable">
    <a class="button bgDarkGrey white" href="../biscottier-dolc-venez-vetr-175.html">Not available</a>
</div>
</div><div class="left product prod157"
        data-name="Cioc Modica Idp Peperoncin 80g"
        data-price="2.19"
        data-id="69072"
        data-available="no"
        data-category="4748"
        data-bestselling="">
    <a href="../cioc-modica-idp-peperoncin-80g.html">
        <div style="background-image: url('../../cdn.spesati.com/images/products/missing-image/missing-image.jpg')">
            <div class="hover"></div>
            
            <div class="stickers"></div>
        </div>
    </a>
    <div>
        <h4><a href="../cioc-modica-idp-peperoncin-80g.html"><b>Cioc Modica Idp Peperoncin 80g</b></a></h4>
        <p class="description">0.08 Kg</p>
        <p class="right price"><b>2.19 €</b></p>
        <p class="right unitPrice">27.38 € per kg</p>
    </div>
    <div class="notAvailable">
    <a class="button bgDarkGrey white" href="../cioc-modica-idp-peperoncin-80g.html">Not available</a>
</div>
</div><div class="left product prod158"
        data-name="Ciocc Unigra' Fond 57% 1kg"
        data-price="11.14"
        data-id="25139"
        data-available="no"
        data-category="4748"
        data-bestselling="">
    <a href="../ciocc-unigra-fond-57-1kg.html">
        <div style="background-image: url('../../cdn.spesati.com/images/products/missing-image/missing-image.jpg')">
            <div class="hover"></div>
            
            <div class="stickers"></div>
        </div>
    </a>
    <div>
        <h4><a href="../ciocc-unigra-fond-57-1kg.html"><b>Ciocc Unigra' Fond 57% 1kg</b></a></h4>
        <p class="description">1 Kg</p>
        <p class="right price"><b>11.14 €</b></p>
        <p class="right unitPrice">11.13 € per kg</p>
    </div>
    <div class="notAvailable">
    <a class="button bgDarkGrey white" href="../ciocc-unigra-fond-57-1kg.html">Not available</a>
</div>
</div><div class="left product prod159"
        data-name="Ciocc Unigra' Fond 72% 1kg"
        data-price="12.72"
        data-id="25140"
        data-available="no"
        data-category="4748"
        data-bestselling="">
    <a href="../ciocc-unigra-fond-72-1kg.html">
        <div style="background-image: url('../../cdn.spesati.com/images/products/missing-image/missing-image.jpg')">
            <div class="hover"></div>
            
            <div class="stickers"></div>
        </div>
    </a>
    <div>
        <h4><a href="../ciocc-unigra-fond-72-1kg.html"><b>Ciocc Unigra' Fond 72% 1kg</b></a></h4>
        <p class="description">1 Kg</p>
        <p class="right price"><b>12.72 €</b></p>
        <p class="right unitPrice">12.73 € per kg</p>
    </div>
    <div class="notAvailable">
    <a class="button bgDarkGrey white" href="../ciocc-unigra-fond-72-1kg.html">Not available</a>
</div>
</div><div class="left product prod160"
        data-name="Ciocc Unigra' Latte 1kg"
        data-price="11.13"
        data-id="25142"
        data-available="no"
        data-category="4748"
        data-bestselling="">
    <a href="../ciocc-unigra-latte-1kg.html">
        <div style="background-image: url('../../cdn.spesati.com/images/products/missing-image/missing-image.jpg')">
            <div class="hover"></div>
            
            <div class="stickers"></div>
        </div>
    </a>
    <div>
        <h4><a href="../ciocc-unigra-latte-1kg.html"><b>Ciocc Unigra' Latte 1kg</b></a></h4>
        <p class="description">1 Kg</p>
        <p class="right price"><b>11.13 €</b></p>
        <p class="right unitPrice">11.13 € per kg</p>
    </div>
    <div class="notAvailable">
    <a class="button bgDarkGrey white" href="../ciocc-unigra-latte-1kg.html">Not available</a>
</div>
</div><div class="left product prod161"
        data-name="Cioc Lussurgesi Abbard 130gr"
        data-price="11.04"
        data-id="25503"
        data-available="no"
        data-category="4748"
        data-bestselling="">
    <a href="../cioc-lussurgesi-abbard-130gr.html">
        <div style="background-image: url('../../cdn.spesati.com/images/products/missing-image/missing-image.jpg')">
            <div class="hover"></div>
            
            <div class="stickers"></div>
        </div>
    </a>
    <div>
        <h4><a href="../cioc-lussurgesi-abbard-130gr.html"><b>Cioc Lussurgesi Abbard 130gr</b></a></h4>
        <p class="description">0.13 Kg</p>
        <p class="right price"><b>11.04 €</b></p>
        <p class="right unitPrice">84.91 € per kg</p>
    </div>
    <div class="notAvailable">
    <a class="button bgDarkGrey white" href="../cioc-lussurgesi-abbard-130gr.html">Not available</a>
</div>
</div><div class="left product prod162"
        data-name="Cioc Lussurgesi Mirto 130gr"
        data-price="11.04"
        data-id="25504"
        data-available="no"
        data-category="4748"
        data-bestselling="">
    <a href="../cioc-lussurgesi-mirto-130gr.html">
        <div style="background-image: url('../../cdn.spesati.com/images/products/missing-image/missing-image.jpg')">
            <div class="hover"></div>
            
            <div class="stickers"></div>
        </div>
    </a>
    <div>
        <h4><a href="../cioc-lussurgesi-mirto-130gr.html"><b>Cioc Lussurgesi Mirto 130gr</b></a></h4>
        <p class="description">0.13 Kg</p>
        <p class="right price"><b>11.04 €</b></p>
        <p class="right unitPrice">84.91 € per kg</p>
    </div>
    <div class="notAvailable">
    <a class="button bgDarkGrey white" href="../cioc-lussurgesi-mirto-130gr.html">Not available</a>
</div>
</div><div class="left product prod163"
        data-name="Ciocc Rovelli Boero 800gr"
        data-price="6.71"
        data-id="73356"
        data-available="no"
        data-category="4748"
        data-bestselling="">
    <a href="../ciocc-rovelli-boero-800gr.html">
        <div style="background-image: url('../../cdn.spesati.com/images/products/missing-image/missing-image.jpg')">
            <div class="hover"></div>
            
            <div class="stickers"></div>
        </div>
    </a>
    <div>
        <h4><a href="../ciocc-rovelli-boero-800gr.html"><b>Ciocc Rovelli Boero 800gr</b></a></h4>
        <p class="description">0.8 Kg</p>
        <p class="right price"><b>6.71 €</b></p>
        <p class="right unitPrice">8.38 € per kg</p>
    </div>
    <div class="notAvailable">
    <a class="button bgDarkGrey white" href="../ciocc-rovelli-boero-800gr.html">Not available</a>
</div>
</div>        </div>
    </div>
</section>
<div class="footer">
    <div class="bgDarkGrey"></div>
    <footer>
        <div class="left bgDarkGrey">
            <a id="logoFooter" href="../index.html" class="estDynamic">
                <img src="../../cdn.spesati.com/images/layout/logo-eng.png" alt="Spesati.com" />
                <h2 class="red">Grocery Delivery</h2>
            </a>
            <a class="button bgRed white mobile" href="tel:390707968318">Phone order</a>
            <a class="button bgRed white desktop" href="../news/2020-04-07/news-on-spesati-the-telephone-order-service-is-active.html">Phone order</a>
            <a class="button bgRed white" href="../cdn-cgi/l/email-protection.html#4b22252d240b383b2e382a3f2265282426">Send mail</a>
            <div id="social">
                <a class="left" href="https://www.facebook.com/spesati/" rel="external" target="_blank">
                    <span class="facebook bgRed fa-stack fa-lg">
                        <i class="fa fa-facebook fa-stack-1x "></i>
                    </span>
                </a>
                <a class="right" href="https://twitter.com/spesati" rel="external" target="_blank">
                    <span class="twitter bgRed fa-stack fa-lg">
                        <i class="fa fa-twitter fa-stack-1x "></i>
                    </span>
                </a>
            </div>
            <p>Copyright 2024 Spesati.com </p>
            
                    <p>All rights reserved</p>
                    <p>SPESATI SRL</p>
                    <p>Corso Vittorio Veneto 15/I, 07026, Olbia</p>
                    <p>CF e P.Iva: 02772380909</p>
                        </div>
        <div class="center bgRed">
            <div class="top">
                <h3>Categories</h3>
                <div class="col">
                    <ul>
                        <li>
                            <a href="#" class="estDynamic">On sale</a>
                        </li>
                        <li>
                            <a href="../fruit-and-vegetables.html" class="estDynamic">Fruit and vegetables</a>
                        </li>
                        <li>
                            <a href="../fresh-products.html" class="estDynamic">Fresh products</a>
                        </li>
                        <li>
                            <a href="../frozen-foods.html" class="estDynamic">Frozen foods</a>
                        </li>
                        <li>
                            <a href="../bread-and-pasta.html" class="estDynamic">Bread and pasta</a>
                        </li>
                        <li>
                            <a href="../meat.html" class="estDynamic">Meat</a>
                        </li>
                        <li>
                            <a href="../fish.html" class="estDynamic">Fish</a>
                        </li>
                    </ul>
                </div>
                <div class="col">
                    <ul>
                        <li>
                            <a href="../wine-beer-and-spirits.html" class="estDynamic">Wine beer and spirits</a>
                        </li>
                        <li>
                            <a href="../water-and-drinks.html" class="estDynamic">Water and drinks</a>
                        </li>
                        <li>
                            <a href="../sweets.html" class="estDynamic">Sweets</a>
                        </li>
                        <li>
                            <a href="../shelf.html" class="estDynamic">Cupboard</a>
                        </li>
                        <li>
                            <a href="../personal-care.html" class="estDynamic">Personal care</a>
                        </li>
                        <li>
                            <a href="../household-and-outdoors.html" class="estDynamic">Home and outdoors</a>
                        </li>
                        <li>
                            <a href="../pet.html" class="estDynamic">Pets</a>
                        </li>
                    </ul>
                </div>
                <div class="col">
                    <ul>
                        <li>
                            <a href="../technology.html" class="estDynamic">Technology</a>
                        </li>
                        <li>
                            <a href="../gluten-free.html" class="estDynamic">Gluten free</a>
                        </li>
                        <li>
                            <a href="../lactose-free.html" class="estDynamic">Lactose free</a>
                        </li>
                        <li>
                            <a href="../special.html" class="estDynamic">Special</a>
                        </li>
                        <li>
                            <a href="../sardinian-products.html" class="estDynamic">Sardinian products</a>
                        </li>
                    </ul>
                </div>
            </div>
            <div class="bottom bgRed">
                <div class="left">
                    <h3>Delivery payment</h3>
                    <div>
                        <i class="fa fa-money fa-3x" aria-hidden="true"></i>
                        <p>Cash</p>
                    </div>
                    <div>
                        <i class="fa fa-credit-card fa-3x" aria-hidden="true"></i>
                        <p>Bancomat or card</p>
                    </div>
                </div>
                <div class="right">
                    <h3>Online payment</h3>
                    <div>
                        <i class="fa fa-credit-card fa-3x" aria-hidden="true"></i>
                        <p>Credit or debit card <span class="red">online</span></p>
                    </div>
                    <div>
                        <i class="fa fa-paypal fa-3x" aria-hidden="true"></i>
                        <p>PayPal</p>
                    </div>
                    <div>
                        <i class="fa fa-university fa-3x" aria-hidden="true"></i>
                        <p>Bank transfer</p>
                    </div>
                </div>
            </div>
        </div>
        <div class="right bgRed">
            <div>
                <i class="fa fa-truck fa-flip-horizontal"></i>
                <a class="button bgYellow white" href="../delivery-prices.html">Delivery prices</a>
                
                    <h3>Home delivery:</h3>
                    <p><b>Monday to Saturday</b></p>
                    <p><b>9:00 to 20:00</b></p>
                    <p><b>Minimum order:</b> 29€</p>
                    <p><b>Delivery starting from:</b> 3,50€</p>
                            </div>
            <ul>
                <li>
                    <a href="../delivery-prices.html">Delivery prices</a>
                </li>
                <li>
                    <a href="../about.html">About</a>
                </li>
                <li>
                    <a href="../faq.html">Faq</a>
                </li>
                <li>
                    <a href="../customer-care.html">Support</a>
                </li>
                <li>
                    <a href="../news.html">Blog</a>
                </li>
                <li>
                    <a href="../terms-and-conditions.html">Conditions</a>
                </li>
                <li>
                    <a href="../privacy-policy.html">Privacy policy</a>
                </li>
                <li>
                    <a href="../legal-warranty.html">Legal guarantee</a>
                </li>
            </ul>
        </div>
    </footer>
    <div class="bgRed"></div>
</div>
<!--Start of Tawk.to Script-->
<script data-cfasync="false" src="../cdn-cgi/scripts/5c5dd728/cloudflare-static/email-decode.min.js"></script><script type="text/javascript">
var Tawk_API=Tawk_API||{}, Tawk_LoadStart=new Date();
(function(){
var s1=document.createElement("script"),s0=document.getElementsByTagName("script")[0];
s1.async=true;
s1.src='https://embed.tawk.to/59e86945c28eca75e4626ed9/default';
s1.charset='UTF-8';
s1.setAttribute('crossorigin','*');
s0.parentNode.insertBefore(s1,s0);
})();
</script>
<!--End of Tawk.to Script-->

<!-- Here are parked a few translatable strings, useful for Javascript rendering -->
<div id="js-texts" hidden>
    <input type="hidden" name="save_cart_notice" value="Saving your cart it will be possible to reload it next time you come for shopping">
    <input type="hidden" name="save_cart_notice_title" value="Want to save your cart?">
    <input type="hidden" name="save_cart_ok" value="Save">
    <input type="hidden" name="save_cart_ko" value="Don't Save">
    <input type="hidden" name="reload_cart" value="The Reload Order function allows you to top up your last cart to make a New Order. Warning: do not use this function to add products to the last order. At this time it is not possible to modify an order placed previously.">
</div>

<!-- new site and login popup -->
</body>
<!-- Mirrored from www.spesati.com/sweets/chocolate by HTTrack Website Copier/3.x [XR&CO'2014], Fri, 23 Feb 2024 18:33:21 GMT -->
</html>