<!DOCTYPE html><html lang="en">
<!-- Mirrored from www.spesati.com/sweets/dessert-toppings by HTTrack Website Copier/3.x [XR&CO'2014], Fri, 23 Feb 2024 18:33:35 GMT -->
<!-- Added by HTTrack --><meta http-equiv="content-type" content="text/html;charset=utf-8" /><!-- /Added by HTTrack -->
<head>
    <title>Dessert toppings - Sweets - Spesati.com</title>
    <meta http-equiv="Content-Type" content="text/html; charset=UTF-8" />
    <meta name="description" content="" />
    <meta name="keywords" content="" />
    <link href="../images/favicon.ico" rel="shortcut icon" type="image/x-icon" />
    <meta name="author" content="www.dodify.com" /><link rel="canonical" href="dessert-toppings.html" /><link rel="alternate" hreflang="en" href="dessert-toppings.html" /><link rel="alternate" hreflang="it" href="https://www.spesati.it/dolci/guarnizione-dolci" /><link href="../../cdnjs.cloudflare.com/ajax/libs/meyer-reset/2.0/reset.min.css" rel="stylesheet" type="text/css" /><link href="../../cdnjs.cloudflare.com/ajax/libs/font-awesome/6.5.1/css/all.min.css" rel="stylesheet" type="text/css" /><link href="https://fonts.googleapis.com/css?family=Montserrat:400,700" rel="stylesheet" type="text/css" /><link href="../../cdnjs.cloudflare.com/ajax/libs/fancybox/2.1.5/jquery.fancybox.min.css" rel="stylesheet" type="text/css" /><link href="../style/mainbea6.css?v=7" rel="stylesheet" type="text/css" /><link href="../style/lightslider.css" rel="stylesheet" type="text/css" /><link href="../style/categories.css" rel="stylesheet" type="text/css" /><script src="../../cdnjs.cloudflare.com/ajax/libs/jquery/3.6.1/jquery.min.js" type="text/javascript"></script><script src="../../ajax.googleapis.com/ajax/libs/jquery/1.11.0/jquery.min.js" type="text/javascript"></script><script src="http://unpkg.com/@floating-ui/core@0.4.0" type="text/javascript"></script><script src="http://unpkg.com/@floating-ui/dom@0.2.0" type="text/javascript"></script><script src="../../cdnjs.cloudflare.com/ajax/libs/fancybox/2.1.5/jquery.fancybox.min.js" type="text/javascript"></script><script src="../js/menu.js" type="text/javascript"></script><script src="../js/interfaceb6f5.js?v=10" type="text/javascript"></script><script src="../js/spesati.lightslider.min.js" type="text/javascript"></script><meta name="viewport" content="width=device-width, initial-scale=1, maximum-scale=1" /><meta name = "format-detection" content = "telephone=no">
<!-- Facebook Pixel Code -->
<script>
  !function(f,b,e,v,n,t,s)
  {if(f.fbq)return;n=f.fbq=function(){n.callMethod?
  n.callMethod.apply(n,arguments):n.queue.push(arguments)};
  if(!f._fbq)f._fbq=n;n.push=n;n.loaded=!0;n.version='2.0';
  n.queue=[];t=b.createElement(e);t.async=!0;
  t.src=v;s=b.getElementsByTagName(e)[0];
  s.parentNode.insertBefore(t,s)}(window, document,'script',
  '../../connect.facebook.net/en_US/fbevents.js');
  fbq('init', '792335014180667');
  fbq('track', 'PageView');
</script>
<noscript>
    <img height="1" width="1" style="display:none" src="https://www.facebook.com/tr?id=792335014180667&amp;ev=PageView&amp;noscript=1" />
</noscript>
<!-- End Facebook Pixel Code -->

<!-- GA4 -->
<script async src="https://www.googletagmanager.com/gtag/js?id=G-SSS6NRNXL0"></script>
<script>
  window.dataLayer = window.dataLayer || [];
  function gtag(){dataLayer.push(arguments);}
  gtag('js', new Date());
  gtag('config', 'AW-976671669');
  gtag('config', 'G-SSS6NRNXL0');
</script>
<!-- Elements for PWA deploy -->
<link rel="manifest" href="../manifest.json">
<meta name="theme-color" media="(prefers-color-scheme: light)" content="white">
<meta name="theme-color" media="(prefers-color-scheme: dark)"  content="black">
<link href=../images/icon-192.png rel=apple-touch-icon sizes="192x192">
<!-- Establishment logic -->
<script>var pageEstablishment = "Olbia"; var estDefaultPages = true</script>
    <!--[if lt IE 9]>
        <script src="https://cdnjs.cloudflare.com/ajax/libs/html5shiv/3.7.3/html5shiv.min.js" type="text/javascript"></script>
    <![endif]--><script type="text/javascript">
$(document).ready(function() {
    // Check if exists cookie
    if(document.cookie.indexOf("cookieAccepted") < 0) {
        var cookieText = '<div id=\"cookie\"><p>This site uses cookies. Cookies are used for ads personalisation. <a href=\"/privacy-policy\">More info</a></p><button id=\"cookieConsent\" type=\"button\">Accept</button></div>';
        $("body").append($(
            cookieText
        ));
        $('#cookie').css({
            'width'           : '100%',
            'text-align'      : 'center',
            'color'           : '#FFFFFF',
            'background-color': '#000000', 
            'opacity'         : '.8', 
            'position'        : 'fixed', 
            'bottom'          : '0',
            'padding'         : '.5em 0',
            'z-index'         : '999'
        });
        $('#cookie > *').css({
            'display': 'inline'
        });
        $('#cookie a').css({
            'color'          : '#FFFFFF',
            'text-decoration': 'underline',
            'margin-right'   : '2%'
        });
        $('#cookieConsent').click(function() {
            // Set cookie
            var expiry = new Date();
            expiry.setTime(expiry.getTime() + (365 * 24 * 60 * 60 * 1000));
            document.cookie = "cookieAccepted=yes; expires=" + expiry.toGMTString() + "; path=/; domain=.spesati.com";
            $('#cookie').css({'display': 'none'});
        });
    }
});
</script></head><body><script type="text/javascript">
    var addText = "Add";
    var slider  = null;
    $(document).ready(function() {
        slider = $('#cartSlider').lightSlider({
            controls: false,
            item:13,
            loop:false,
            slideMove:1,
            easing: 'cubic-bezier(0.25, 0, 0.25, 1)',
            speed:600,
            responsive : [
                {
                    breakpoint:1400,
                    settings: {
                        item:12,
                        slideMove:1,
                    }
                },
                {
                    breakpoint:1200,
                    settings: {
                        item:11,
                        slideMove:1,
                    }
                },
                {
                    breakpoint:1080,
                    settings: {
                        item:14,
                        slideMove:1,
                    }
                },
                {
                    breakpoint:800,
                    settings: {
                        item:12,
                        slideMove:1,
                    }
                }
            ]
        });
        $('.lSPager').css("display","none");
        $('.lSAction').css("display","block");
        $('#goToPrevSlide').on('click', function () {
            slider.goToPrevSlide();
        });
        $('#goToNextSlide').on('click', function () {
            slider.goToNextSlide();
        });
    });

</script>
<div id="header" class="bgYellow">
    <header>
        <a class="menu" href="#"><i class="fa red fa-bars fa-2x"></i></a>
        <a id="logo" class="colLeft estDynamic" href="../index.html">
            <img src="../../cdn.spesati.com/images/layout/logo-eng.png" alt="Spesati.com" />
            <h2 class="red">Grocery Delivery</h2>
        </a>
        <div class="colRight">
            <div id="controls" class="right">
                <p id="establishmentControls">
                    <span class="establishmentWarning"><i class="fa-solid fa-triangle-exclamation red" title="Stai visualizzando i prodotti disponibili in una zona diversa. Se vuoi cambiare zona, cliccan qui"></i>&nbsp;&nbsp;</span>
                    Shopping from <b><a id="establishment" href="#"></a></b> <span id="estAddress">for </span> <a href="../change-establishment.html">(<i class="fa-solid fa-pencil"></i> Change)</a> <span class="establishmentWarning">but viewing <b>Olbia</b></span>
                </p>
                <p><a href="https://www.spesati.it/dolci/guarnizione-dolci" class="black switch-site">Versione italiana</a></p>                
            </div>
            <div>
                <form id="search" action="https://www.spesati.com/search" method="post" class="left">
                    <fieldset>
                        <div>
                            <input type="text" name="searchBox" id="searchBox" placeholder="Search for a product"></input>
                            <input id="searchButton" type="submit" name="searchButton" class="button bgRed white left" value="Find" />
                        </div>
                    </fieldset>
                </form>
                <div class="center left">
                    <a class="button bgRed white log-in" href="../login.html">Login</a>
                    <a class="button bgRed white sign-up" href="../sign-up.html">Sign up</a>
                    <a class="button bgRed white profile" href="../profile.html">Profile</a>
                    <a class="button bgRed white log-out" href="../index.html" data-endpoint-check-cart="https://api.spesati.com/cart/check">Logout</a>
                </div>
                <div class="right user-function-icons">
                    <a class="red left account"><i class="fa fa-user fa-3x"></i></a>
                    <div id="dropdown">
                        <a class="log-in button bgRed white" href="../login.html">Login</a>
                        <a class="sign-up button bgRed white" href="../sign-up.html">Sign up</a>
                        <a class="profile button bgRed white" href="../profile.html">Profile</a>
                        <a class="log-out button bgRed white" href="../index.html">Logout</a>
                    </div>

                    <div class="cart left">
                        <i class="fa fa-sm fa-shopping-cart red" aria-hidden="true" id="shipping-cart-button"></i>
                        <p id="cartQuantity"></p>
                    </div>

                    <a class="right" href="../cart.html"><p class="black" id="cartTotal"></p></a>
                </div>
            </div>
                            <div id="previewCart">
                    <i id="goToPrevSlide" class="yellow fa fa-angle-left fa-2x" aria-hidden="true"></i>
                    <div><ul id="cartSlider"></ul></div>
                    <i id="goToNextSlide" class="yellow fa fa-angle-right fa-2x" aria-hidden="true"></i>
                </div>
                    </div>
    </header>

    <div id="shipping-cart-options" data-inited="false">
        <a href="../cart.html" class="goto-cart">checkout</a>
        <a href="#" data-endpoint-auth="https://api.spesati.com/cart/save" data-endpoint-noauth="/login" class="save-cart">save</a>
        <a href="#" data-endpoint-auth="https://api.spesati.com/cart/load" class="load-cart">load</a>
    </div>
</div>
<div id="menuCategoriesMobile" class="mobile bgRed">
    <div class="closeMenu">
        <i class="fa fa-times fa-2x white"></i>
        Close
    </div>
    <ul class="bgRed white">
        <div id="langMobile" class="right">
        <a href="https://www.spesati.it/dolci/guarnizione-dolci" class="white switch-site"><p>Versione italiana</p></a>    </div>
        <li><a>Categories</a>
            <ul class="bgWhite">
                <li>
                    <img src="../../cdn.spesati.com/images/menu/on-sale.png"/>
                    On sale                    <i class="fa fa-angle-down" aria-hidden="true"></i>
                    <ul class="sub-menu">
                    <li>
    <a href="../tacchino-fesa-a-fette.html">Tacchino Fesa A Fette</a>
</li><li>
    <a href="../amaro-montenegro-15lt.html">Amaro Montenegro 1,5lt</a>
</li><li>
    <a href="../carbone-di-legna-sacco-10kg.html">Carbone Di Legna Sacco 10Kg</a>
</li><li>
    <a href="../filu-e-ferru-silvio-carta-70cl.html">Filu E Ferru Silvio Carta 70Cl</a>
</li><li>
    <a href="../braciole-suino-con-cotenna.html">Braciole Suino Con Cotenna</a>
</li><li>
    <a href="../bovino-adulto-polpa.html">Bovino Adulto Polpa</a>
</li><li>
    <a href="../vino-la-palma-cannonau-le-bombarde.html">Vino La Palma Cannonau Le Bombarde</a>
</li><li>
    <a href="../fettine-sceltissime-bovino-adulto.html">Fettine Sceltissime Bovino Adulto</a>
</li><li>
    <a href="../suino-fettine-scelte.html">Suino Fettine Scelte</a>
</li><li>
    <a href="../lavazza-caffe-qualita-rossa-2x250gr.html">Lavazza Caffé Qualità Rossa 2x250gr</a>
</li>                        <li>
                            <a class="estDynamic" href="../on-offer.html">All products on sale</a>
                        </li>
                    </ul>
                </li>
                <li>
                    <img src="../../cdn.spesati.com/images/menu/gift.png"/>
                    Gifts                    <i class="fa fa-angle-down" aria-hidden="true"></i>
                    <ul class="sub-menu">
                        <li>
    <a href="../gift-card-da-150.html">Gift Card Da 150</a>
</li><li>
    <a href="../gift-card-da-100.html">Gift Card Da 100</a>
</li><li>
    <a href="../gift-card-da-50.html">Gift Card Da 50</a>
</li><li>
    <a href="../gift-card-da-25.html">Gift Card Da 25</a>
</li>                        <li>
                            <a class="estDynamic" href="../gift.html">All products in the gifts category</a>
                        </li>
                    </ul>
                </li>
                <li>
                    <img src="../../cdn.spesati.com/images/menu/gift-card.png"/>
                    Gift card and discounts                    <i class="fa fa-angle-down" aria-hidden="true"></i>
                    <ul class="sub-menu">
                        <li>
    <a href="../gift-card-da-150.html">Gift Card Da 150</a>
</li><li>
    <a href="../gift-card-da-100.html">Gift Card Da 100</a>
</li><li>
    <a href="../gift-card-da-50.html">Gift Card Da 50</a>
</li><li>
    <a href="../gift-card-da-25.html">Gift Card Da 25</a>
</li>                    </ul>
                </li>
                <li>
                    <img src="../../cdn.spesati.com/images/menu/fuit-and-vegetables.png"/>
                    Fruit and vegetables                    <i class="fa fa-angle-down" aria-hidden="true"></i>
                    <ul class="sub-menu">
                        <li>
                            <a class="estDynamic" href="../fruit-and-vegetables/pulses-and-beans.html">Cereals and pulses and beans</a>
                        </li>
                        <li>
                            <a class="estDynamic" href="../fruit-and-vegetables/fruit.html">Fruit</a>
                        </li>
                        <li>
                            <a class="estDynamic" href="../fruit-and-vegetables/canned-fruit.html">Canned fruit</a>
                        </li>
                        <li>
                            <a class="estDynamic" href="../fruit-and-vegetables/dried-fruit.html">Dried fruit</a>
                        </li>
                        <li>
                            <a class="estDynamic" href="../fruit-and-vegetables/ready-salads.html">Ready salads</a>
                        </li>
                        <li>
                            <a class="estDynamic" href="../fruit-and-vegetables/fresh-spices.html">Fresh spices</a>
                        </li>
                        <li>
                            <a class="estDynamic" href="../fruit-and-vegetables/vegetables.html">Vegetables and soy</a>
                        </li>
                    </ul>
                </li>
                <li>
                    <img src="../../cdn.spesati.com/images/menu/fresh-products.png"/>
                    Fresh products                    <i class="fa fa-angle-down" aria-hidden="true"></i>
                    <ul class="sub-menu">
                        <li>
                            <a class="estDynamic" href="../fresh-products/margarine-and-butter.html">Butter and margarine</a>
                        </li>
                        <li>
                            <a class="estDynamic" href="../fresh-products/danone.html">Danone</a>
                        </li>
                        <li>
                            <a class="estDynamic" href="../fresh-products/dessert.html">Dessert</a>
                        </li>
                        <li>
                            <a class="estDynamic" href="../fresh-products/sweets.html">Sweets</a>
                        </li>
                        <li>
                            <a class="estDynamic" href="../fresh-products/dairy-products.html">Dairy product</a>
                        </li>
                        <li>
                            <a class="estDynamic" href="../fresh-products/bakery.html">Yeast</a>
                        </li>
                        <li>
                            <a class="estDynamic" href="../fresh-products/mascarpone.html">Mascarpone</a>
                        </li>
                        <li>
                            <a class="estDynamic" href="../fresh-products/snacks.html">Snacks</a>
                        </li>
                        <li>
                            <a class="estDynamic" href="../fresh-products/mozzarella.html">Mozzarella</a>
                        </li>
                        <li>
                            <a class="estDynamic" href="../fresh-products/pasta.html">Pasta</a>
                        </li>
                        <li>
                            <a class="estDynamic" href="../fresh-products/pesto-and-sauces.html">Pesto and sauces</a>
                        </li>
                        <li>
                            <a class="estDynamic" href="../fresh-products/ricotta-and-cheese.html">Ricotta and cheese</a>
                        </li>
                        <li>
                            <a class="estDynamic" href="../fresh-products/cured-meat.html">Cured meat</a>
                        </li>
                        <li>
                            <a class="estDynamic" href="../fresh-products/wurstel.html">Würstel</a>
                        </li>
                        <li>
                            <a class="estDynamic" href="../fresh-products/yogurt.html">Yogurt</a>
                        </li>
                    </ul>
                </li>
                <li>
                    <img src="../../cdn.spesati.com/images/menu/frozen-foods.png"/>
                    Frozen foods                    <i class="fa fa-angle-down" aria-hidden="true"></i>
                    <ul class="sub-menu">
                        <li>
                            <a class="estDynamic" href="../frozen-foods/meat.html">Meat</a>
                        </li>
                        <li>
                            <a class="estDynamic" href="../frozen-foods/ice-creams.html">Ice cream and sweet</a>
                        </li>
                        <li>
                            <a class="estDynamic" href="../frozen-foods/pasta.html">Pasta</a>
                        </li>
                        <li>
                            <a class="estDynamic" href="../frozen-foods/fish.html">Fish</a>
                        </li>
                        <li>
                            <a class="estDynamic" href="../frozen-foods/ready-meals.html">Ready meals</a>
                        </li>
                        <li>
                            <a class="estDynamic" href="../frozen-foods/pizzas.html">Pizzas</a>
                        </li>
                        <li>
                            <a class="estDynamic" href="../frozen-foods/vegetables.html">Vegetables and soy</a>
                        </li>
                    </ul>
                </li>
                <li>
                    <img src="../../cdn.spesati.com/images/menu/bread-and-pasta.png"/>
                    Bread and pasta                    <i class="fa fa-angle-down" aria-hidden="true"></i>
                    <ul class="sub-menu">
                        <li>
                            <a class="estDynamic" href="../bread-and-pasta/crackers.html">Crackers</a>
                        </li>
                        <li>
                            <a class="estDynamic" href="../bread-and-pasta/rusks.html">Rusks</a>
                        </li>
                        <li>
                            <a class="estDynamic" href="../bread-and-pasta/white-bread.html">White bread</a>
                        </li>
                        <li>
                            <a class="estDynamic" href="../bread-and-pasta/local-bread.html">Local bread</a>
                        </li>
                        <li>
                            <a class="estDynamic" href="../bread-and-pasta/soft-bread.html">Soft bread</a>
                        </li>
                        <li>
                            <a class="estDynamic" href="../bread-and-pasta/sardinian-bread.html">Sardinian bread</a>
                        </li>
                        <li>
                            <a class="estDynamic" href="../bread-and-pasta/bakery.html">Bakery</a>
                        </li>
                        <li>
                            <a class="estDynamic" href="../bread-and-pasta/pasta.html">Pasta</a>
                        </li>
                        <li>
                            <a class="estDynamic" href="../bread-and-pasta/fresh-pasta.html">Fresh pasta</a>
                        </li>
                    </ul>
                </li>
                <li>
                    <img src="../../cdn.spesati.com/images/menu/meat.png"/>
                    Meat                    <i class="fa fa-angle-down" aria-hidden="true"></i>
                    <ul class="sub-menu">
                        <li>
                            <a class="estDynamic" href="../meat/beef.html">Beef</a>
                        </li>
                        <li>
                            <a class="estDynamic" href="../meat/goat.html">Goat</a>
                        </li>
                        <li>
                            <a class="estDynamic" href="../meat/packaged-meat.html">Packaged meat</a>
                        </li>
                        <li>
                            <a class="estDynamic" href="../meat/rabbit.html">Rabbit</a>
                        </li>
                        <li>
                            <a class="estDynamic" href="../meat/horse.html">Horse</a>
                        </li>
                        <li>
                            <a class="estDynamic" href="../meat/pork.html">Pork</a>
                        </li>
                        <li>
                            <a class="estDynamic" href="../meat/lamb.html">Lamb</a>
                        </li>
                        <li>
                            <a class="estDynamic" href="../meat/poultry.html">Poultry</a>
                        </li>
                    </ul>
                </li>
                <li>
                    <img src="../../cdn.spesati.com/images/menu/fish.png"/>
                    Fish                    <i class="fa fa-angle-down" aria-hidden="true"></i>
                    <ul class="sub-menu">
                        <li>
                            <a class="estDynamic" href="../fish/fresh-water.html">Fresh water</a>
                        </li>
                        <li>
                            <a class="estDynamic" href="../fish/salt-water.html">Salt water</a>
                        </li>
                        <li>
                            <a class="estDynamic" href="../fish/mussels.html">Mussels</a>
                        </li>
                        <li>
                            <a class="estDynamic" href="../fish/dried-and-salted.html">Dried and salted</a>
                        </li>
                        <li>
                            <a class="estDynamic" href="../fish/seafood-salad.html">Seafood salad</a>
                        </li>
                        <li>
                            <a class="estDynamic" href="../fish/prepared.html">Prepared</a>
                        </li>
                        <li>
                            <a class="estDynamic" href="../fish/specialty.html">Specialty</a>
                        </li>   
                        <li>
                            <a class="estDynamic" href="../fish/tuna-and-salmon.html">Tuna and salmon</a>
                        </li>
                    </ul>
                </li>
                <li>
                    <img src="../../cdn.spesati.com/images/menu/alcohol.png"/>
                    Wine beer and spirits                    <i class="fa fa-angle-down" aria-hidden="true"></i>
                    <ul class="sub-menu">
                        <li>
                            <a class="estDynamic" href="../wine-beer-and-spirits/spirits-and-liquors.html">Alcohol</a>
                        </li>
                        <li>
                            <a class="estDynamic" href="../wine-beer-and-spirits/bitters.html">Bitters</a>
                        </li>
                        <li>
                            <a class="estDynamic" href="../wine-beer-and-spirits/aperatif.html">Aperatifs</a>
                        </li>
                        <li>
                            <a class="estDynamic" href="../wine-beer-and-spirits/beer.html">Beer</a>
                        </li>
                        <li>
                            <a class="estDynamic" href="../wine-beer-and-spirits/creams.html">Creams</a>
                        </li>
                        <li>
                            <a class="estDynamic" href="../wine-beer-and-spirits/spirits.html">Spirits</a>
                        </li>
                        <li>
                            <a class="estDynamic" href="../wine-beer-and-spirits/liquors.html">Liquors</a>
                        </li>
                        <li>
                            <a class="estDynamic" href="../wine-beer-and-spirits/white-wine.html">White wine</a>
                        </li>
                        <li>
                            <a class="estDynamic" href="../wine-beer-and-spirits/prosecco-wine.html">Prosecco wine</a>
                        </li>
                        <li>
                            <a class="estDynamic" href="../wine-beer-and-spirits/rose-wine.html">Rose wine</a>
                        </li>
                        <li>
                            <a class="estDynamic" href="../wine-beer-and-spirits/red-wine.html">Red wine</a>
                        </li>
                        <li>
                            <a class="estDynamic" href="../wine-beer-and-spirits/specialty-wine.html">Special wine</a>
                        </li>
                        <li>
                            <a class="estDynamic" href="../wine-beer-and-spirits/sparkling-wine.html">Sparkling wine</a>
                        </li>
                        <li>
                            <a class="estDynamic" href="../wine-beer-and-spirits/vermentino-wine.html">Vermentino wine</a>
                        </li>
                    </ul>
                </li>
                <li>
                    <img src="../../cdn.spesati.com/images/menu/water-and-drinks.png"/>
                    Water and drinks                    <i class="fa fa-angle-down" aria-hidden="true"></i>
                    <ul class="sub-menu">
                        <li>
                            <a class="estDynamic" href="../water-and-drinks/san-martino.html">San Martino</a>
                        </li>
                        <li>
                            <a class="estDynamic" href="../water-and-drinks/water.html">Water</a>
                        </li>
                        <li>
                            <a class="estDynamic" href="../water-and-drinks/alpro.html">Alpro</a>
                        </li>
                        <li>
                            <a class="estDynamic" href="../water-and-drinks/fizzy-drinks.html">Fizzy drinks</a>
                        </li>
                        <li>
                            <a class="estDynamic" href="../water-and-drinks/coca-cola.html">Coca-Cola</a>
                        </li>
                        <li>
                            <a class="estDynamic" href="../water-and-drinks/energy-drink.html">Energy drink</a>
                        </li>
                        <li>
                            <a class="estDynamic" href="../water-and-drinks/syrups.html">Syrups</a>
                        </li>
                        <li>
                            <a class="estDynamic" href="../water-and-drinks/supplements.html">Supplements</a>
                        </li>
                        <li>
                            <a class="estDynamic" href="../water-and-drinks/instant-drinks.html">Instant drinks</a>
                        </li>
                        <li>
                            <a class="estDynamic" href="../water-and-drinks/juice.html">Juice</a>
                        </li>
                        <li>
                            <a class="estDynamic" href="../water-and-drinks/tea.html">Tea</a>
                        </li>
                    </ul>
                </li>
                <li>
                    <img src="../../cdn.spesati.com/images/menu/sweets.png"/>
                    Sweets                    <i class="fa fa-angle-down" aria-hidden="true"></i>
                    <ul class="sub-menu">
                        <li>
                            <a class="estDynamic" href="bars-and-snacks.html">Bars and snacks</a>
                        </li>
                        <li>
                            <a class="estDynamic" href="biscuits.html">Biscuits</a>
                        </li>
                        <li>
                            <a class="estDynamic" href="brioches.html">Brioches</a>
                        </li>
                        <li>
                            <a class="estDynamic" href="candy-and-chewing-gum.html">Candy and chewing gum</a>
                        </li>
                        <li>
                            <a class="estDynamic" href="cereals.html">Cereals</a>
                        </li>
                        <li>
                            <a class="estDynamic" href="chocolate.html">Chocolate</a>
                        </li>
                        <li>
                            <a class="estDynamic" href="spreadable-creams.html">Spreads</a>
                        </li>
                        <li>
                            <a class="estDynamic" href="dessert-toppings.html">Dessert toppings</a>
                        </li>
                        <li>
                            <a class="estDynamic" href="jam.html">Jam</a>
                        </li>
                        <li>
                            <a class="estDynamic" href="honey.html">Honey</a>
                        </li>
                        <li>
                            <a class="estDynamic" href="panettoni-and-pandoro.html">Panettone and pandoro</a>
                        </li>
                        <li>
                            <a class="estDynamic" href="pastry.html">Pastry</a>
                        </li>
                        <li>
                            <a class="estDynamic" href="instant-dessert.html">Prepared</a>
                        </li>
                        <li>
                            <a class="estDynamic" href="cakes-and-pies.html">Cakes and pies</a>
                        </li>
                        <li>
                            <a class="estDynamic" href="easter-eggs-and-doves.html">Easter eggs and doves</a>
                        </li>
                    </ul>
                </li>
                <li>
                    <img src="../../cdn.spesati.com/images/menu/shelf.png"/>
                    Cupboard                    <i class="fa fa-angle-down" aria-hidden="true"></i>
                    <ul class="sub-menu">
                        <li>
                            <a class="estDynamic" href="../shelf/coffee.html">Coffee</a>
                        </li>
                        <li>
                            <a class="estDynamic" href="../shelf/gift-baskets.html">Gift baskets</a>
                        </li>
                        <li>
                            <a class="estDynamic" href="../shelf/stock-cubes.html">Nuts and preparations</a>
                        </li>
                        <li>
                            <a class="estDynamic" href="../shelf/flour-and-baking.html">Flour and baking</a>
                        </li>
                        <li>
                            <a class="estDynamic" href="../shelf/milk.html">Milk</a>
                        </li>
                        <li>
                            <a class="estDynamic" href="../shelf/oil-salt-vinegar.html">Oil, vinegar and salt</a>
                        </li>
                        <li>
                            <a class="estDynamic" href="../shelf/cream-and-bechamel.html">Cream and bechamel</a>
                        </li>
                        <li>
                            <a class="estDynamic" href="../shelf/crisps-and-pretzels.html">Crisps and pretzels</a>
                        </li>
                        <li>
                            <a class="estDynamic" href="../shelf/baby-and-infants-products.html">Early childhood products</a>
                        </li>
                        <li>
                            <a class="estDynamic" href="../shelf/rice.html">Rice</a>
                        </li>
                        <li>
                            <a class="estDynamic" href="../shelf/tins-and-preserves.html">Tins and Preserves</a>
                        </li>
                        <li>
                            <a class="estDynamic" href="../shelf/spices.html">Spices</a>
                        </li>
                        <li>
                            <a class="estDynamic" href="../shelf/sauces.html">Sauces</a>
                        </li>
                        <li>
                            <a class="estDynamic" href="../shelf/tea-and-infusions.html">Tea and infusions</a>
                        </li>
                        <li>
                            <a class="estDynamic" href="../shelf/eggs.html">Eggs</a>
                        </li>
                        <li>
                            <a class="estDynamic" href="../shelf/sugar-and-sweeteners.html">Sugar and sweeteners</a>
                        </li>
                    </ul>
                </li>
                <li>
                    <img src="../../cdn.spesati.com/images/menu/personal-care.png"/>
                    Personal care                    <i class="fa fa-angle-down" aria-hidden="true"></i>
                    <ul class="sub-menu">
                        <li>
                            <a class="estDynamic" href="../personal-care/accessories-and-cotton.html">Accessories and cotton</a>
                        </li>
                        <li>
                            <a class="estDynamic" href="../personal-care/feminine-care-incontinence-and-baby-diapers.html">Feminine incontinence and diapers</a>
                        </li>
                        <li>
                            <a class="estDynamic" href="../personal-care/shower-gel.html">Shower gel</a>
                        </li>
                        <li>
                            <a class="estDynamic" href="../personal-care/creams.html">Creams</a>
                        </li>
                        <li>
                            <a class="estDynamic" href="../personal-care/deodorant.html">Deodorant</a>
                        </li>
                        <li>
                            <a class="estDynamic" href="../personal-care/hair-removal.html">Hair removal</a>
                        </li>
                        <li>
                            <a class="estDynamic" href="../personal-care/disinfectants.html">Disinfectants</a>
                        </li>
                        <li>
                            <a class="estDynamic" href="../personal-care/oral-hygiene.html">Oral hygiene</a>
                        </li>
                        <li>
                            <a class="estDynamic" href="../personal-care/supplements-and-multivitamins.html">Supplements and multivitamins</a>
                        </li>
                        <li>
                            <a class="estDynamic" href="../personal-care/first-aid.html">First aid label</a>
                        </li>
                        <li>
                            <a class="estDynamic" href="../personal-care/beard-products.html">Beard products</a>
                        </li>
                        <li>
                            <a class="estDynamic" href="../personal-care/hairs-products.html">Hair products</a>
                        </li>
                        <li>
                            <a class="estDynamic" href="../personal-care/perfume.html">Perfumes</a>
                        </li>
                        <li>
                            <a class="estDynamic" href="../personal-care/wipes.html">Wipes</a>
                        </li>
                        <li>
                            <a class="estDynamic" href="../personal-care/soaps-and-body-wash.html">Soaps and body wash</a>
                        </li>
                        <li>
                            <a class="estDynamic" href="../personal-care/shampoo-and-conditioner.html">Shampoo and conditioner</a>
                        </li>
                    </ul>
                </li>
                <li>
                    <img src="../../cdn.spesati.com/images/menu/pellet-and-home.png"/>
                    Home and outdoors                    <i class="fa fa-angle-down" aria-hidden="true"></i>
                    <ul class="sub-menu">
                        <li>
                            <a class="estDynamic" href="../household-and-outdoors/distilled-water.html">Distilled water</a>
                        </li>
                        <li>
                            <a class="estDynamic" href="../household-and-outdoors/car-products.html">Cars</a>
                        </li>
                        <li>
                            <a class="estDynamic" href="../household-and-outdoors/bin-bags-and-buckets.html">Bin bags and buckets</a>
                        </li>
                        <li>
                            <a class="estDynamic" href="../household-and-outdoors/bleach-and-stain-removers.html">Bleach and stain removers</a>
                        </li>
                        <li>
                            <a class="estDynamic" href="../household-and-outdoors/candles.html">Candles</a>
                        </li>
                        <li>
                            <a class="estDynamic" href="../household-and-outdoors/kitchen-roll.html">Kitchen roll</a>
                        </li>
                        <li>
                            <a class="estDynamic" href="../household-and-outdoors/air-fresheners.html">Air fresheners</a>
                        </li>
                        <li>
                            <a class="estDynamic" href="../household-and-outdoors/laundry-accessories-and-detergent.html">Laundry detergent</a>
                        </li>
                        <li>
                            <a class="estDynamic" href="../household-and-outdoors/dishwasher-and-washing-up.html">Dishwasher and washing up</a>
                        </li>
                        <li>
                            <a class="estDynamic" href="../household-and-outdoors/gardening.html">Gardening</a>
                        </li>
                        <li>
                            <a class="estDynamic" href="../household-and-outdoors/light-bulbs-and-batteries.html">Lightbulbs and batteries</a>
                        </li>
                        <li>
                            <a class="estDynamic" href="../household-and-outdoors/pellet-and-bbq.html">Pellet and BBQ</a>
                        </li>
                        <li>
                            <a class="estDynamic" href="../household-and-outdoors/bathroom-products.html">Bathroom products</a>
                        </li>
                        <li>
                            <a class="estDynamic" href="../household-and-outdoors/home-and-furniture-products.html">Home and furniture products</a>
                        </li>
                        <li>
                            <a class="estDynamic" href="../household-and-outdoors/kitchen-products.html">Kitchen products</a>
                        </li>
                        <li>
                            <a class="estDynamic" href="../household-and-outdoors/window-and-floor-cleaners.html">Window and floor cleaner</a>
                        </li>
                        <li>
                            <a class="estDynamic" href="../household-and-outdoors/repellents.html">Repellents</a>
                        </li>
                        <li>
                            <a class="estDynamic" href="../household-and-outdoors/disposable-tableware.html">Disposable tableware</a>
                        </li>
                    </ul>
                </li>
                <li>
                    <img src="../../cdn.spesati.com/images/menu/animals.png"/>
                    Pets                    <i class="fa fa-angle-down" aria-hidden="true"></i>
                    <ul class="sub-menu">
                        <li>
                            <a class="estDynamic" href="../pets/pet-food-other-animals.html">Other animals pet food</a>
                        </li>
                        <li>
                            <a class="estDynamic" href="../pets/pet-food-dogs.html">Pet food dogs</a>
                        </li>
                        <li>
                            <a class="estDynamic" href="../pets/pet-food-cats.html">Pet food cats</a>
                        </li>
                        <li>
                            <a class="estDynamic" href="../pets/hygiene-and-cleaning.html">Hygiene and cleaning</a>
                        </li>
                    </ul>
                </li>
                <li>
                    <img src="../../cdn.spesati.com/images/menu/technology.png"/>
                    Technology                    <i class="fa fa-angle-down" aria-hidden="true"></i>
                    <ul class="sub-menu">
                        <li>
                            <a class="estDynamic" href="../technology/accessories.html">Accessories</a>
                        </li>
                        <li>
                            <a class="estDynamic" href="../technology/computer.html">Computer</a>
                        </li>
                        <li>
                            <a class="estDynamic" href="../technology/telephones.html">Telephones</a>
                        </li>
                        <li>
                            <a class="estDynamic" href="../technology/tv.html">TV</a>
                        </li>
                    </ul>
                </li>
                <li>
                    <img src="../../cdn.spesati.com/images/menu/gluten-free.png"/>
                    Gluten free                    <i class="fa fa-angle-down" aria-hidden="true"></i>
                    <ul class="sub-menu">
                        <li>
                            <a class="estDynamic" href="../gluten-free/frozen-foods.html">Frozen foods</a>
                        </li>
                        <li>
                            <a class="estDynamic" href="../gluten-free/beer.html">Beer</a>
                        </li>
                        <li>
                            <a class="estDynamic" href="../gluten-free/sweets.html">Sweets</a>
                        </li>
                        <li>
                            <a class="estDynamic" href="../gluten-free/bread-and-pasta.html">Bread and pasta</a>
                        </li>
                        <li>
                            <a class="estDynamic" href="../gluten-free/shelf.html">Cupboard</a>
                        </li>
                    </ul>
                </li>
                <li>
                    <img src="../../cdn.spesati.com/images/menu/lactose-free.png"/>
                    Lactose free                    <i class="fa fa-angle-down" aria-hidden="true"></i>
                    <ul class="sub-menu">
                        <li>
                            <a class="estDynamic" href="../lactose-free/frozen-foods.html">Frozen foods</a>
                        </li>
                        <li>
                            <a class="estDynamic" href="../lactose-free/sweets.html">Sweets</a>
                        </li>
                        <li>
                            <a class="estDynamic" href="../lactose-free/dairy-product.html">Dairy product</a>
                        </li>
                        <li>
                            <a class="estDynamic" href="../lactose-free/shelf.html">Cupboard</a>
                        </li>
                    </ul>
                </li>
                <li>
                    <img src="../../cdn.spesati.com/images/menu/special.png"/>
                    Special                    <i class="fa fa-angle-down" aria-hidden="true"></i>
                    <ul class="sub-menu">
                        <li>
                            <a class="estDynamic" href="../special/alpro.html">Alpro</a>
                        </li>
                        <li>
                            <a class="estDynamic" href="../special/organic.html">Biological</a>
                        </li>
                        <li>
                            <a class="estDynamic" href="../special/meat.html">Meat</a>
                        </li>
                        <li>
                            <a class="estDynamic" href="../special/wholegrain.html">Wholegrain</a>
                        </li>
                        <li>
                            <a class="estDynamic" href="../special/bread-and-pasta.html">Bread and pasta</a>
                        </li>
                        <li>
                            <a class="estDynamic" href="../special/vegan.html">Vegan</a>
                        </li>
                    </ul>
                </li>
                <li>
                    <img src="../../cdn.spesati.com/images/menu/sardinian-products.png"/>
                    Sardinian products                    <i class="fa fa-angle-down" aria-hidden="true"></i>
                    <ul class="sub-menu">
                        <li>
                            <a class="estDynamic" href="../sardinian-products/drinks.html">Drinks</a>
                        </li>
                        <li>
                            <a class="estDynamic" href="../sardinian-products/meat.html">Meat</a>
                        </li>
                        <li>
                            <a class="estDynamic" href="../sardinian-products/sweets.html">Sweets</a>
                        </li>
                        <li>
                            <a class="estDynamic" href="../sardinian-products/fruit-and-vegetables.html">Fruit and vegetables</a>
                        </li>
                        <li>
                            <a class="estDynamic" href="../sardinian-products/ichnusa.html">Ichnusa</a>
                        </li>
                        <li>
                            <a class="estDynamic" href="../sardinian-products/dairy-product.html">Dairy product</a>
                        </li>
                        <li>
                            <a class="estDynamic" href="../sardinian-products/bread-and-pasta.html">Bread and pasta</a>
                        </li>
                        <li>
                            <a class="estDynamic" href="../sardinian-products/fish.html">Fish</a>
                        </li>
                        <li>
                            <a class="estDynamic" href="../sardinian-products/cured-meat.html">Cured meat</a>
                        </li>
                        <li>
                            <a class="estDynamic" href="../sardinian-products/shelf.html">Cupboard</a>
                        </li>
                        <li>
                            <a class="estDynamic" href="../sardinian-products/vermentino-wine.html">Vermentino wine</a>
                        </li>
                        <li>
                            <a class="estDynamic" href="../sardinian-products/wine-beer-and-spirits.html">Wine beer and spirits</a>
                        </li>
                    </ul>
                </li>
            </ul>
        </li>
        <li>
            <a href="../about.html">About</a>
        </li>
        <li>
            <a href="../faq.html">Faq</a>
        </li>
        <li>
            <a href="../customer-care.html">Support</a>
        </li>
        <li>
            <a href="../news.html">Blog</a>
        </li>
        <li>
            <a href="../terms-and-conditions.html">Conditions</a>
        </li>
        <li>
            <a href="../privacy-policy.html">Privacy policy</a>
        </li>
        <li>
            <a href="../login.html">Login</a>
        </li>
        <li>
             <a href="../sign-up.html">Sign up</a>
        </li>
    </ul>
</div><section class="first">
    <div id="menuCategories" class="colLeft">
    <ul id="main_nav" >
        <li>
            <a class="estDynamic" href="../on-offer.html">
               <img src="../../cdn.spesati.com/images/menu/on-sale.png"/>
               On sale            </a>
            <i class="fa fa-angle-right" aria-hidden="true"></i>
            <ul class="sub-menu">
                <li>
    <a href="../tacchino-fesa-a-fette.html" class="estDynamic">Tacchino Fesa A Fette</a>
</li><li>
    <a href="../amaro-montenegro-15lt.html" class="estDynamic">Amaro Montenegro 1,5lt</a>
</li><li>
    <a href="../carbone-di-legna-sacco-10kg.html" class="estDynamic">Carbone Di Legna Sacco 10Kg</a>
</li><li>
    <a href="../filu-e-ferru-silvio-carta-70cl.html" class="estDynamic">Filu E Ferru Silvio Carta 70Cl</a>
</li><li>
    <a href="../braciole-suino-con-cotenna.html" class="estDynamic">Braciole Suino Con Cotenna</a>
</li><li>
    <a href="../bovino-adulto-polpa.html" class="estDynamic">Bovino Adulto Polpa</a>
</li><li>
    <a href="../vino-la-palma-cannonau-le-bombarde.html" class="estDynamic">Vino La Palma Cannonau Le Bombarde</a>
</li><li>
    <a href="../fettine-sceltissime-bovino-adulto.html" class="estDynamic">Fettine Sceltissime Bovino Adulto</a>
</li><li>
    <a href="../suino-fettine-scelte.html" class="estDynamic">Suino Fettine Scelte</a>
</li><li>
    <a href="../lavazza-caffe-qualita-rossa-2x250gr.html" class="estDynamic">Lavazza Caffé Qualità Rossa 2x250gr</a>
</li>                <li>
                    <a class="estDynamic" href="../on-offer.html">All products on sale</a>
                </li>
            </ul>
        </li>
        <li>
            <a class="estDynamic" href="../gift.html">
               <img src="../../cdn.spesati.com/images/menu/gift.png"/>
               Gifts            </a>
            <i class="fa fa-angle-right" aria-hidden="true"></i>
            <ul class="sub-menu">
                <li>
    <a href="../gift-card-da-150.html" class="estDynamic">Gift Card Da 150</a>
</li><li>
    <a href="../gift-card-da-100.html" class="estDynamic">Gift Card Da 100</a>
</li><li>
    <a href="../gift-card-da-50.html" class="estDynamic">Gift Card Da 50</a>
</li><li>
    <a href="../gift-card-da-25.html" class="estDynamic">Gift Card Da 25</a>
</li>                <li>
                    <a class="estDynamic" href="../gift.html">All products in the gifts category</a>
                </li>
            </ul>
        </li>
        <li>
            <a class="estDynamic" href="../gift-card.html">
               <img src="../../cdn.spesati.com/images/menu/gift-card.png"/>
               Gift card and discounts            </a>
            <i class="fa fa-angle-right" aria-hidden="true"></i>
            <ul class="sub-menu">
                <li>
    <a href="../gift-card-da-150.html">Gift Card Da 150</a>
</li><li>
    <a href="../gift-card-da-100.html">Gift Card Da 100</a>
</li><li>
    <a href="../gift-card-da-50.html">Gift Card Da 50</a>
</li><li>
    <a href="../gift-card-da-25.html">Gift Card Da 25</a>
</li>            </ul>
        </li>
        <li>
            <a class="estDynamic" href="../fruit-and-vegetables.html">
               <img src="../../cdn.spesati.com/images/menu/fuit-and-vegetables.png"/>
               Fruit and vegetables           </a>
            <i class="fa fa-angle-right" aria-hidden="true"></i>
            <ul class="sub-menu">
                <li>
                    <a class="estDynamic" href="../fruit-and-vegetables/pulses-and-beans.html">Cereals and pulses and beans</a>
                </li>
                <li>
                    <a class="estDynamic" href="../fruit-and-vegetables/fruit.html">Fruit</a>
                </li>
                <li>
                    <a class="estDynamic" href="../fruit-and-vegetables/canned-fruit.html">Canned fruit</a>
                </li>
                <li>
                    <a class="estDynamic" href="../fruit-and-vegetables/dried-fruit.html">Dried fruit</a>
                </li>
                <li>
                    <a class="estDynamic" href="../fruit-and-vegetables/ready-salads.html">Ready salads</a>
                </li>
                <li>
                    <a class="estDynamic" href="../fruit-and-vegetables/fresh-spices.html">Fresh spices</a>
                </li>
                <li>
                    <a class="estDynamic" href="../fruit-and-vegetables/vegetables.html">Vegetables and soy</a>
                </li>
            </ul>
        </li>
        <li>
            <a class="estDynamic" href="../fresh-products.html">
                <img src="../../cdn.spesati.com/images/menu/fresh-products.png"/>
                Fresh products            </a>
            <i class="fa fa-angle-right" aria-hidden="true"></i>
            <ul class="sub-menu">
                <li>
                    <a class="estDynamic" href="../fresh-products/margarine-and-butter.html">Butter and margarine</a>
                </li>
                <li>
                    <a class="estDynamic" href="../fresh-products/danone.html">Danone</a>
                </li>
                <li>
                    <a class="estDynamic" href="../fresh-products/dessert.html">Dessert</a>
                </li>
                <li>
                    <a class="estDynamic" href="../fresh-products/sweets.html">Sweets</a>
                </li>
                <li>
                    <a class="estDynamic" href="../fresh-products/dairy-products.html">Dairy product</a>
                </li>
                <li>
                    <a class="estDynamic" href="../fresh-products/bakery.html">Yeast</a>
                </li>
                <li>
                    <a class="estDynamic" href="../fresh-products/mascarpone.html">Mascarpone</a>
                </li>
                <li>
                    <a class="estDynamic" href="../fresh-products/snacks.html">Snacks</a>
                </li>
                <li>
                    <a class="estDynamic" href="../fresh-products/mozzarella.html">Mozzarella</a>
                </li>
                <li>
                    <a class="estDynamic" href="../fresh-products/pasta.html">Pasta</a>
                </li>
                <li>
                    <a class="estDynamic" href="../fresh-products/pesto-and-sauces.html">Pesto and sauces</a>
                </li>
                <li>
                    <a class="estDynamic" href="../fresh-products/ricotta-and-cheese.html">Ricotta and cheese</a>
                </li>
                <li>
                    <a class="estDynamic" href="../fresh-products/cured-meat.html">Cured meat</a>
                </li>
                <li>
                    <a class="estDynamic" href="../fresh-products/wurstel.html">Würstel</a>
                </li>
                <li>
                    <a class="estDynamic" href="../fresh-products/yogurt.html">Yogurt</a>
                </li>
            </ul>
        </li>
        <li>
            <a class="estDynamic" href="../frozen-foods.html">
                <img src="../../cdn.spesati.com/images/menu/frozen-foods.png"/>
                Frozen foods            </a>
            <i class="fa fa-angle-right" aria-hidden="true"></i>
            <ul class="sub-menu">
                <li>
                    <a class="estDynamic" href="../frozen-foods/meat.html">Meat</a>
                </li>
                <li>
                    <a class="estDynamic" href="../frozen-foods/ice-creams.html">Ice cream and sweet</a>
                </li>
                <li>
                    <a class="estDynamic" href="../frozen-foods/pasta.html">Pasta</a>
                </li>
                <li>
                    <a class="estDynamic" href="../frozen-foods/fish.html">Fish</a>
                </li>
                <li>
                    <a class="estDynamic" href="../frozen-foods/ready-meals.html">Ready meals</a>
                </li>
                <li>
                    <a class="estDynamic" href="../frozen-foods/pizzas.html">Pizzas</a>
                </li>
                <li>
                    <a class="estDynamic" href="../frozen-foods/vegetables.html">Vegetables and soy</a>
                </li>
            </ul>
        </li>
        <li>
            <a class="estDynamic" href="../bread-and-pasta.html">
                <img src="../../cdn.spesati.com/images/menu/bread-and-pasta.png"/>
                Bread and pasta            </a>
            <i class="fa fa-angle-right" aria-hidden="true"></i>
            <ul class="sub-menu">
                <li>
                    <a class="estDynamic" href="../bread-and-pasta/crackers.html">Crackers</a>
                </li>
                <li>
                    <a class="estDynamic" href="../bread-and-pasta/rusks.html">Rusks</a>
                </li>
                <li>
                    <a class="estDynamic" href="../bread-and-pasta/white-bread.html">White bread</a>
                </li>
                <li>
                    <a class="estDynamic" href="../bread-and-pasta/local-bread.html">Local bread</a>
                </li>
                <li>
                    <a class="estDynamic" href="../bread-and-pasta/soft-bread.html">Soft bread</a>
                </li>
                <li>
                    <a class="estDynamic" href="../bread-and-pasta/sardinian-bread.html">Sardinian bread</a>
                </li>
                <li>
                    <a class="estDynamic" href="../bread-and-pasta/bakery.html">Bakery</a>
                </li>
                <li>
                    <a class="estDynamic" href="../bread-and-pasta/pasta.html">Pasta</a>
                </li>
                <li>
                    <a class="estDynamic" href="../bread-and-pasta/fresh-pasta.html">Fresh pasta</a>
                </li>
            </ul>
        </li>
        <li>
            <a class="estDynamic" href="../meat.html">
                <img src="../../cdn.spesati.com/images/menu/meat.png"/>
                Meat            </a>
            <i class="fa fa-angle-right" aria-hidden="true"></i>
            <ul class="sub-menu">
                <li>
                    <a class="estDynamic" href="../meat/beef.html">Beef</a>
                </li>
                <li>
                    <a class="estDynamic" href="../meat/goat.html">Goat</a>
                </li>
                <li>
                    <a class="estDynamic" href="../meat/packaged-meat.html">Packaged meat</a>
                </li>
                <li>
                    <a class="estDynamic" href="../meat/rabbit.html">Rabbit</a>
                </li>
                <li>
                    <a class="estDynamic" href="../meat/horse.html">Horse</a>
                </li>
                <li>
                    <a class="estDynamic" href="../meat/pork.html">Pork</a>
                </li>
                <li>
                    <a class="estDynamic" href="../meat/lamb.html">Lamb</a>
                </li>
                <li>
                    <a class="estDynamic" href="../meat/poultry.html">Poultry</a>
                </li>
            </ul>
        </li>
        <li>
            <a class="estDynamic" href="../fish.html">
                <img src="../../cdn.spesati.com/images/menu/fish.png"/>
                Fish            </a>
            <i class="fa fa-angle-right" aria-hidden="true"></i>
            <ul class="sub-menu">
                <li>
                    <a class="estDynamic" href="../fish/fresh-water.html">Fresh water</a>
                </li>
                <li>
                    <a class="estDynamic" href="../fish/salt-water.html">Salt water</a>
                </li>
                <li>
                    <a class="estDynamic" href="../fish/mussels.html">Mussels</a>
                </li>
                <li>
                    <a class="estDynamic" href="../fish/dried-and-salted.html">Dried and salted</a>
                </li>
                <li>
                    <a class="estDynamic" href="../fish/seafood-salad.html">Seafood salad</a>
                </li>
                <li>
                    <a class="estDynamic" href="../fish/prepared.html">Prepared</a>
                </li>
                <li>
                    <a class="estDynamic" href="../fish/specialty.html">Specialty</a>
                </li>   
                <li>
                    <a class="estDynamic" href="../fish/tuna-and-salmon.html">Tuna and salmon</a>
                </li>
            </ul>
        </li>
        <li>
            <a class="estDynamic" href="../wine-beer-and-spirits.html">
                <img src="../../cdn.spesati.com/images/menu/alcohol.png"/>
                Wine beer and spirits            </a>
            <i class="fa fa-angle-right" aria-hidden="true"></i>
            <ul class="sub-menu">
                <li>
                    <a class="estDynamic" href="../wine-beer-and-spirits/spirits-and-liquors.html">Alcohol</a>
                </li>
                <li>
                    <a class="estDynamic" href="../wine-beer-and-spirits/bitters.html">Bitters</a>
                </li>
                <li>
                    <a class="estDynamic" href="../wine-beer-and-spirits/aperatif.html">Aperatifs</a>
                </li>
                <li>
                    <a class="estDynamic" href="../wine-beer-and-spirits/beer.html">Beer</a>
                </li>
                <li>
                    <a class="estDynamic" href="../wine-beer-and-spirits/creams.html">Creams</a>
                </li>
                <li>
                    <a class="estDynamic" href="../wine-beer-and-spirits/spirits.html">Spirits</a>
                </li>
                <li>
                    <a class="estDynamic" href="../wine-beer-and-spirits/liquors.html">Liquors</a>
                </li>
                <li>
                    <a class="estDynamic" href="../wine-beer-and-spirits/white-wine.html">White wine</a>
                </li>
                <li>
                    <a class="estDynamic" href="../wine-beer-and-spirits/prosecco-wine.html">Prosecco wine</a>
                </li>
                <li>
                    <a class="estDynamic" href="../wine-beer-and-spirits/rose-wine.html">Rose wine</a>
                </li>
                <li>
                    <a class="estDynamic" href="../wine-beer-and-spirits/red-wine.html">Red wine</a>
                </li>
                <li>
                    <a class="estDynamic" href="../wine-beer-and-spirits/specialty-wine.html">Special wine</a>
                </li>
                <li>
                    <a class="estDynamic" href="../wine-beer-and-spirits/sparkling-wine.html">Sparkling wine</a>
                </li>
                <li>
                    <a class="estDynamic" href="../wine-beer-and-spirits/vermentino-wine.html">Vermentino wine</a>
                </li>
            </ul>
        </li>
        <li>
            <a class="estDynamic" href="../water-and-drinks.html">
                <img src="../../cdn.spesati.com/images/menu/water-and-drinks.png"/>
                Water and drinks            </a>
            <i class="fa fa-angle-right" aria-hidden="true"></i>
            <ul class="sub-menu">
                <li>
                    <a class="estDynamic" href="../water-and-drinks/san-martino.html">San Martino</a>
                </li>
                <li>
                    <a class="estDynamic" href="../water-and-drinks/water.html">Water</a>
                </li>
                <li>
                    <a class="estDynamic" href="../water-and-drinks/alpro.html">Alpro</a>
                </li>
                <li>
                    <a class="estDynamic" href="../water-and-drinks/fizzy-drinks.html">Fizzy drinks</a>
                </li>
                <li>
                    <a class="estDynamic" href="../water-and-drinks/coca-cola.html">Coca-Cola</a>
                </li>
                <li>
                    <a class="estDynamic" href="../water-and-drinks/energy-drink.html">Energy drink</a>
                </li>
                <li>
                    <a class="estDynamic" href="../water-and-drinks/syrups.html">Syrups</a>
                </li>
                <li>
                    <a class="estDynamic" href="../water-and-drinks/supplements.html">Supplements</a>
                </li>
                <li>
                    <a class="estDynamic" href="../water-and-drinks/instant-drinks.html">Instant drinks</a>
                </li>
                <li>
                    <a class="estDynamic" href="../water-and-drinks/juice.html">Juice</a>
                </li>
                <li>
                    <a class="estDynamic" href="../water-and-drinks/tea.html">Tea</a>
                </li>
            </ul>
        </li>
        <li>
            <a class="estDynamic" href="../sweets.html">
                <img src="../../cdn.spesati.com/images/menu/sweets.png"/>
                Sweets            </a>
            <i class="fa fa-angle-right" aria-hidden="true"></i>
            <ul class="sub-menu">
                <li>
                    <a class="estDynamic" href="bars-and-snacks.html">Bars and snacks</a>
                </li>
                <li>
                    <a class="estDynamic" href="biscuits.html">Biscuits</a>
                </li>
                <li>
                    <a class="estDynamic" href="brioches.html">Brioches</a>
                </li>
                <li>
                    <a class="estDynamic" href="candy-and-chewing-gum.html">Candy and chewing gum</a>
                </li>
                <li>
                    <a class="estDynamic" href="cereals.html">Cereals</a>
                </li>
                <li>
                    <a class="estDynamic" href="chocolate.html">Chocolate</a>
                </li>
                <li>
                    <a class="estDynamic" href="spreadable-creams.html">Spreads</a>
                </li>
                <li>
                    <a class="estDynamic" href="dessert-toppings.html">Dessert toppings</a>
                </li>
                <li>
                    <a class="estDynamic" href="jam.html">Jam</a>
                </li>
                <li>
                    <a class="estDynamic" href="honey.html">Honey</a>
                </li>
                <li>
                    <a class="estDynamic" href="panettoni-and-pandoro.html">Panettone and pandoro</a>
                </li>
                <li>
                    <a class="estDynamic" href="pastry.html">Pastry</a>
                </li>
                <li>
                    <a class="estDynamic" href="instant-dessert.html">Prepared</a>
                </li>
                <li>
                    <a class="estDynamic" href="cakes-and-pies.html">Cakes and pies</a>
                </li>
                <li>
                    <a class="estDynamic" href="easter-eggs-and-doves.html">Easter eggs and doves</a>
                </li>
            </ul>
        </li>
        <li>
            <a class="estDynamic" href="../shelf.html">
                <img src="../../cdn.spesati.com/images/menu/shelf.png"/>
                Cupboard            </a>
            <i class="fa fa-angle-right" aria-hidden="true"></i>
            <ul class="sub-menu">
                <li>
                    <a class="estDynamic" href="../shelf/coffee.html">Coffee</a>
                </li>
                <li>
                    <a class="estDynamic" href="../shelf/gift-baskets.html">Gift baskets</a>
                </li>
                <li>
                    <a class="estDynamic" href="../shelf/stock-cubes.html">Nuts and preparations</a>
                </li>
                <li>
                    <a class="estDynamic" href="../shelf/flour-and-baking.html">Flour and baking</a>
                </li>
                <li>
                    <a class="estDynamic" href="../shelf/milk.html">Milk</a>
                </li>
                <li>
                    <a class="estDynamic" href="../shelf/oil-salt-vinegar.html">Oil, vinegar and salt</a>
                </li>
                <li>
                    <a class="estDynamic" href="../shelf/cream-and-bechamel.html">Cream and bechamel</a>
                </li>
                <li>
                    <a class="estDynamic" href="../shelf/crisps-and-pretzels.html">Crisps and pretzels</a>
                </li>
                <li>
                    <a class="estDynamic" href="../shelf/baby-and-infants-products.html">Early childhood products</a>
                </li>
                <li>
                    <a class="estDynamic" href="../shelf/rice.html">Rice</a>
                </li>
                <li>
                    <a class="estDynamic" href="../shelf/tins-and-preserves.html">Tins and Preserves</a>
                </li>
                <li>
                    <a class="estDynamic" href="../shelf/spices.html">Spices</a>
                </li>
                <li>
                    <a class="estDynamic" href="../shelf/sauces.html">Sauces</a>
                </li>
                <li>
                    <a class="estDynamic" href="../shelf/tea-and-infusions.html">Tea and infusions</a>
                </li>
                <li>
                    <a class="estDynamic" href="../shelf/eggs.html">Eggs</a>
                </li>
                <li>
                    <a class="estDynamic" href="../shelf/sugar-and-sweeteners.html">Sugar and sweeteners</a>
                </li>
            </ul>
        </li>
        <li>
            <a class="estDynamic" href="../personal-care.html">
                <img src="../../cdn.spesati.com/images/menu/personal-care.png"/>
                Personal care            </a>
            <i class="fa fa-angle-right" aria-hidden="true"></i>
            <ul class="sub-menu">
                <li>
                    <a class="estDynamic" href="../personal-care/accessories-and-cotton.html">Accessories and cotton</a>
                </li>
                <li>
                    <a class="estDynamic" href="../personal-care/feminine-care-incontinence-and-baby-diapers.html">Feminine incontinence and diapers</a>
                </li>
                <li>
                    <a class="estDynamic" href="../personal-care/shower-gel.html">Shower gel</a>
                </li>
                <li>
                    <a class="estDynamic" href="../personal-care/creams.html">Creams</a>
                </li>
                <li>
                    <a class="estDynamic" href="../personal-care/deodorant.html">Deodorant</a>
                </li>
                <li>
                    <a class="estDynamic" href="../personal-care/hair-removal.html">Hair removal</a>
                </li>
                <li>
                    <a class="estDynamic" href="../personal-care/disinfectants.html">Disinfectants</a>
                </li>
                <li>
                    <a class="estDynamic" href="../personal-care/oral-hygiene.html">Oral hygiene</a>
                </li>
                <li>
                    <a class="estDynamic" href="../personal-care/supplements-and-multivitamins.html">Supplements and multivitamins</a>
                </li>
                <li>
                    <a class="estDynamic" href="../personal-care/first-aid.html">First aid label</a>
                </li>
                <li>
                    <a class="estDynamic" href="../personal-care/beard-products.html">Beard products</a>
                </li>
                <li>
                    <a class="estDynamic" href="../personal-care/hairs-products.html">Hair products</a>
                </li>
                <li>
                    <a class="estDynamic" href="../personal-care/perfume.html">Perfumes</a>
                </li>
                <li>
                    <a class="estDynamic" href="../personal-care/wipes.html">Wipes</a>
                </li>
                <li>
                    <a class="estDynamic" href="../personal-care/soaps-and-body-wash.html">Soaps and body wash</a>
                </li>
                <li>
                    <a class="estDynamic" href="../personal-care/shampoo-and-conditioner.html">Shampoo and conditioner</a>
                </li>
            </ul>
        </li>
        <li>
            <a class="estDynamic" href="../household-and-outdoors.html">
                <img src="../../cdn.spesati.com/images/menu/pellet-and-home.png"/>
                Home and outdoors 
            </a>
            <i class="fa fa-angle-right" aria-hidden="true"></i>
            <ul class="sub-menu">
                <li>
                    <a class="estDynamic" href="../household-and-outdoors/distilled-water.html">Distilled water</a>
                </li>
                <li>
                    <a class="estDynamic" href="../household-and-outdoors/car-products.html">Cars</a>
                </li>
                <li>
                    <a class="estDynamic" href="../household-and-outdoors/bin-bags-and-buckets.html">Bin bags and buckets</a>
                </li>
                <li>
                    <a class="estDynamic" href="../household-and-outdoors/bleach-and-stain-removers.html">Bleach and stain removers</a>
                </li>
                <li>
                    <a class="estDynamic" href="../household-and-outdoors/candles.html">Candles</a>
                </li>
                <li>
                    <a class="estDynamic" href="../household-and-outdoors/kitchen-roll.html">Kitchen roll</a>
                </li>
                <li>
                    <a class="estDynamic" href="../household-and-outdoors/air-fresheners.html">Air fresheners</a>
                </li>
                <li>
                    <a class="estDynamic" href="../household-and-outdoors/laundry-accessories-and-detergent.html">Laundry detergent</a>
                </li>
                <li>
                    <a class="estDynamic" href="../household-and-outdoors/dishwasher-and-washing-up.html">Dishwasher and washing up</a>
                </li>
                <li>
                    <a class="estDynamic" href="../household-and-outdoors/gardening.html">Gardening</a>
                </li>
                <li>
                    <a class="estDynamic" href="../household-and-outdoors/light-bulbs-and-batteries.html">Lightbulbs and batteries</a>
                </li>
                <li>
                    <a class="estDynamic" href="../household-and-outdoors/pellet-and-bbq.html">Pellet and BBQ</a>
                </li>
                <li>
                    <a class="estDynamic" href="../household-and-outdoors/bathroom-products.html">Bathroom products</a>
                </li>
                <li>
                    <a class="estDynamic" href="../household-and-outdoors/home-and-furniture-products.html">Home and furniture products</a>
                </li>
                <li>
                    <a class="estDynamic" href="../household-and-outdoors/kitchen-products.html">Kitchen products</a>
                </li>
                <li>
                    <a class="estDynamic" href="../household-and-outdoors/window-and-floor-cleaners.html">Window and floor cleaner</a>
                </li>
                <li>
                    <a class="estDynamic" href="../household-and-outdoors/repellents.html">Repellents</a>
                </li>
                <li>
                    <a class="estDynamic" href="../household-and-outdoors/disposable-tableware.html">Disposable tableware</a>
                </li>
            </ul>
        </li>
        <li>
            <a class="estDynamic" href="../pet.html">
                <img src="../../cdn.spesati.com/images/menu/animals.png"/>
                Pets            </a>
            <i class="fa fa-angle-right" aria-hidden="true"></i>
            <ul class="sub-menu">
                <li>
                    <a class="estDynamic" href="../pets/pet-food-other-animals.html">Other animals pet food</a>
                </li>
                <li>
                    <a class="estDynamic" href="../pets/pet-food-dogs.html">Pet food dogs</a>
                </li>
                <li>
                    <a class="estDynamic" href="../pets/pet-food-cats.html">Pet food cats</a>
                </li>
                <li>
                    <a class="estDynamic" href="../pets/hygiene-and-cleaning.html">Hygiene and cleaning</a>
                </li>
            </ul>
        </li>
        <li>
            <a class="estDynamic" href="../technology.html">
                <img src="../../cdn.spesati.com/images/menu/technology.png"/>
                Technology            </a>
            <i class="fa fa-angle-right" aria-hidden="true"></i>
            <ul class="sub-menu">
                <li>
                    <a class="estDynamic" href="../technology/accessories.html">Accessories</a>
                </li>
                <li>
                    <a class="estDynamic" href="../technology/computer.html">Computer</a>
                </li>
                <li>
                    <a class="estDynamic" href="../technology/telephones.html">Telephones</a>
                </li>
                <li>
                    <a class="estDynamic" href="../technology/tv.html">TV</a>
                </li>
            </ul>
        </li>
        <li>
            <a class="estDynamic" href="../gluten-free.html">
                <img src="../../cdn.spesati.com/images/menu/gluten-free.png"/>
                Gluten free            </a>
            <i class="fa fa-angle-right" aria-hidden="true"></i>
            <ul class="sub-menu">
                <li>
                    <a class="estDynamic" href="../gluten-free/frozen-foods.html">Frozen foods</a>
                </li>
                <li>
                    <a class="estDynamic" href="../gluten-free/beer.html">Beer</a>
                </li>
                <li>
                    <a class="estDynamic" href="../gluten-free/sweets.html">Sweets</a>
                </li>
                <li>
                    <a class="estDynamic" href="../gluten-free/bread-and-pasta.html">Bread and pasta</a>
                </li>
                <li>
                    <a class="estDynamic" href="../gluten-free/shelf.html">Cupboard</a>
                </li>
            </ul>
        </li>
        <li>
            <a class="estDynamic" href="../lactose-free.html">
                <img src="../../cdn.spesati.com/images/menu/lactose-free.png"/>
                Lactose free            </a>
            <i class="fa fa-angle-right" aria-hidden="true"></i>
            <ul class="sub-menu">
                <li>
                    <a class="estDynamic" href="../lactose-free/frozen-foods.html">Frozen foods</a>
                </li>
                <li>
                    <a class="estDynamic" href="../lactose-free/sweets.html">Sweets</a>
                </li>
                <li>
                    <a class="estDynamic" href="../lactose-free/dairy-product.html">Dairy product</a>
                </li>
                <li>
                    <a class="estDynamic" href="../lactose-free/shelf.html">Cupboard</a>
                </li>
            </ul>
        </li>
        <li>
            <a class="estDynamic" href="../special.html">
                <img src="../../cdn.spesati.com/images/menu/special.png"/>
                Special            </a>
            <i class="fa fa-angle-right" aria-hidden="true"></i>
            <ul class="sub-menu">
                <li>
                    <a class="estDynamic" href="../special/alpro.html">Alpro</a>
                </li>
                <li>
                    <a class="estDynamic" href="../special/organic.html">Biological</a>
                </li>
                <li>
                    <a class="estDynamic" href="../special/meat.html">Meat</a>
                </li>
                <li>
                    <a class="estDynamic" href="../special/wholegrain.html">Wholegrain</a>
                </li>
                <li>
                    <a class="estDynamic" href="../special/bread-and-pasta.html">Bread and pasta</a>
                </li>
                <li>
                    <a class="estDynamic" href="../special/vegan.html">Vegan</a>
                </li>
            </ul>
        </li>
        <li>
            <a class="estDynamic" href="../sardinian-products.html">
                <img src="../../cdn.spesati.com/images/menu/sardinian-products.png"/>
                Sardinian products            </a>
            <i class="fa fa-angle-right" aria-hidden="true"></i>
            <ul class="sub-menu">
                <li>
                    <a class="estDynamic" href="../sardinian-products/drinks.html">Drinks</a>
                </li>
                <li>
                    <a class="estDynamic" href="../sardinian-products/meat.html">Meat</a>
                </li>
                <li>
                    <a class="estDynamic" href="../sardinian-products/sweets.html">Sweets</a>
                </li>
                <li>
                    <a class="estDynamic" href="../sardinian-products/fruit-and-vegetables.html">Fruit and vegetables</a>
                </li>
                <li>
                    <a class="estDynamic" href="../sardinian-products/ichnusa.html">Ichnusa</a>
                </li>
                <li>
                    <a class="estDynamic" href="../sardinian-products/dairy-product.html">Dairy product</a>
                </li>
                <li>
                    <a class="estDynamic" href="../sardinian-products/bread-and-pasta.html">Bread and pasta</a>
                </li>
                <li>
                    <a class="estDynamic" href="../sardinian-products/fish.html">Fish</a>
                </li>
                <li>
                    <a class="estDynamic" href="../sardinian-products/cured-meat.html">Cured meat</a>
                </li>
                <li>
                    <a class="estDynamic" href="../sardinian-products/shelf.html">Cupboard</a>
                </li>
                <li>
                    <a class="estDynamic" href="../sardinian-products/vermentino-wine.html">Vermentino wine</a>
                </li>
                <li>
                    <a class="estDynamic" href="../sardinian-products/wine-beer-and-spirits.html">Wine beer and spirits</a>
                </li>
            </ul>
        </li>
    </ul>
</div>    <div class="colRight">
        <div class="title mobile">
	<a href="../sweets.html"><i class="fa red fa-angle-left fa-3x mobile" aria-hidden="true"></i></a>
	<h2>
		<b>
			dessert toppings		</b>
	</h2>
</div>

<div class="breadcrumb bgGrey internal">
	<p>
		<b>
			<a href="../index.html">Home</a>
												&gt; <a href="../sweets.html">Sweets</a>
																&gt; Dessert toppings									</b>
	</p>
	<div>
		<p>Order by</p>
		<select name="orderProd" id="orderProd">
			<option disabled="disabled" selected="selected">- Choose -</option>
			<option value="nameAsc">Name (A - Z)</option>
			<option value="nameDes">Name (Z - A)</option>
			<option value="priceHigh">Price - High to low</option>
			<option value="priceLow">Price - Low to high</option>
			<option value="soldAsc">Best Selling</option>
			<option value="available">Availability</option>
		</select>
	</div>
</div>
        <div class="containerProduct">
            <script type='text/javascript'>var track = '{"event":"ViewContent", "type":"category", "id":"Dolciumi", "subids":["Guarnizione Dolci"], "url":"https://www.spesati.com/sweets/dessert-toppings"}';</script>
<script>
gtag('event', 'select_content', {content_type: 'category', item_id: 'Dolciumi'});gtag('event', 'select_content', {content_type: 'category', item_id: 'Guarnizione Dolci'});
</script>
<div class="left product prod1"
        data-name="Acqua Fior Di Arancio"
        data-price="1.99"
        data-id="1739"
        data-available="yes"
        data-category="6845"
        data-bestselling="">
    <a href="../acqua-fior-di-arancio.html">
        <div style="background-image: url('../../cdn.spesati.com/images/products/23303901/acqua-fior-di.jpg')">
            <div class="hover"></div>
            
            <div class="stickers"></div>
        </div>
    </a>
    <div>
        <h4><a href="../acqua-fior-di-arancio.html"><b>Acqua Fior Di Arancio</b></a></h4>
        <p class="description">0.25 Lt</p>
        <p class="right price"><b>1.99 €</b></p>
        <p class="right unitPrice">7.95 € per litre</p>
    </div>
    <div class="contButton">
    <a class="button bgRed white addToCart" href="#">Add</a>
</div>
</div><div class="left product prod2"
        data-name="Ambrosio Diavolini"
        data-price="1.69"
        data-id="1741"
        data-available="yes"
        data-category="6845"
        data-bestselling="">
    <a href="../ambrosio-diavolini.html">
        <div style="background-image: url('../../cdn.spesati.com/images/products/11902401/ambrosio-diavolini-100gr.jpg')">
            <div class="hover"></div>
            
            <div class="stickers"></div>
        </div>
    </a>
    <div>
        <h4><a href="../ambrosio-diavolini.html"><b>Ambrosio Diavolini</b></a></h4>
        <p class="description">0.1 Kg</p>
        <p class="right price"><b>1.69 €</b></p>
        <p class="right unitPrice">16.90 € per kg</p>
    </div>
    <div class="contButton">
    <a class="button bgRed white addToCart" href="#">Add</a>
</div>
</div><div class="left product prod3"
        data-name="Cioccolato Idav Gocce 100Gr"
        data-price="1.95"
        data-id="5842"
        data-available="yes"
        data-category="6845"
        data-bestselling="">
    <a href="../cioccolato-idav-gocce-100gr.html">
        <div style="background-image: url('../../cdn.spesati.com/images/products/116598/cioccolato-idav-gocce-01.jpg')">
            <div class="hover"></div>
            
            <div class="stickers"></div>
        </div>
    </a>
    <div>
        <h4><a href="../cioccolato-idav-gocce-100gr.html"><b>Cioccolato Idav Gocce 100Gr</b></a></h4>
        <p class="description">0.1 Kg</p>
        <p class="right price"><b>1.95 €</b></p>
        <p class="right unitPrice">19.50 € per kg</p>
    </div>
    <div class="contButton">
    <a class="button bgRed white addToCart" href="#">Add</a>
</div>
</div><div class="left product prod4"
        data-name="Cioccolato Idav Scagliette 100Gr"
        data-price="2.20"
        data-id="6046"
        data-available="yes"
        data-category="6845"
        data-bestselling="">
    <a href="../cioccolato-idav-scagliette-100gr.html">
        <div style="background-image: url('../../cdn.spesati.com/images/products/116596/cioccolato-idav-scagliette-01.jpg')">
            <div class="hover"></div>
            
            <div class="stickers"></div>
        </div>
    </a>
    <div>
        <h4><a href="../cioccolato-idav-scagliette-100gr.html"><b>Cioccolato Idav Scagliette 100Gr</b></a></h4>
        <p class="description">0.1 Kg</p>
        <p class="right price"><b>2.20 €</b></p>
        <p class="right unitPrice">22.04 € per kg</p>
    </div>
    <div class="contButton">
    <a class="button bgRed white addToCart" href="#">Add</a>
</div>
</div><div class="left product prod5"
        data-name="Ambrosio Cioccolato Colorato Bing Bong 100Gr"
        data-price="2.43"
        data-id="5629"
        data-available="yes"
        data-category="6845"
        data-bestselling="">
    <a href="../ambrosio-cioccolato-colorato-bing-bong-100gr.html">
        <div style="background-image: url('../../cdn.spesati.com/images/products/116595/ambrosio-cioccolato-colorato-01.jpg')">
            <div class="hover"></div>
            
            <div class="stickers"></div>
        </div>
    </a>
    <div>
        <h4><a href="../ambrosio-cioccolato-colorato-bing-bong-100gr.html"><b>Ambrosio Cioccolato Colorato Bing Bong 100Gr</b></a></h4>
        <p class="description">0.1 Kg</p>
        <p class="right price"><b>2.43 €</b></p>
        <p class="right unitPrice">24.32 € per kg</p>
    </div>
    <div class="contButton">
    <a class="button bgRed white addToCart" href="#">Add</a>
</div>
</div><div class="left product prod6"
        data-name="Ciliegie Candite Verdi 100Gr"
        data-price="1.92"
        data-id="6042"
        data-available="yes"
        data-category="6845"
        data-bestselling="">
    <a href="../ciliegie-candite-verdi-100gr.html">
        <div style="background-image: url('../../cdn.spesati.com/images/products/114804/ciliegie-candite-verdi-01.jpg')">
            <div class="hover"></div>
            
            <div class="stickers"></div>
        </div>
    </a>
    <div>
        <h4><a href="../ciliegie-candite-verdi-100gr.html"><b>Ciliegie Candite Verdi 100Gr</b></a></h4>
        <p class="description">0.1 Kg</p>
        <p class="right price"><b>1.92 €</b></p>
        <p class="right unitPrice">19.21 € per kg</p>
    </div>
    <div class="contButton">
    <a class="button bgRed white addToCart" href="#">Add</a>
</div>
</div><div class="left product prod7"
        data-name="Preparato Vegetale Hopla Zuccherato 200Ml"
        data-price="1.49"
        data-id="7129"
        data-available="yes"
        data-category="6845"
        data-bestselling="">
    <a href="../preparato-vegetale-hopla-zuccherato-200ml.html">
        <div style="background-image: url('../../cdn.spesati.com/images/products/000509213/hopla-da-montare-gia-zuccherata-200-ml-01.png')">
            <div class="hover"></div>
            
            <div class="stickers"><img class="left" src="../../cdn.spesati.com/images/layout/vegan.png" /></div>
        </div>
    </a>
    <div>
        <h4><a href="../preparato-vegetale-hopla-zuccherato-200ml.html"><b>Preparato Vegetale Hopla Zuccherato 200Ml</b></a></h4>
        <p class="description">Hoplà da Montare già zuccherata 200 ml</p>
        <p class="right price"><b>1.49 €</b></p>
        <p class="right unitPrice">7.46 € per litre</p>
    </div>
    <div class="contButton">
    <a class="button bgRed white addToCart" href="#">Add</a>
</div>
</div><div class="left product prod8"
        data-name="Mix Spray Hopla 350Gr"
        data-price="3.89"
        data-id="6635"
        data-available="yes"
        data-category="6845"
        data-bestselling="">
    <a href="../mix-spray-hopla-350gr.html">
        <div style="background-image: url('../../cdn.spesati.com/images/products/000509212/hopla-spray-zuccherata-a-base-di-panna-e-grasso-vegetale-250-g-01.png')">
            <div class="hover"></div>
            
            <div class="stickers"></div>
        </div>
    </a>
    <div>
        <h4><a href="../mix-spray-hopla-350gr.html"><b>Mix Spray Hopla 350Gr</b></a></h4>
        <p class="description">Hoplà Spray Zuccherata a Base di Panna e Grasso Vegetale 250 g</p>
        <p class="right price"><b>3.89 €</b></p>
        <p class="right unitPrice">11.11 € per kg</p>
    </div>
    <div class="contButton">
    <a class="button bgRed white addToCart" href="#">Add</a>
</div>
</div><div class="left product prod9"
        data-name="Crema Parmalat Past Dess 530ml"
        data-price="2.45"
        data-id="6222"
        data-available="yes"
        data-category="6845"
        data-bestselling="">
    <a href="../crema-parmalat-past-dess-530ml.html">
        <div style="background-image: url('../../cdn.spesati.com/images/products/000504709/chef-crema-pasticcera-530-g-01.png')">
            <div class="hover"></div>
            
            <div class="stickers"></div>
        </div>
    </a>
    <div>
        <h4><a href="../crema-parmalat-past-dess-530ml.html"><b>Crema Parmalat Past Dess 530ml</b></a></h4>
        <p class="description">Chef Crema Pasticcera 530 g</p>
        <p class="right price"><b>2.45 €</b></p>
        <p class="right unitPrice">4.62 € per litre</p>
    </div>
    <div class="contButton">
    <a class="button bgRed white addToCart" href="#">Add</a>
</div>
</div><div class="left product prod10"
        data-name="Topping Fabbri Passion Fr 950g"
        data-price="14.48"
        data-id="78512"
        data-available="yes"
        data-category="6845"
        data-bestselling="">
    <a href="../topping-fabbri-passion-fr-950g.html">
        <div style="background-image: url('../../cdn.spesati.com/images/products/000472881/fabbri-top-gourmet-sauce-passion-fruit-950-g-01.png')">
            <div class="hover"></div>
            
            <div class="stickers"></div>
        </div>
    </a>
    <div>
        <h4><a href="../topping-fabbri-passion-fr-950g.html"><b>Topping Fabbri Passion Fr 950g</b></a></h4>
        <p class="description">Fabbri Top Gourmet sauce Passion Fruit 950 g</p>
        <p class="right price"><b>14.48 €</b></p>
        <p class="right unitPrice">15.24 € per kg</p>
    </div>
    <div class="contButton">
    <a class="button bgRed white addToCart" href="#">Add</a>
</div>
</div><div class="left product prod11"
        data-name="Topping Fabbri Caram Sal 950gr"
        data-price="14.48"
        data-id="78509"
        data-available="yes"
        data-category="6845"
        data-bestselling="">
    <a href="../topping-fabbri-caram-sal-950gr.html">
        <div style="background-image: url('../../cdn.spesati.com/images/products/000472880/fabbri-top-gourmet-sauce-gusto-caramello-al-burro-salato-950-g-01.png')">
            <div class="hover"></div>
            
            <div class="stickers"></div>
        </div>
    </a>
    <div>
        <h4><a href="../topping-fabbri-caram-sal-950gr.html"><b>Topping Fabbri Caram Sal 950gr</b></a></h4>
        <p class="description">Fabbri Top Gourmet sauce gusto Caramello al Burro Salato 950 g</p>
        <p class="right price"><b>14.48 €</b></p>
        <p class="right unitPrice">15.24 € per kg</p>
    </div>
    <div class="contButton">
    <a class="button bgRed white addToCart" href="#">Add</a>
</div>
</div><div class="left product prod12"
        data-name="Topping Fabbri Amaretto 950gr"
        data-price="14.48"
        data-id="78506"
        data-available="yes"
        data-category="6845"
        data-bestselling="">
    <a href="../topping-fabbri-amaretto-950gr.html">
        <div style="background-image: url('../../cdn.spesati.com/images/products/000472879/fabbri-top-gourmet-sauce-amaretto-950-g-01.png')">
            <div class="hover"></div>
            
            <div class="stickers"></div>
        </div>
    </a>
    <div>
        <h4><a href="../topping-fabbri-amaretto-950gr.html"><b>Topping Fabbri Amaretto 950gr</b></a></h4>
        <p class="description">Fabbri Top Gourmet sauce Amaretto 950 g</p>
        <p class="right price"><b>14.48 €</b></p>
        <p class="right unitPrice">15.24 € per kg</p>
    </div>
    <div class="contButton">
    <a class="button bgRed white addToCart" href="#">Add</a>
</div>
</div><div class="left product prod13"
        data-name="Aromi Dolci Rebec Anice 2x5ml"
        data-price="2.79"
        data-id="76272"
        data-available="yes"
        data-category="6845"
        data-bestselling="">
    <a href="../aromi-dolci-rebec-anice-2x5ml.html">
        <div style="background-image: url('../../cdn.spesati.com/images/products/000472692/mariarosa-aroma-per-dolci-gusto-anice-2-x-5-ml-01.png')">
            <div class="hover"></div>
            
            <div class="stickers"></div>
        </div>
    </a>
    <div>
        <h4><a href="../aromi-dolci-rebec-anice-2x5ml.html"><b>Aromi Dolci Rebec Anice 2x5ml</b></a></h4>
        <p class="description">Mariarosa Aroma per dolci Gusto anice 2 x 5 ml</p>
        <p class="right price"><b>2.79 €</b></p>
        <p class="right unitPrice">279.01 € per litre</p>
    </div>
    <div class="contButton">
    <a class="button bgRed white addToCart" href="#">Add</a>
</div>
</div><div class="left product prod14"
        data-name="Tortagel Paneangeli 3bst 42gr"
        data-price="1.79"
        data-id="32835"
        data-available="yes"
        data-category="6845"
        data-bestselling="">
    <a href="../tortagel-paneangeli-3bst-42gr.html">
        <div style="background-image: url('../../cdn.spesati.com/images/products/000437098/paneangeli-tortagel-3-x-14-g-01.png')">
            <div class="hover"></div>
            
            <div class="stickers"></div>
        </div>
    </a>
    <div>
        <h4><a href="../tortagel-paneangeli-3bst-42gr.html"><b>Tortagel Paneangeli 3bst 42gr</b></a></h4>
        <p class="description">PANEANGELI Tortagel 3 x 14 g</p>
        <p class="right price"><b>1.79 €</b></p>
        <p class="right unitPrice">42.61 € per kg</p>
    </div>
    <div class="contButton">
    <a class="button bgRed white addToCart" href="#">Add</a>
</div>
</div><div class="left product prod15"
        data-name="Topping Fabbri Noccio Exp 950g"
        data-price="14.48"
        data-id="60933"
        data-available="yes"
        data-category="6845"
        data-bestselling="">
    <a href="../topping-fabbri-noccio-exp-950g.html">
        <div style="background-image: url('../../cdn.spesati.com/images/products/000211009/fabbri-top-gourmet-sauce-nocciola-950-g-01.png')">
            <div class="hover"></div>
            
            <div class="stickers"></div>
        </div>
    </a>
    <div>
        <h4><a href="../topping-fabbri-noccio-exp-950g.html"><b>Topping Fabbri Noccio Exp 950g</b></a></h4>
        <p class="description">Fabbri Top Gourmet sauce Nocciola 950 g</p>
        <p class="right price"><b>14.48 €</b></p>
        <p class="right unitPrice">15.24 € per kg</p>
    </div>
    <div class="contButton">
    <a class="button bgRed white addToCart" href="#">Add</a>
</div>
</div><div class="left product prod16"
        data-name="Topping Fabbri Caffe 900gr"
        data-price="14.48"
        data-id="60930"
        data-available="yes"
        data-category="6845"
        data-bestselling="">
    <a href="../topping-fabbri-caffe-900gr.html">
        <div style="background-image: url('../../cdn.spesati.com/images/products/000211008/fabbri-top-gourmet-sauce-caffe-900-g-01.png')">
            <div class="hover"></div>
            
            <div class="stickers"></div>
        </div>
    </a>
    <div>
        <h4><a href="../topping-fabbri-caffe-900gr.html"><b>Topping Fabbri Caffe 900gr</b></a></h4>
        <p class="description">Fabbri Top Gourmet sauce Caffé 900 g</p>
        <p class="right price"><b>14.48 €</b></p>
        <p class="right unitPrice">16.08 € per kg</p>
    </div>
    <div class="contButton">
    <a class="button bgRed white addToCart" href="#">Add</a>
</div>
</div><div class="left product prod17"
        data-name="Topping Fabbri Cacao 950gr"
        data-price="14.58"
        data-id="60927"
        data-available="yes"
        data-category="6845"
        data-bestselling="">
    <a href="../topping-fabbri-cacao-950gr.html">
        <div style="background-image: url('../../cdn.spesati.com/images/products/000211007/fabbri-top-gourmet-sauce-cacao-950-g-01.png')">
            <div class="hover"></div>
            
            <div class="stickers"></div>
        </div>
    </a>
    <div>
        <h4><a href="../topping-fabbri-cacao-950gr.html"><b>Topping Fabbri Cacao 950gr</b></a></h4>
        <p class="description">Fabbri Top Gourmet sauce Cacao 950 g</p>
        <p class="right price"><b>14.58 €</b></p>
        <p class="right unitPrice">15.35 € per kg</p>
    </div>
    <div class="contButton">
    <a class="button bgRed white addToCart" href="#">Add</a>
</div>
</div><div class="left product prod18"
        data-name="Amarena Fabbri Latta 1250 Gr"
        data-price="22.95"
        data-id="29279"
        data-available="yes"
        data-category="6845"
        data-bestselling="">
    <a href="../amarena-fabbri-latta-1250-gr.html">
        <div style="background-image: url('../../cdn.spesati.com/images/products/000210981/amarena-fabbri-frutto-e-sciroppo-1250-kg-01.png')">
            <div class="hover"></div>
            
            <div class="stickers"></div>
        </div>
    </a>
    <div>
        <h4><a href="../amarena-fabbri-latta-1250-gr.html"><b>Amarena Fabbri Latta 1250 Gr</b></a></h4>
        <p class="description">Amarena Fabbri Frutto e Sciroppo 1,250 kg</p>
        <p class="right price"><b>22.95 €</b></p>
        <p class="right unitPrice">18.36 € per kg</p>
    </div>
    <div class="contButton">
    <a class="button bgRed white addToCart" href="#">Add</a>
</div>
</div><div class="left product prod19"
        data-name="Topping Fabbri Choco Bian 950g"
        data-price="14.48"
        data-id="29278"
        data-available="yes"
        data-category="6845"
        data-bestselling="">
    <a href="../topping-fabbri-choco-bian-950g.html">
        <div style="background-image: url('../../cdn.spesati.com/images/products/000210979/fabbri-top-gourmet-sauce-choco-bianco-950-g-01.png')">
            <div class="hover"></div>
            
            <div class="stickers"></div>
        </div>
    </a>
    <div>
        <h4><a href="../topping-fabbri-choco-bian-950g.html"><b>Topping Fabbri Choco Bian 950g</b></a></h4>
        <p class="description">Fabbri Top Gourmet sauce Choco-Bianco 950 g</p>
        <p class="right price"><b>14.48 €</b></p>
        <p class="right unitPrice">15.24 € per kg</p>
    </div>
    <div class="contButton">
    <a class="button bgRed white addToCart" href="#">Add</a>
</div>
</div><div class="left product prod20"
        data-name="Topping Fabbri Pistacch 850gr"
        data-price="33.43"
        data-id="29268"
        data-available="yes"
        data-category="6845"
        data-bestselling="">
    <a href="../topping-fabbri-pistacch-850gr.html">
        <div style="background-image: url('../../cdn.spesati.com/images/products/000210968/fabbri-top-gold-gourmet-sauce-pistacchio-850-g-01.png')">
            <div class="hover"></div>
            
            <div class="stickers"></div>
        </div>
    </a>
    <div>
        <h4><a href="../topping-fabbri-pistacch-850gr.html"><b>Topping Fabbri Pistacch 850gr</b></a></h4>
        <p class="description">Fabbri Top Gold Gourmet sauce Pistacchio 850 g</p>
        <p class="right price"><b>33.43 €</b></p>
        <p class="right unitPrice">39.33 € per kg</p>
    </div>
    <div class="contButton">
    <a class="button bgRed white addToCart" href="#">Add</a>
</div>
</div><div class="left product prod21"
        data-name="Topping Fabbri Mango 950 Gr"
        data-price="13.49"
        data-id="29259"
        data-available="yes"
        data-category="6845"
        data-bestselling="">
    <a href="../topping-fabbri-mango-950-gr.html">
        <div style="background-image: url('../../cdn.spesati.com/images/products/000210957/fabbri-top-gourmet-sauce-mango-950-g-01.png')">
            <div class="hover"></div>
            
            <div class="stickers"></div>
        </div>
    </a>
    <div>
        <h4><a href="../topping-fabbri-mango-950-gr.html"><b>Topping Fabbri Mango 950 Gr</b></a></h4>
        <p class="description">Fabbri Top Gourmet sauce Mango 950 g</p>
        <p class="right price"><b>13.49 €</b></p>
        <p class="right unitPrice">14.20 € per kg</p>
    </div>
    <div class="contButton">
    <a class="button bgRed white addToCart" href="#">Add</a>
</div>
</div><div class="left product prod22"
        data-name="Topping Fabbri Cocco 950 Gr"
        data-price="14.48"
        data-id="29258"
        data-available="yes"
        data-category="6845"
        data-bestselling="">
    <a href="../topping-fabbri-cocco-950-gr.html">
        <div style="background-image: url('../../cdn.spesati.com/images/products/000210956/fabbri-top-gourmet-sauce-cocco-900-g-01.png')">
            <div class="hover"></div>
            
            <div class="stickers"></div>
        </div>
    </a>
    <div>
        <h4><a href="../topping-fabbri-cocco-950-gr.html"><b>Topping Fabbri Cocco 950 Gr</b></a></h4>
        <p class="description">Fabbri Top Gourmet sauce Cocco 900 g</p>
        <p class="right price"><b>14.48 €</b></p>
        <p class="right unitPrice">15.24 € per kg</p>
    </div>
    <div class="contButton">
    <a class="button bgRed white addToCart" href="#">Add</a>
</div>
</div><div class="left product prod23"
        data-name="Topping Fabbri Menta 950 Gr"
        data-price="14.48"
        data-id="29256"
        data-available="yes"
        data-category="6845"
        data-bestselling="">
    <a href="../topping-fabbri-menta-950-gr.html">
        <div style="background-image: url('../../cdn.spesati.com/images/products/000210954/fabbri-top-gourmet-sauce-menta-950-g-01.png')">
            <div class="hover"></div>
            
            <div class="stickers"></div>
        </div>
    </a>
    <div>
        <h4><a href="../topping-fabbri-menta-950-gr.html"><b>Topping Fabbri Menta 950 Gr</b></a></h4>
        <p class="description">Fabbri Top Gourmet sauce Menta 950 g</p>
        <p class="right price"><b>14.48 €</b></p>
        <p class="right unitPrice">15.24 € per kg</p>
    </div>
    <div class="contButton">
    <a class="button bgRed white addToCart" href="#">Add</a>
</div>
</div><div class="left product prod24"
        data-name="Topping Fabbri Kiwi 950gr"
        data-price="11.06"
        data-id="29254"
        data-available="yes"
        data-category="6845"
        data-bestselling="">
    <a href="../topping-fabbri-kiwi-950gr.html">
        <div style="background-image: url('../../cdn.spesati.com/images/products/000210952/fabbri-top-gourmet-sauce-kiwi-950-g-01.png')">
            <div class="hover"></div>
            
            <div class="stickers"></div>
        </div>
    </a>
    <div>
        <h4><a href="../topping-fabbri-kiwi-950gr.html"><b>Topping Fabbri Kiwi 950gr</b></a></h4>
        <p class="description">Fabbri Top Gourmet sauce Kiwi 950 g</p>
        <p class="right price"><b>11.06 €</b></p>
        <p class="right unitPrice">11.65 € per kg</p>
    </div>
    <div class="contButton">
    <a class="button bgRed white addToCart" href="#">Add</a>
</div>
</div><div class="left product prod25"
        data-name="Topping Fabbri Arancia 950gr"
        data-price="14.48"
        data-id="29253"
        data-available="yes"
        data-category="6845"
        data-bestselling="">
    <a href="../topping-fabbri-arancia-950gr.html">
        <div style="background-image: url('../../cdn.spesati.com/images/products/000210951/fabbri-top-gourmet-sauce-arancia-950-g-01.png')">
            <div class="hover"></div>
            
            <div class="stickers"></div>
        </div>
    </a>
    <div>
        <h4><a href="../topping-fabbri-arancia-950gr.html"><b>Topping Fabbri Arancia 950gr</b></a></h4>
        <p class="description">Fabbri Top Gourmet sauce Arancia 950 g</p>
        <p class="right price"><b>14.48 €</b></p>
        <p class="right unitPrice">15.24 € per kg</p>
    </div>
    <div class="contButton">
    <a class="button bgRed white addToCart" href="#">Add</a>
</div>
</div><div class="left product prod26"
        data-name="Frescafrutta Gelee'nebuliz Fab"
        data-price="20.77"
        data-id="29252"
        data-available="yes"
        data-category="6845"
        data-bestselling="">
    <a href="../frescafrutta-geleenebuliz-fab.html">
        <div style="background-image: url('../../cdn.spesati.com/images/products/000210948/fabbri-fresca-frutta-gelee-800-g-nebulizzatore-01.png')">
            <div class="hover"></div>
            
            <div class="stickers"></div>
        </div>
    </a>
    <div>
        <h4><a href="../frescafrutta-geleenebuliz-fab.html"><b>Frescafrutta Gelee'nebuliz Fab</b></a></h4>
        <p class="description">Fabbri Fresca Frutta gelée 800 g + Nebulizzatore</p>
        <p class="right price"><b>20.77 €</b></p>
        <p class="right unitPrice">24.52 € per kg</p>
    </div>
    <div class="contButton">
    <a class="button bgRed white addToCart" href="#">Add</a>
</div>
</div><div class="left product prod27"
        data-name="Topping Fabbri Acero 900gr"
        data-price="22.88"
        data-id="29251"
        data-available="yes"
        data-category="6845"
        data-bestselling="">
    <a href="../topping-fabbri-acero-900gr.html">
        <div style="background-image: url('../../cdn.spesati.com/images/products/000210946/fabbri-top-gourmet-sauce-acero-900-g-01.png')">
            <div class="hover"></div>
            
            <div class="stickers"></div>
        </div>
    </a>
    <div>
        <h4><a href="../topping-fabbri-acero-900gr.html"><b>Topping Fabbri Acero 900gr</b></a></h4>
        <p class="description">Fabbri Top Gourmet sauce Acero 900 g</p>
        <p class="right price"><b>22.88 €</b></p>
        <p class="right unitPrice">25.43 € per kg</p>
    </div>
    <div class="contButton">
    <a class="button bgRed white addToCart" href="#">Add</a>
</div>
</div><div class="left product prod28"
        data-name="Amarena Fabbri 230g"
        data-price="6.35"
        data-id="29249"
        data-available="yes"
        data-category="6845"
        data-bestselling="">
    <a href="../amarena-fabbri-230g.html">
        <div style="background-image: url('../../cdn.spesati.com/images/products/000210939/amarena-fabbri-frutto-e-sciroppo-230-g-01.png')">
            <div class="hover"></div>
            
            <div class="stickers"></div>
        </div>
    </a>
    <div>
        <h4><a href="../amarena-fabbri-230g.html"><b>Amarena Fabbri 230g</b></a></h4>
        <p class="description">Amarena Fabbri Frutto e Sciroppo 230 g</p>
        <p class="right price"><b>6.35 €</b></p>
        <p class="right unitPrice">27.61 € per kg</p>
    </div>
    <div class="contButton">
    <a class="button bgRed white addToCart" href="#">Add</a>
</div>
</div><div class="left product prod29"
        data-name="Fabbri Top Royal Fragolina 225Gr"
        data-price="3.65"
        data-id="5845"
        data-available="yes"
        data-category="6845"
        data-bestselling="">
    <a href="../fabbri-top-royal-fragolina-225gr.html">
        <div style="background-image: url('../../cdn.spesati.com/images/products/000210938/fabbri-top-alla-fragolina-di-bosco-225-g-01.png')">
            <div class="hover"></div>
            
            <div class="stickers"></div>
        </div>
    </a>
    <div>
        <h4><a href="../fabbri-top-royal-fragolina-225gr.html"><b>Fabbri Top Royal Fragolina 225Gr</b></a></h4>
        <p class="description">Fabbri Top alla Fragolina di Bosco 225 g</p>
        <p class="right price"><b>3.65 €</b></p>
        <p class="right unitPrice">16.23 € per kg</p>
    </div>
    <div class="contButton">
    <a class="button bgRed white addToCart" href="#">Add</a>
</div>
</div><div class="left product prod30"
        data-name="Fabbri Top Royal Caramello"
        data-price="3.65"
        data-id="1744"
        data-available="yes"
        data-category="6845"
        data-bestselling="">
    <a href="../fabbri-top-royal-caramello.html">
        <div style="background-image: url('../../cdn.spesati.com/images/products/000210937/fabbri-top-al-caramello-225-g-01.png')">
            <div class="hover"></div>
            
            <div class="stickers"></div>
        </div>
    </a>
    <div>
        <h4><a href="../fabbri-top-royal-caramello.html"><b>Fabbri Top Royal Caramello</b></a></h4>
        <p class="description">Fabbri Top al Caramello 225 g</p>
        <p class="right price"><b>3.65 €</b></p>
        <p class="right unitPrice">14.60 € per kg</p>
    </div>
    <div class="contButton">
    <a class="button bgRed white addToCart" href="#">Add</a>
</div>
</div><div class="left product prod31"
        data-name="Fabbri Top Royal Cioccolato"
        data-price="3.65"
        data-id="1745"
        data-available="yes"
        data-category="6845"
        data-bestselling="">
    <a href="../fabbri-top-royal-cioccolato.html">
        <div style="background-image: url('../../cdn.spesati.com/images/products/000210936/fabbri-top-gusto-cioccolato-225-g-01.png')">
            <div class="hover"></div>
            
            <div class="stickers"></div>
        </div>
    </a>
    <div>
        <h4><a href="../fabbri-top-royal-cioccolato.html"><b>Fabbri Top Royal Cioccolato</b></a></h4>
        <p class="description">Fabbri Top gusto Cioccolato 225 g</p>
        <p class="right price"><b>3.65 €</b></p>
        <p class="right unitPrice">14.60 € per kg</p>
    </div>
    <div class="contButton">
    <a class="button bgRed white addToCart" href="#">Add</a>
</div>
</div><div class="left product prod32"
        data-name="Ciliegie Cocktail Fabbri 470gr"
        data-price="11.95"
        data-id="29247"
        data-available="yes"
        data-category="6845"
        data-bestselling="">
    <a href="../ciliegie-cocktail-fabbri-470gr.html">
        <div style="background-image: url('../../cdn.spesati.com/images/products/000210928/fabbri-ciliegie-cocktail-al-gusto-di-maraschino-470-g-01.png')">
            <div class="hover"></div>
            
            <div class="stickers"></div>
        </div>
    </a>
    <div>
        <h4><a href="../ciliegie-cocktail-fabbri-470gr.html"><b>Ciliegie Cocktail Fabbri 470gr</b></a></h4>
        <p class="description">Fabbri Ciliegie Cocktail al Gusto di Maraschino 470 g</p>
        <p class="right price"><b>11.95 €</b></p>
        <p class="right unitPrice">25.43 € per kg</p>
    </div>
    <div class="contButton">
    <a class="button bgRed white addToCart" href="#">Add</a>
</div>
</div><div class="left product prod33"
        data-name="Kroccant Fabbri Cioccol 780gr"
        data-price="15.67"
        data-id="29246"
        data-available="yes"
        data-category="6845"
        data-bestselling="">
    <a href="../kroccant-fabbri-cioccol-780gr.html">
        <div style="background-image: url('../../cdn.spesati.com/images/products/000210927/fabbri-choco-kroccant-glassa-croccante-780-g-01.png')">
            <div class="hover"></div>
            
            <div class="stickers"></div>
        </div>
    </a>
    <div>
        <h4><a href="../kroccant-fabbri-cioccol-780gr.html"><b>Kroccant Fabbri Cioccol 780gr</b></a></h4>
        <p class="description">Fabbri Choco Kroccant glassa croccante 780 g</p>
        <p class="right price"><b>15.67 €</b></p>
        <p class="right unitPrice">20.10 € per kg</p>
    </div>
    <div class="contButton">
    <a class="button bgRed white addToCart" href="#">Add</a>
</div>
</div><div class="left product prod34"
        data-name="Chiarafrutta Fabbri 900gr"
        data-price="14.73"
        data-id="29245"
        data-available="yes"
        data-category="6845"
        data-bestselling="">
    <a href="../chiarafrutta-fabbri-900gr.html">
        <div style="background-image: url('../../cdn.spesati.com/images/products/000210926/fabbri-chiara-frutta-900-g-01.png')">
            <div class="hover"></div>
            
            <div class="stickers"></div>
        </div>
    </a>
    <div>
        <h4><a href="../chiarafrutta-fabbri-900gr.html"><b>Chiarafrutta Fabbri 900gr</b></a></h4>
        <p class="description">Fabbri chiara frutta 900 g</p>
        <p class="right price"><b>14.73 €</b></p>
        <p class="right unitPrice">16.37 € per kg</p>
    </div>
    <div class="contButton">
    <a class="button bgRed white addToCart" href="#">Add</a>
</div>
</div><div class="left product prod35"
        data-name="Topping Fabbri Frut Bosco 950g"
        data-price="15.20"
        data-id="29244"
        data-available="yes"
        data-category="6845"
        data-bestselling="">
    <a href="../topping-fabbri-frut-bosco-950g.html">
        <div style="background-image: url('../../cdn.spesati.com/images/products/000210925/fabbri-top-gourmet-sauce-frutti-di-bosco-950-g-01.png')">
            <div class="hover"></div>
            
            <div class="stickers"></div>
        </div>
    </a>
    <div>
        <h4><a href="../topping-fabbri-frut-bosco-950g.html"><b>Topping Fabbri Frut Bosco 950g</b></a></h4>
        <p class="description">Fabbri Top Gourmet sauce Frutti di Bosco 950 g</p>
        <p class="right price"><b>15.20 €</b></p>
        <p class="right unitPrice">16.01 € per kg</p>
    </div>
    <div class="contButton">
    <a class="button bgRed white addToCart" href="#">Add</a>
</div>
</div><div class="left product prod36"
        data-name="Topping Fabbri Cioccolato 950g"
        data-price="14.48"
        data-id="29243"
        data-available="yes"
        data-category="6845"
        data-bestselling="">
    <a href="../topping-fabbri-cioccolato-950g.html">
        <div style="background-image: url('../../cdn.spesati.com/images/products/000210924/fabbri-top-gourmet-sauce-gusto-cioccolato-950-g-01.png')">
            <div class="hover"></div>
            
            <div class="stickers"></div>
        </div>
    </a>
    <div>
        <h4><a href="../topping-fabbri-cioccolato-950g.html"><b>Topping Fabbri Cioccolato 950g</b></a></h4>
        <p class="description">Fabbri Top Gourmet sauce gusto Cioccolato 950 g</p>
        <p class="right price"><b>14.48 €</b></p>
        <p class="right unitPrice">15.24 € per kg</p>
    </div>
    <div class="contButton">
    <a class="button bgRed white addToCart" href="#">Add</a>
</div>
</div><div class="left product prod37"
        data-name="Topping Fabbri Amarena 950g"
        data-price="14.48"
        data-id="29242"
        data-available="yes"
        data-category="6845"
        data-bestselling="">
    <a href="../topping-fabbri-amarena-950g.html">
        <div style="background-image: url('../../cdn.spesati.com/images/products/000210923/amarena-fabbri-top-gourmet-sauce-950-g-01.png')">
            <div class="hover"></div>
            
            <div class="stickers"></div>
        </div>
    </a>
    <div>
        <h4><a href="../topping-fabbri-amarena-950g.html"><b>Topping Fabbri Amarena 950g</b></a></h4>
        <p class="description">Amarena Fabbri Top Gourmet sauce 950 g</p>
        <p class="right price"><b>14.48 €</b></p>
        <p class="right unitPrice">15.24 € per kg</p>
    </div>
    <div class="contButton">
    <a class="button bgRed white addToCart" href="#">Add</a>
</div>
</div><div class="left product prod38"
        data-name="Topping Fabbri Caramello 950g"
        data-price="14.58"
        data-id="29241"
        data-available="yes"
        data-category="6845"
        data-bestselling="">
    <a href="../topping-fabbri-caramello-950g.html">
        <div style="background-image: url('../../cdn.spesati.com/images/products/000210922/fabbri-top-gourmet-sauce-caramello-950-g-01.png')">
            <div class="hover"></div>
            
            <div class="stickers"></div>
        </div>
    </a>
    <div>
        <h4><a href="../topping-fabbri-caramello-950g.html"><b>Topping Fabbri Caramello 950g</b></a></h4>
        <p class="description">Fabbri Top Gourmet sauce Caramello 950 g</p>
        <p class="right price"><b>14.58 €</b></p>
        <p class="right unitPrice">15.35 € per kg</p>
    </div>
    <div class="contButton">
    <a class="button bgRed white addToCart" href="#">Add</a>
</div>
</div><div class="left product prod39"
        data-name="Fabbri Amarena Opaline 600gr"
        data-price="12.07"
        data-id="29236"
        data-available="yes"
        data-category="6845"
        data-bestselling="">
    <a href="../fabbri-amarena-opaline-600gr.html">
        <div style="background-image: url('../../cdn.spesati.com/images/products/000210915/amarena-fabbri-600-g-01.png')">
            <div class="hover"></div>
            
            <div class="stickers"></div>
        </div>
    </a>
    <div>
        <h4><a href="../fabbri-amarena-opaline-600gr.html"><b>Fabbri Amarena Opaline 600gr</b></a></h4>
        <p class="description">Amarena Fabbri 600 g</p>
        <p class="right price"><b>12.07 €</b></p>
        <p class="right unitPrice">20.12 € per kg</p>
    </div>
    <div class="contButton">
    <a class="button bgRed white addToCart" href="#">Add</a>
</div>
</div><div class="left product prod40"
        data-name="Ciliege Al Liq.470gr.fabbri"
        data-price="16.72"
        data-id="29232"
        data-available="yes"
        data-category="6845"
        data-bestselling="">
    <a href="../ciliege-al-liq470grfabbri.html">
        <div style="background-image: url('../../cdn.spesati.com/images/products/000210905/fabbri-ciliegie-al-liquore-470-g-01.png')">
            <div class="hover"></div>
            
            <div class="stickers"></div>
        </div>
    </a>
    <div>
        <h4><a href="../ciliege-al-liq470grfabbri.html"><b>Ciliege Al Liq.470gr.fabbri</b></a></h4>
        <p class="description">Fabbri Ciliegie al liquore 470 g</p>
        <p class="right price"><b>16.72 €</b></p>
        <p class="right unitPrice">35.58 € per kg</p>
    </div>
    <div class="contButton">
    <a class="button bgRed white addToCart" href="#">Add</a>
</div>
</div><div class="left product prod41"
        data-name="Topping Fabbri Fragola 230gr"
        data-price="4.45"
        data-id="26953"
        data-available="yes"
        data-category="6845"
        data-bestselling="">
    <a href="../topping-fabbri-fragola-230gr.html">
        <div style="background-image: url('../../cdn.spesati.com/images/products/000119842/fragola-fabbri-frutto-e-sciroppo-230-g-01.png')">
            <div class="hover"></div>
            
            <div class="stickers"></div>
        </div>
    </a>
    <div>
        <h4><a href="../topping-fabbri-fragola-230gr.html"><b>Topping Fabbri Fragola 230gr</b></a></h4>
        <p class="description">Fragola Fabbri Frutto e Sciroppo 230 g</p>
        <p class="right price"><b>4.45 €</b></p>
        <p class="right unitPrice">19.35 € per kg</p>
    </div>
    <div class="contButton">
    <a class="button bgRed white addToCart" href="#">Add</a>
</div>
</div><div class="left product prod42"
        data-name="Topping Fabbri Vaniglia 950g"
        data-price="11.06"
        data-id="26911"
        data-available="yes"
        data-category="6845"
        data-bestselling="">
    <a href="../topping-fabbri-vaniglia-950g.html">
        <div style="background-image: url('../../cdn.spesati.com/images/products/000119355/fabbri-top-gourmet-sauce-vaniglia-950-g-01.png')">
            <div class="hover"></div>
            
            <div class="stickers"></div>
        </div>
    </a>
    <div>
        <h4><a href="../topping-fabbri-vaniglia-950g.html"><b>Topping Fabbri Vaniglia 950g</b></a></h4>
        <p class="description">Fabbri Top Gourmet sauce Vaniglia 950 g</p>
        <p class="right price"><b>11.06 €</b></p>
        <p class="right unitPrice">11.65 € per kg</p>
    </div>
    <div class="contButton">
    <a class="button bgRed white addToCart" href="#">Add</a>
</div>
</div><div class="left product prod43"
        data-name="Vaniglia P.angeli Bacca 1pz"
        data-price="6.19"
        data-id="26603"
        data-available="yes"
        data-category="6845"
        data-bestselling="">
    <a href="../vaniglia-pangeli-bacca-1pz.html">
        <div style="background-image: url('../../cdn.spesati.com/images/products/000117388/paneangeli-1-vaniglia-in-bacca-01.png')">
            <div class="hover"></div>
            
            <div class="stickers"></div>
        </div>
    </a>
    <div>
        <h4><a href="../vaniglia-pangeli-bacca-1pz.html"><b>Vaniglia P.angeli Bacca 1pz</b></a></h4>
        <p class="description">PANEANGELI 1 Vaniglia in bacca</p>
        <p class="right price"><b>6.19 €</b></p>
        <p class="right unitPrice">6.19 € per piece</p>
    </div>
    <div class="contButton">
    <a class="button bgRed white addToCart" href="#">Add</a>
</div>
</div><div class="left product prod44"
        data-name="Granella Nocciole Life 100gr"
        data-price="2.89"
        data-id="26292"
        data-available="yes"
        data-category="6845"
        data-bestselling="">
    <a href="../granella-nocciole-life-100gr.html">
        <div style="background-image: url('../../cdn.spesati.com/images/products/000115473/life-frutta-secca-granella-di-nocciole-100-g-01.png')">
            <div class="hover"></div>
            
            <div class="stickers"></div>
        </div>
    </a>
    <div>
        <h4><a href="../granella-nocciole-life-100gr.html"><b>Granella Nocciole Life 100gr</b></a></h4>
        <p class="description">life Frutta Secca Granella di Nocciole 100 g</p>
        <p class="right price"><b>2.89 €</b></p>
        <p class="right unitPrice">28.90 € per kg</p>
    </div>
    <div class="contButton">
    <a class="button bgRed white addToCart" href="#">Add</a>
</div>
</div><div class="left product prod45"
        data-name="Paneangeli Ideal Gelatina Fogli"
        data-price="1.49"
        data-id="1758"
        data-available="yes"
        data-category="6845"
        data-bestselling="">
    <a href="../paneangeli-ideal-gelatina-fogli.html">
        <div style="background-image: url('../../cdn.spesati.com/images/products/000114992/paneangeli-gelatina-in-fogli-12-g-01.png')">
            <div class="hover"></div>
            
            <div class="stickers"></div>
        </div>
    </a>
    <div>
        <h4><a href="../paneangeli-ideal-gelatina-fogli.html"><b>Paneangeli Ideal Gelatina Fogli</b></a></h4>
        <p class="description">PANEANGELI Gelatina in Fogli 12 g</p>
        <p class="right price"><b>1.49 €</b></p>
        <p class="right unitPrice">124.14 € per kg</p>
    </div>
    <div class="contButton">
    <a class="button bgRed white addToCart" href="#">Add</a>
</div>
</div><div class="left product prod46"
        data-name="Albicocche Scirop Valfrut 3kg"
        data-price="15.67"
        data-id="26153"
        data-available="yes"
        data-category="6845"
        data-bestselling="">
    <a href="../albicocche-scirop-valfrut-3kg.html">
        <div style="background-image: url('../../cdn.spesati.com/images/products/000114857/valfrutta-granchef-albicocche-a-meta-2650-g-01.png')">
            <div class="hover"></div>
            
            <div class="stickers"></div>
        </div>
    </a>
    <div>
        <h4><a href="../albicocche-scirop-valfrut-3kg.html"><b>Albicocche Scirop Valfrut 3kg</b></a></h4>
        <p class="description">Valfrutta Granchef Albicocche a Metà 2650 g</p>
        <p class="right price"><b>15.67 €</b></p>
        <p class="right unitPrice">5.23 € per kg</p>
    </div>
    <div class="contButton">
    <a class="button bgRed white addToCart" href="#">Add</a>
</div>
</div><div class="left product prod47"
        data-name="Ananas Sciroppate Jolly 3kg"
        data-price="14.11"
        data-id="26135"
        data-available="yes"
        data-category="6845"
        data-bestselling="">
    <a href="../ananas-sciroppate-jolly-3kg.html">
        <div style="background-image: url('../../cdn.spesati.com/images/products/000114813/jolly-colombani-linea-catering-ananas-allo-sciroppo-3030-g-01.png')">
            <div class="hover"></div>
            
            <div class="stickers"></div>
        </div>
    </a>
    <div>
        <h4><a href="../ananas-sciroppate-jolly-3kg.html"><b>Ananas Sciroppate Jolly 3kg</b></a></h4>
        <p class="description">Jolly Colombani Linea Catering Ananas allo sciroppo 3030 g</p>
        <p class="right price"><b>14.11 €</b></p>
        <p class="right unitPrice">4.70 € per kg</p>
    </div>
    <div class="contButton">
    <a class="button bgRed white addToCart" href="#">Add</a>
</div>
</div><div class="left product prod48"
        data-name="Cacao Amaro Perugina 75Gr"
        data-price="1.82"
        data-id="5849"
        data-available="yes"
        data-category="6845"
        data-bestselling="1">
    <a href="../cacao-amaro-perugina-75gr.html">
        <div style="background-image: url('../../cdn.spesati.com/images/products/000114252/perugina-cacao-amaro-in-polvere-75g-01.png')">
            <div class="hover"></div>
            <p class="arrow bgRed white">Best Seller</p>
            <div class="stickers"></div>
        </div>
    </a>
    <div>
        <h4><a href="../cacao-amaro-perugina-75gr.html"><b>Cacao Amaro Perugina 75Gr</b></a></h4>
        <p class="description">PERUGINA Cacao Amaro in Polvere 75g</p>
        <p class="right price"><b>1.82 €</b></p>
        <p class="right unitPrice">24.20 € per kg</p>
    </div>
    <div class="contButton">
    <a class="button bgRed white addToCart" href="#">Add</a>
</div>
</div><div class="left product prod49"
        data-name="Paneangeli Dolceneve Bs"
        data-price="1.95"
        data-id="1756"
        data-available="yes"
        data-category="6845"
        data-bestselling="">
    <a href="../paneangeli-dolceneve-bs.html">
        <div style="background-image: url('../../cdn.spesati.com/images/products/000114202/paneangeli-dolceneve-150-g-01.png')">
            <div class="hover"></div>
            
            <div class="stickers"></div>
        </div>
    </a>
    <div>
        <h4><a href="../paneangeli-dolceneve-bs.html"><b>Paneangeli Dolceneve Bs</b></a></h4>
        <p class="description">PANEANGELI Dolceneve 150 g</p>
        <p class="right price"><b>1.95 €</b></p>
        <p class="right unitPrice">13.00 € per kg</p>
    </div>
    <div class="contButton">
    <a class="button bgRed white addToCart" href="#">Add</a>
</div>
</div><div class="left product prod50"
        data-name="Glassa Cameo Cioccolato"
        data-price="1.65"
        data-id="7086"
        data-available="yes"
        data-category="6845"
        data-bestselling="">
    <a href="../glassa-cameo-cioccolato.html">
        <div style="background-image: url('../../cdn.spesati.com/images/products/000114201/paneangeli-glassa-al-cacao-125-g-01.png')">
            <div class="hover"></div>
            
            <div class="stickers"></div>
        </div>
    </a>
    <div>
        <h4><a href="../glassa-cameo-cioccolato.html"><b>Glassa Cameo Cioccolato</b></a></h4>
        <p class="description">PANEANGELI Glassa al cacao 125 g</p>
        <p class="right price"><b>1.65 €</b></p>
        <p class="right unitPrice">1.65 € per piece</p>
    </div>
    <div class="contButton">
    <a class="button bgRed white addToCart" href="#">Add</a>
</div>
</div><div class="left product prod51"
        data-name="Zucchero Velo P.angeli Van Kg1"
        data-price="8.81"
        data-id="26054"
        data-available="yes"
        data-category="6845"
        data-bestselling="">
    <a href="../zucchero-velo-pangeli-van-kg1.html">
        <div style="background-image: url('../../cdn.spesati.com/images/products/000114164/paneangeli-zucchero-al-velo-vaniglinato-1-kg-01.png')">
            <div class="hover"></div>
            
            <div class="stickers"></div>
        </div>
    </a>
    <div>
        <h4><a href="../zucchero-velo-pangeli-van-kg1.html"><b>Zucchero Velo P.angeli Van Kg1</b></a></h4>
        <p class="description">PANEANGELI Zucchero al Velo vaniglinato 1 kg</p>
        <p class="right price"><b>8.81 €</b></p>
        <p class="right unitPrice">8.81 € per kg</p>
    </div>
    <div class="contButton">
    <a class="button bgRed white addToCart" href="#">Add</a>
</div>
</div><div class="left product prod52"
        data-name="Gelatina Paneangeli Fogli 500Gr"
        data-price="23.97"
        data-id="6224"
        data-available="yes"
        data-category="6845"
        data-bestselling="">
    <a href="../gelatina-paneangeli-fogli-500gr.html">
        <div style="background-image: url('../../cdn.spesati.com/images/products/000114163/paneangeli-gelatina-in-fogli-500-g-01.png')">
            <div class="hover"></div>
            
            <div class="stickers"></div>
        </div>
    </a>
    <div>
        <h4><a href="../gelatina-paneangeli-fogli-500gr.html"><b>Gelatina Paneangeli Fogli 500Gr</b></a></h4>
        <p class="description">PANEANGELI Gelatina in Fogli 500 g</p>
        <p class="right price"><b>23.97 €</b></p>
        <p class="right unitPrice">47.93 € per kg</p>
    </div>
    <div class="contButton">
    <a class="button bgRed white addToCart" href="#">Add</a>
</div>
</div><div class="left product prod53"
        data-name="Topping Fabbri Fragola 950gr"
        data-price="14.58"
        data-id="26031"
        data-available="yes"
        data-category="6845"
        data-bestselling="">
    <a href="../topping-fabbri-fragola-950gr.html">
        <div style="background-image: url('../../cdn.spesati.com/images/products/000114104/fabbri-top-gourmet-sauce-fragola-950-g-01.png')">
            <div class="hover"></div>
            
            <div class="stickers"></div>
        </div>
    </a>
    <div>
        <h4><a href="../topping-fabbri-fragola-950gr.html"><b>Topping Fabbri Fragola 950gr</b></a></h4>
        <p class="description">Fabbri Top Gourmet sauce Fragola 950 g</p>
        <p class="right price"><b>14.58 €</b></p>
        <p class="right unitPrice">15.35 € per kg</p>
    </div>
    <div class="contButton">
    <a class="button bgRed white addToCart" href="#">Add</a>
</div>
</div><div class="left product prod54"
        data-name="Topping Frutti Bosco Alsa 1kg"
        data-price="10.97"
        data-id="26015"
        data-available="yes"
        data-category="6845"
        data-bestselling="">
    <a href="../topping-frutti-bosco-alsa-1kg.html">
        <div style="background-image: url('../../cdn.spesati.com/images/products/000114013/carte-dor-professional-topping-frutti-di-bosco-gluten-free-1-kg-01.png')">
            <div class="hover"></div>
            
            <div class="stickers"></div>
        </div>
    </a>
    <div>
        <h4><a href="../topping-frutti-bosco-alsa-1kg.html"><b>Topping Frutti Bosco Alsa 1kg</b></a></h4>
        <p class="description">Carte d'Or Professional Topping Frutti di Bosco Gluten Free 1 kg</p>
        <p class="right price"><b>10.97 €</b></p>
        <p class="right unitPrice">10.97 € per kg</p>
    </div>
    <div class="contButton">
    <a class="button bgRed white addToCart" href="#">Add</a>
</div>
</div><div class="left product prod55"
        data-name="Topping Caramello Alsa 1kg"
        data-price="10.97"
        data-id="26014"
        data-available="yes"
        data-category="6845"
        data-bestselling="">
    <a href="../topping-caramello-alsa-1kg.html">
        <div style="background-image: url('../../cdn.spesati.com/images/products/000114012/carte-dor-professional-topping-caramello-gluten-free-1-kg-01.png')">
            <div class="hover"></div>
            
            <div class="stickers"></div>
        </div>
    </a>
    <div>
        <h4><a href="../topping-caramello-alsa-1kg.html"><b>Topping Caramello Alsa 1kg</b></a></h4>
        <p class="description">Carte d'Or Professional Topping Caramello Gluten Free 1 kg</p>
        <p class="right price"><b>10.97 €</b></p>
        <p class="right unitPrice">10.97 € per kg</p>
    </div>
    <div class="contButton">
    <a class="button bgRed white addToCart" href="#">Add</a>
</div>
</div><div class="left product prod56"
        data-name="Topping Amarena Alsa 1kg"
        data-price="10.89"
        data-id="26012"
        data-available="yes"
        data-category="6845"
        data-bestselling="">
    <a href="../topping-amarena-alsa-1kg.html">
        <div style="background-image: url('../../cdn.spesati.com/images/products/000114010/carte-dor-professional-topping-amarena-gluten-free-1-kg-01.png')">
            <div class="hover"></div>
            
            <div class="stickers"></div>
        </div>
    </a>
    <div>
        <h4><a href="../topping-amarena-alsa-1kg.html"><b>Topping Amarena Alsa 1kg</b></a></h4>
        <p class="description">Carte d'Or Professional Topping Amarena Gluten Free 1 kg</p>
        <p class="right price"><b>10.89 €</b></p>
        <p class="right unitPrice">10.89 € per kg</p>
    </div>
    <div class="contButton">
    <a class="button bgRed white addToCart" href="#">Add</a>
</div>
</div><div class="left product prod57"
        data-name="Topping Cioccolato Alsa 1kg"
        data-price="11.68"
        data-id="26010"
        data-available="yes"
        data-category="6845"
        data-bestselling="">
    <a href="../topping-cioccolato-alsa-1kg.html">
        <div style="background-image: url('../../cdn.spesati.com/images/products/000114008/carte-dor-professional-topping-cacao-gluten-free-1-kg-01.png')">
            <div class="hover"></div>
            
            <div class="stickers"></div>
        </div>
    </a>
    <div>
        <h4><a href="../topping-cioccolato-alsa-1kg.html"><b>Topping Cioccolato Alsa 1kg</b></a></h4>
        <p class="description">Carte d'Or Professional Topping Cacao Gluten Free 1 kg</p>
        <p class="right price"><b>11.68 €</b></p>
        <p class="right unitPrice">11.68 € per kg</p>
    </div>
    <div class="contButton">
    <a class="button bgRed white addToCart" href="#">Add</a>
</div>
</div><div class="left product prod58"
        data-name="Zucchero Velo Rebec Mariar 125"
        data-price="1.15"
        data-id="84848"
        data-available="yes"
        data-category="6845"
        data-bestselling="">
    <a href="../zucchero-velo-rebec-mariar-125.html">
        <div style="background-image: url('../../cdn.spesati.com/images/products/000111830/mariarosa-zucchero-al-velo-per-dolci-125-g-01.png')">
            <div class="hover"></div>
            
            <div class="stickers"></div>
        </div>
    </a>
    <div>
        <h4><a href="../zucchero-velo-rebec-mariar-125.html"><b>Zucchero Velo Rebec Mariar 125</b></a></h4>
        <p class="description">Mariarosa Zucchero al Velo per Dolci 125 g</p>
        <p class="right price"><b>1.15 €</b></p>
        <p class="right unitPrice">8.84 € per kg</p>
    </div>
    <div class="contButton">
    <a class="button bgRed white addToCart" href="#">Add</a>
</div>
</div><div class="left product prod59"
        data-name="Zucchero Velo Rebecchi Kg1"
        data-price="8.15"
        data-id="25407"
        data-available="yes"
        data-category="6845"
        data-bestselling="">
    <a href="../zucchero-velo-rebecchi-kg1.html">
        <div style="background-image: url('../../cdn.spesati.com/images/products/000108895/flli-rebecchi-valtrebbia-pasticceria-creativa-zucchero-al-velo-senza-glutine-1-kg-01.png')">
            <div class="hover"></div>
            
            <div class="stickers"></div>
        </div>
    </a>
    <div>
        <h4><a href="../zucchero-velo-rebecchi-kg1.html"><b>Zucchero Velo Rebecchi Kg1</b></a></h4>
        <p class="description">F.lli Rebecchi Valtrebbia Pasticceria Creativa Zucchero al velo Senza Glutine 1 kg</p>
        <p class="right price"><b>8.15 €</b></p>
        <p class="right unitPrice">8.15 € per kg</p>
    </div>
    <div class="contButton">
    <a class="button bgRed white addToCart" href="#">Add</a>
</div>
</div><div class="left product prod60"
        data-name="Zucchero Velo Rebecchi Van Kg1"
        data-price="9.73"
        data-id="25406"
        data-available="yes"
        data-category="6845"
        data-bestselling="">
    <a href="../zucchero-velo-rebecchi-van-kg1.html">
        <div style="background-image: url('../../cdn.spesati.com/images/products/000108894/flli-rebecchi-valtrebbia-pasticceria-creativa-zucchero-al-velo-vanigliato-senza-glutine-1-kg-01.png')">
            <div class="hover"></div>
            
            <div class="stickers"></div>
        </div>
    </a>
    <div>
        <h4><a href="../zucchero-velo-rebecchi-van-kg1.html"><b>Zucchero Velo Rebecchi Van Kg1</b></a></h4>
        <p class="description">F.lli Rebecchi Valtrebbia Pasticceria Creativa Zucchero al velo vanigliato Senza Glutine 1 kg</p>
        <p class="right price"><b>9.73 €</b></p>
        <p class="right unitPrice">9.74 € per kg</p>
    </div>
    <div class="contButton">
    <a class="button bgRed white addToCart" href="#">Add</a>
</div>
</div><div class="left product prod61"
        data-name="Vaniglia Bacche Rebecchi Busta"
        data-price="7.37"
        data-id="25404"
        data-available="yes"
        data-category="6845"
        data-bestselling="">
    <a href="../vaniglia-bacche-rebecchi-busta.html">
        <div style="background-image: url('../../cdn.spesati.com/images/products/000108892/mariarosa-vaniglia-bourbon-1-bacca-01.png')">
            <div class="hover"></div>
            
            <div class="stickers"></div>
        </div>
    </a>
    <div>
        <h4><a href="../vaniglia-bacche-rebecchi-busta.html"><b>Vaniglia Bacche Rebecchi Busta</b></a></h4>
        <p class="description">Mariarosa Vaniglia BourBon 1 Bacca</p>
        <p class="right price"><b>7.37 €</b></p>
        <p class="right unitPrice">368.28 € per kg</p>
    </div>
    <div class="contButton">
    <a class="button bgRed white addToCart" href="#">Add</a>
</div>
</div><div class="left product prod62"
        data-name="Glassa Cameo 2 Gusti 125Gr"
        data-price="1.69"
        data-id="7082"
        data-available="yes"
        data-category="6845"
        data-bestselling="">
    <a href="../glassa-cameo-2-gusti-125gr.html">
        <div style="background-image: url('../../cdn.spesati.com/images/products/000108810/paneangeli-glassa-due-gusti-125-g-01.png')">
            <div class="hover"></div>
            
            <div class="stickers"></div>
        </div>
    </a>
    <div>
        <h4><a href="../glassa-cameo-2-gusti-125gr.html"><b>Glassa Cameo 2 Gusti 125Gr</b></a></h4>
        <p class="description">PANEANGELI Glassa due gusti 125 g</p>
        <p class="right price"><b>1.69 €</b></p>
        <p class="right unitPrice">13.52 € per kg</p>
    </div>
    <div class="contButton">
    <a class="button bgRed white addToCart" href="#">Add</a>
</div>
</div><div class="left product prod63"
        data-name="Topping Fabbri Acero 220gr"
        data-price="4.55"
        data-id="25383"
        data-available="yes"
        data-category="6845"
        data-bestselling="">
    <a href="../topping-fabbri-acero-220gr.html">
        <div style="background-image: url('../../cdn.spesati.com/images/products/000108796/fabbri-acero-220-g-01.png')">
            <div class="hover"></div>
            
            <div class="stickers"></div>
        </div>
    </a>
    <div>
        <h4><a href="../topping-fabbri-acero-220gr.html"><b>Topping Fabbri Acero 220gr</b></a></h4>
        <p class="description">Fabbri Acero 220 g</p>
        <p class="right price"><b>4.55 €</b></p>
        <p class="right unitPrice">20.68 € per kg</p>
    </div>
    <div class="contButton">
    <a class="button bgRed white addToCart" href="#">Add</a>
</div>
</div><div class="left product prod64"
        data-name="Aroma Rebec Vanig Bourbon C-gr"
        data-price="5.59"
        data-id="25374"
        data-available="yes"
        data-category="6845"
        data-bestselling="">
    <a href="../aroma-rebec-vanig-bourbon-c-gr.html">
        <div style="background-image: url('../../cdn.spesati.com/images/products/000108782/flli-rebecchi-valtrebbia-pasticceria-creativa-aroma-naturale-vaniglia-bourbon-madagascar-20-ml-01.png')">
            <div class="hover"></div>
            
            <div class="stickers"></div>
        </div>
    </a>
    <div>
        <h4><a href="../aroma-rebec-vanig-bourbon-c-gr.html"><b>Aroma Rebec Vanig Bourbon C-gr</b></a></h4>
        <p class="description">F.lli Rebecchi Valtrebbia Pasticceria Creativa Aroma Naturale Vaniglia Bourbon Madagascar 20 ml</p>
        <p class="right price"><b>5.59 €</b></p>
        <p class="right unitPrice">279.50 € per litre</p>
    </div>
    <div class="contButton">
    <a class="button bgRed white addToCart" href="#">Add</a>
</div>
</div><div class="left product prod65"
        data-name="Agar Agar Rebecchi 3bs 5gr"
        data-price="4.49"
        data-id="62391"
        data-available="yes"
        data-category="6845"
        data-bestselling="">
    <a href="../agar-agar-rebecchi-3bs-5gr.html">
        <div style="background-image: url('../../cdn.spesati.com/images/products/000108758/flli-rebecchi-valtrebbia-gelificante-naturale-agar-agar-3-x-5-g-01.png')">
            <div class="hover"></div>
            
            <div class="stickers"></div>
        </div>
    </a>
    <div>
        <h4><a href="../agar-agar-rebecchi-3bs-5gr.html"><b>Agar Agar Rebecchi 3bs 5gr</b></a></h4>
        <p class="description">F.lli Rebecchi Valtrebbia Gelificante Naturale Agar Agar 3 x 5 g</p>
        <p class="right price"><b>4.49 €</b></p>
        <p class="right unitPrice">448.96 € per kg</p>
    </div>
    <div class="contButton">
    <a class="button bgRed white addToCart" href="#">Add</a>
</div>
</div><div class="left product prod66"
        data-name="Paneang Zucchero Granella"
        data-price="1.18"
        data-id="1747"
        data-available="yes"
        data-category="6845"
        data-bestselling="">
    <a href="../paneang-zucchero-granella.html">
        <div style="background-image: url('../../cdn.spesati.com/images/products/000108680/paneangeli-decora-con-zucchero-granella-125-g-01.png')">
            <div class="hover"></div>
            
            <div class="stickers"></div>
        </div>
    </a>
    <div>
        <h4><a href="../paneang-zucchero-granella.html"><b>Paneang Zucchero Granella</b></a></h4>
        <p class="description">PANEANGELI decora con Zucchero granella 125 g</p>
        <p class="right price"><b>1.18 €</b></p>
        <p class="right unitPrice">9.48 € per kg</p>
    </div>
    <div class="contButton">
    <a class="button bgRed white addToCart" href="#">Add</a>
</div>
</div><div class="left product prod67"
        data-name="Paneangeli Zucchero Velo Vaniglia 125Gr"
        data-price="0.96"
        data-id="5844"
        data-available="yes"
        data-category="6845"
        data-bestselling="">
    <a href="../paneangeli-zucchero-velo-vaniglia-125gr.html">
        <div style="background-image: url('../../cdn.spesati.com/images/products/000108676/paneangeli-decora-con-zucchero-al-velo-vaniglinato-125-g-01.png')">
            <div class="hover"></div>
            
            <div class="stickers"></div>
        </div>
    </a>
    <div>
        <h4><a href="../paneangeli-zucchero-velo-vaniglia-125gr.html"><b>Paneangeli Zucchero Velo Vaniglia 125Gr</b></a></h4>
        <p class="description">PANEANGELI decora con Zucchero al Velo vaniglinato 125 g</p>
        <p class="right price"><b>0.96 €</b></p>
        <p class="right unitPrice">7.68 € per kg</p>
    </div>
    <div class="contButton">
    <a class="button bgRed white addToCart" href="#">Add</a>
</div>
</div><div class="left product prod68"
        data-name="Paneangeli Zucchero Velo"
        data-price="0.99"
        data-id="4164"
        data-available="yes"
        data-category="6845"
        data-bestselling="1">
    <a href="../paneangeli-zucchero-velo.html">
        <div style="background-image: url('../../cdn.spesati.com/images/products/000108675/paneangeli-decora-con-zucchero-al-velo-125-g-01.png')">
            <div class="hover"></div>
            <p class="arrow bgRed white">Best Seller</p>
            <div class="stickers"></div>
        </div>
    </a>
    <div>
        <h4><a href="../paneangeli-zucchero-velo.html"><b>Paneangeli Zucchero Velo</b></a></h4>
        <p class="description">PANEANGELI decora con Zucchero al Velo 125 g</p>
        <p class="right price"><b>0.99 €</b></p>
        <p class="right unitPrice">7.90 € per kg</p>
    </div>
    <div class="contButton">
    <a class="button bgRed white addToCart" href="#">Add</a>
</div>
</div><div class="left product prod69"
        data-name="Paneangeli Vanillina Busta"
        data-price="0.79"
        data-id="1759"
        data-available="yes"
        data-category="6845"
        data-bestselling="">
    <a href="../paneangeli-vanillina-busta.html">
        <div style="background-image: url('../../cdn.spesati.com/images/products/000108635/paneangeli-vanillina-6-x-05-g-01.png')">
            <div class="hover"></div>
            
            <div class="stickers"></div>
        </div>
    </a>
    <div>
        <h4><a href="../paneangeli-vanillina-busta.html"><b>Paneangeli Vanillina Busta</b></a></h4>
        <p class="description">PANEANGELI Vanillina 6 x 0,5 g</p>
        <p class="right price"><b>0.79 €</b></p>
        <p class="right unitPrice">65.88 € per kg</p>
    </div>
    <div class="contButton">
    <a class="button bgRed white addToCart" href="#">Add</a>
</div>
</div><div class="left product prod70"
        data-name="Vanillina Bertolini Pura 4bs"
        data-price="0.58"
        data-id="25328"
        data-available="yes"
        data-category="6845"
        data-bestselling="">
    <a href="../vanillina-bertolini-pura-4bs.html">
        <div style="background-image: url('../../cdn.spesati.com/images/products/000108625/bertolini-vanillina-x4-2-g-01.png')">
            <div class="hover"></div>
            
            <div class="stickers"></div>
        </div>
    </a>
    <div>
        <h4><a href="../vanillina-bertolini-pura-4bs.html"><b>Vanillina Bertolini Pura 4bs</b></a></h4>
        <p class="description">Bertolini vanillina x4 2 g</p>
        <p class="right price"><b>0.58 €</b></p>
        <p class="right unitPrice">72.29 € per kg</p>
    </div>
    <div class="contButton">
    <a class="button bgRed white addToCart" href="#">Add</a>
</div>
</div><div class="left product prod71"
        data-name="Topping Rebecchi Scir Gluc 300"
        data-price="5.79"
        data-id="25278"
        data-available="yes"
        data-category="6845"
        data-bestselling="">
    <a href="../topping-rebecchi-scir-gluc-300.html">
        <div style="background-image: url('../../cdn.spesati.com/images/products/000108520/flli-rebecchi-valtrebbia-dolci-decori-topping-sciroppo-di-glucosio-300-g-01.png')">
            <div class="hover"></div>
            
            <div class="stickers"></div>
        </div>
    </a>
    <div>
        <h4><a href="../topping-rebecchi-scir-gluc-300.html"><b>Topping Rebecchi Scir Gluc 300</b></a></h4>
        <p class="description">F.lli Rebecchi Valtrebbia Dolci Decori Topping Sciroppo di Glucosio 300 g</p>
        <p class="right price"><b>5.79 €</b></p>
        <p class="right unitPrice">19.31 € per kg</p>
    </div>
    <div class="contButton">
    <a class="button bgRed white addToCart" href="#">Add</a>
</div>
</div><div class="left product prod72"
        data-name="Dec Rebecchi Nastro Torte"
        data-price="3.59"
        data-id="25269"
        data-available="yes"
        data-category="6845"
        data-bestselling="">
    <a href="../dec-rebecchi-nastro-torte.html">
        <div style="background-image: url('../../cdn.spesati.com/images/products/000108508/flli-rebecchi-valtrebbia-dolci-decori-nastro-per-torta-1-metro-01.png')">
            <div class="hover"></div>
            
            <div class="stickers"></div>
        </div>
    </a>
    <div>
        <h4><a href="../dec-rebecchi-nastro-torte.html"><b>Dec Rebecchi Nastro Torte</b></a></h4>
        <p class="description">F.lli Rebecchi Valtrebbia Dolci Decori Nastro per torta 1 metro</p>
        <p class="right price"><b>3.59 €</b></p>
        <p class="right unitPrice">256.46 € per kg</p>
    </div>
    <div class="contButton">
    <a class="button bgRed white addToCart" href="#">Add</a>
</div>
</div><div class="left product prod73"
        data-name="Dec Rebecchi Fior D'arancio"
        data-price="2.69"
        data-id="25248"
        data-available="yes"
        data-category="6845"
        data-bestselling="">
    <a href="../dec-rebecchi-fior-darancio.html">
        <div style="background-image: url('../../cdn.spesati.com/images/products/000108479/mariarosa-aroma-gusto-fior-darancio-85-ml-01.png')">
            <div class="hover"></div>
            
            <div class="stickers"></div>
        </div>
    </a>
    <div>
        <h4><a href="../dec-rebecchi-fior-darancio.html"><b>Dec Rebecchi Fior D'arancio</b></a></h4>
        <p class="description">Mariarosa Aroma gusto Fior d'arancio 85 ml</p>
        <p class="right price"><b>2.69 €</b></p>
        <p class="right unitPrice">31.65 € per litre</p>
    </div>
    <div class="contButton">
    <a class="button bgRed white addToCart" href="#">Add</a>
</div>
</div><div class="left product prod74"
        data-name="Decormix Rebecchi 83gr"
        data-price="5.19"
        data-id="25244"
        data-available="yes"
        data-category="6845"
        data-bestselling="">
    <a href="../decormix-rebecchi-83gr.html">
        <div style="background-image: url('../../cdn.spesati.com/images/products/000108469/flli-rebecchi-valtrebbia-dolci-decori-pink-lady-83-g-01.png')">
            <div class="hover"></div>
            
            <div class="stickers"></div>
        </div>
    </a>
    <div>
        <h4><a href="../decormix-rebecchi-83gr.html"><b>Decormix Rebecchi 83gr</b></a></h4>
        <p class="description">F.lli Rebecchi Valtrebbia Dolci decori pink lady 83 g</p>
        <p class="right price"><b>5.19 €</b></p>
        <p class="right unitPrice">62.52 € per kg</p>
    </div>
    <div class="contButton">
    <a class="button bgRed white addToCart" href="#">Add</a>
</div>
</div><div class="left product prod75"
        data-name="Dec Rebecchi Fiori-soggetti"
        data-price="4.69"
        data-id="25243"
        data-available="yes"
        data-category="6845"
        data-bestselling="">
    <a href="../dec-rebecchi-fiori-soggetti.html">
        <div style="background-image: url('../../cdn.spesati.com/images/products/000108467/mariarosa-dolci-decori-di-zucchero-12-decori-10-g-01.png')">
            <div class="hover"></div>
            
            <div class="stickers"></div>
        </div>
    </a>
    <div>
        <h4><a href="../dec-rebecchi-fiori-soggetti.html"><b>Dec Rebecchi Fiori-soggetti</b></a></h4>
        <p class="description">Mariarosa Dolci Decori di zucchero 12 Decori 10 g</p>
        <p class="right price"><b>4.69 €</b></p>
        <p class="right unitPrice">293.15 € per kg</p>
    </div>
    <div class="contButton">
    <a class="button bgRed white addToCart" href="#">Add</a>
</div>
</div><div class="left product prod76"
        data-name="Colorante Rebecchi Verd 5mlx2p"
        data-price="3.15"
        data-id="25240"
        data-available="yes"
        data-category="6845"
        data-bestselling="">
    <a href="../colorante-rebecchi-verd-5mlx2p.html">
        <div style="background-image: url('../../cdn.spesati.com/images/products/000108464/mariarosa-verde-color-dolci-2-x-5-ml-01.png')">
            <div class="hover"></div>
            
            <div class="stickers"></div>
        </div>
    </a>
    <div>
        <h4><a href="../colorante-rebecchi-verd-5mlx2p.html"><b>Colorante Rebecchi Verd 5mlx2p</b></a></h4>
        <p class="description">Mariarosa Verde Color dolci 2 x 5 ml</p>
        <p class="right price"><b>3.15 €</b></p>
        <p class="right unitPrice">315.00 € per litre</p>
    </div>
    <div class="contButton">
    <a class="button bgRed white addToCart" href="#">Add</a>
</div>
</div><div class="left product prod77"
        data-name="Colorante Rebecchi Ros 5mlx2pz"
        data-price="2.99"
        data-id="25239"
        data-available="yes"
        data-category="6845"
        data-bestselling="">
    <a href="../colorante-rebecchi-ros-5mlx2pz.html">
        <div style="background-image: url('../../cdn.spesati.com/images/products/000108463/mariarosa-rosso-color-dolci-2-x-5-ml-01.png')">
            <div class="hover"></div>
            
            <div class="stickers"></div>
        </div>
    </a>
    <div>
        <h4><a href="../colorante-rebecchi-ros-5mlx2pz.html"><b>Colorante Rebecchi Ros 5mlx2pz</b></a></h4>
        <p class="description">Mariarosa Rosso Color dolci 2 x 5 ml</p>
        <p class="right price"><b>2.99 €</b></p>
        <p class="right unitPrice">299.02 € per litre</p>
    </div>
    <div class="contButton">
    <a class="button bgRed white addToCart" href="#">Add</a>
</div>
</div><div class="left product prod78"
        data-name="Colorante Rebecchi Gial 5mlx2p"
        data-price="2.99"
        data-id="25238"
        data-available="yes"
        data-category="6845"
        data-bestselling="">
    <a href="../colorante-rebecchi-gial-5mlx2p.html">
        <div style="background-image: url('../../cdn.spesati.com/images/products/000108461/mariarosa-giallo-color-dolci-2-x-5-ml-01.png')">
            <div class="hover"></div>
            
            <div class="stickers"></div>
        </div>
    </a>
    <div>
        <h4><a href="../colorante-rebecchi-gial-5mlx2p.html"><b>Colorante Rebecchi Gial 5mlx2p</b></a></h4>
        <p class="description">Mariarosa Giallo Color dolci 2 x 5 ml</p>
        <p class="right price"><b>2.99 €</b></p>
        <p class="right unitPrice">299.02 € per litre</p>
    </div>
    <div class="contButton">
    <a class="button bgRed white addToCart" href="#">Add</a>
</div>
</div><div class="left product prod79"
        data-name="Colorante Rebecchi Blu 5mlx2pz"
        data-price="2.99"
        data-id="25237"
        data-available="yes"
        data-category="6845"
        data-bestselling="">
    <a href="../colorante-rebecchi-blu-5mlx2pz.html">
        <div style="background-image: url('../../cdn.spesati.com/images/products/000108459/mariarosa-blu-color-dolci-2-x-5-ml-01.png')">
            <div class="hover"></div>
            
            <div class="stickers"></div>
        </div>
    </a>
    <div>
        <h4><a href="../colorante-rebecchi-blu-5mlx2pz.html"><b>Colorante Rebecchi Blu 5mlx2pz</b></a></h4>
        <p class="description">Mariarosa Blu Color dolci 2 x 5 ml</p>
        <p class="right price"><b>2.99 €</b></p>
        <p class="right unitPrice">299.02 € per litre</p>
    </div>
    <div class="contButton">
    <a class="button bgRed white addToCart" href="#">Add</a>
</div>
</div><div class="left product prod80"
        data-name="Aromi Dolci Rebecchi Ass 2x5ml"
        data-price="2.69"
        data-id="25224"
        data-available="yes"
        data-category="6845"
        data-bestselling="">
    <a href="../aromi-dolci-rebecchi-ass-2x5ml.html">
        <div style="background-image: url('../../cdn.spesati.com/images/products/000108441/mariarosa-aroma-per-dolci-gusto-vaniglia-2-x-5-ml-01.png')">
            <div class="hover"></div>
            
            <div class="stickers"></div>
        </div>
    </a>
    <div>
        <h4><a href="../aromi-dolci-rebecchi-ass-2x5ml.html"><b>Aromi Dolci Rebecchi Ass 2x5ml</b></a></h4>
        <p class="description">Mariarosa Aroma per dolci Gusto vaniglia 2 x 5 ml</p>
        <p class="right price"><b>2.69 €</b></p>
        <p class="right unitPrice">269.01 € per litre</p>
    </div>
    <div class="contButton">
    <a class="button bgRed white addToCart" href="#">Add</a>
</div>
</div><div class="left product prod81"
        data-name="Topping Rebecchi Scagl Cioc Fo"
        data-price="13.79"
        data-id="25222"
        data-available="yes"
        data-category="6845"
        data-bestselling="">
    <a href="../topping-rebecchi-scagl-cioc-fo.html">
        <div style="background-image: url('../../cdn.spesati.com/images/products/000108437/flli-rebecchi-valtrebbia-chef-pasticcere-scagliette-in-cioccolato-600-g-01.png')">
            <div class="hover"></div>
            
            <div class="stickers"></div>
        </div>
    </a>
    <div>
        <h4><a href="../topping-rebecchi-scagl-cioc-fo.html"><b>Topping Rebecchi Scagl Cioc Fo</b></a></h4>
        <p class="description">F.lli Rebecchi Valtrebbia Chef & Pasticcere Scagliette in Cioccolato 600 g</p>
        <p class="right price"><b>13.79 €</b></p>
        <p class="right unitPrice">22.99 € per kg</p>
    </div>
    <div class="contButton">
    <a class="button bgRed white addToCart" href="#">Add</a>
</div>
</div><div class="left product prod82"
        data-name="Topping Rebecchi Momp Arc 700g"
        data-price="11.13"
        data-id="25220"
        data-available="yes"
        data-category="6845"
        data-bestselling="">
    <a href="../topping-rebecchi-momp-arc-700g.html">
        <div style="background-image: url('../../cdn.spesati.com/images/products/000108434/flli-rebecchi-valtrebbia-pasticceria-creativa-momperiglia-arcobaleno-per-decorare-700-g-01.png')">
            <div class="hover"></div>
            
            <div class="stickers"></div>
        </div>
    </a>
    <div>
        <h4><a href="../topping-rebecchi-momp-arc-700g.html"><b>Topping Rebecchi Momp Arc 700g</b></a></h4>
        <p class="description">F.lli Rebecchi Valtrebbia Pasticceria Creativa Momperiglia Arcobaleno per decorare 700 g</p>
        <p class="right price"><b>11.13 €</b></p>
        <p class="right unitPrice">69.55 € per kg</p>
    </div>
    <div class="contButton">
    <a class="button bgRed white addToCart" href="#">Add</a>
</div>
</div><div class="left product prod83"
        data-name="Topping Rebecchi Mini Roll 700"
        data-price="17.24"
        data-id="25219"
        data-available="yes"
        data-category="6845"
        data-bestselling="">
    <a href="../topping-rebecchi-mini-roll-700.html">
        <div style="background-image: url('../../cdn.spesati.com/images/products/000108433/flli-rebecchi-valtrebbia-chef-pasticcere-mini-rollies-700-g-01.png')">
            <div class="hover"></div>
            
            <div class="stickers"></div>
        </div>
    </a>
    <div>
        <h4><a href="../topping-rebecchi-mini-roll-700.html"><b>Topping Rebecchi Mini Roll 700</b></a></h4>
        <p class="description">F.lli Rebecchi Valtrebbia Chef & Pasticcere Mini Rollies 700 g</p>
        <p class="right price"><b>17.24 €</b></p>
        <p class="right unitPrice">24.63 € per kg</p>
    </div>
    <div class="contButton">
    <a class="button bgRed white addToCart" href="#">Add</a>
</div>
</div><div class="left product prod84"
        data-name="Topping Rebecchi Meringhet 160"
        data-price="11.13"
        data-id="25218"
        data-available="yes"
        data-category="6845"
        data-bestselling="">
    <a href="../topping-rebecchi-meringhet-160.html">
        <div style="background-image: url('../../cdn.spesati.com/images/products/000108432/flli-rebecchi-valtrebbia-chef-pasticcere-meringhette-bianche-130-g-01.png')">
            <div class="hover"></div>
            
            <div class="stickers"></div>
        </div>
    </a>
    <div>
        <h4><a href="../topping-rebecchi-meringhet-160.html"><b>Topping Rebecchi Meringhet 160</b></a></h4>
        <p class="description">F.lli Rebecchi Valtrebbia Chef & Pasticcere Meringhette Bianche 130 g</p>
        <p class="right price"><b>11.13 €</b></p>
        <p class="right unitPrice">69.55 € per kg</p>
    </div>
    <div class="contButton">
    <a class="button bgRed white addToCart" href="#">Add</a>
</div>
</div><div class="left product prod85"
        data-name="Topping Rebecchi Cioc Fon 600g"
        data-price="13.01"
        data-id="25217"
        data-available="yes"
        data-category="6845"
        data-bestselling="">
    <a href="../topping-rebecchi-cioc-fon-600g.html">
        <div style="background-image: url('../../cdn.spesati.com/images/products/000108431/flli-rebecchi-valtrebbia-chef-pasticcere-gocce-di-cioccolato-fondente-600-g-01.png')">
            <div class="hover"></div>
            
            <div class="stickers"></div>
        </div>
    </a>
    <div>
        <h4><a href="../topping-rebecchi-cioc-fon-600g.html"><b>Topping Rebecchi Cioc Fon 600g</b></a></h4>
        <p class="description">F.lli Rebecchi Valtrebbia Chef & Pasticcere Gocce di Cioccolato Fondente 600 g</p>
        <p class="right price"><b>13.01 €</b></p>
        <p class="right unitPrice">21.68 € per kg</p>
    </div>
    <div class="contButton">
    <a class="button bgRed white addToCart" href="#">Add</a>
</div>
</div><div class="left product prod86"
        data-name="Topping Rebecchi Crocc Soff"
        data-price="11.13"
        data-id="25216"
        data-available="yes"
        data-category="6845"
        data-bestselling="">
    <a href="../topping-rebecchi-crocc-soff.html">
        <div style="background-image: url('../../cdn.spesati.com/images/products/000108430/flli-rebecchi-valtrebbia-chef-pasticcere-croccantini-soffiati-alla-nocciola-160-g-01.png')">
            <div class="hover"></div>
            
            <div class="stickers"></div>
        </div>
    </a>
    <div>
        <h4><a href="../topping-rebecchi-crocc-soff.html"><b>Topping Rebecchi Crocc Soff</b></a></h4>
        <p class="description">F.lli Rebecchi Valtrebbia Chef & Pasticcere Croccantini Soffiati alla Nocciola 160 g</p>
        <p class="right price"><b>11.13 €</b></p>
        <p class="right unitPrice">69.55 € per kg</p>
    </div>
    <div class="contButton">
    <a class="button bgRed white addToCart" href="#">Add</a>
</div>
</div><div class="left product prod87"
        data-name="Topping Rebecchi Codet Cac 650"
        data-price="11.13"
        data-id="25215"
        data-available="yes"
        data-category="6845"
        data-bestselling="">
    <a href="../topping-rebecchi-codet-cac-650.html">
        <div style="background-image: url('../../cdn.spesati.com/images/products/000108429/flli-rebecchi-valtrebbia-chef-pasticcere-codetta-color-cacao-650-g-01.png')">
            <div class="hover"></div>
            
            <div class="stickers"></div>
        </div>
    </a>
    <div>
        <h4><a href="../topping-rebecchi-codet-cac-650.html"><b>Topping Rebecchi Codet Cac 650</b></a></h4>
        <p class="description">F.lli Rebecchi Valtrebbia Chef & Pasticcere Codetta Color Cacao 650 g</p>
        <p class="right price"><b>11.13 €</b></p>
        <p class="right unitPrice">17.12 € per kg</p>
    </div>
    <div class="contButton">
    <a class="button bgRed white addToCart" href="#">Add</a>
</div>
</div><div class="left product prod88"
        data-name="Topping Rebecchi Codetta Arcob"
        data-price="11.13"
        data-id="25214"
        data-available="yes"
        data-category="6845"
        data-bestselling="">
    <a href="../topping-rebecchi-codetta-arcob.html">
        <div style="background-image: url('../../cdn.spesati.com/images/products/000108428/flli-rebecchi-valtrebbia-chef-pasticcere-codetta-arcobaleno-650-g-01.png')">
            <div class="hover"></div>
            
            <div class="stickers"></div>
        </div>
    </a>
    <div>
        <h4><a href="../topping-rebecchi-codetta-arcob.html"><b>Topping Rebecchi Codetta Arcob</b></a></h4>
        <p class="description">F.lli Rebecchi Valtrebbia Chef & Pasticcere Codetta Arcobaleno 650 g</p>
        <p class="right price"><b>11.13 €</b></p>
        <p class="right unitPrice">17.12 € per kg</p>
    </div>
    <div class="contButton">
    <a class="button bgRed white addToCart" href="#">Add</a>
</div>
</div><div class="left product prod89"
        data-name="Topping Rebecchi Amarett 200gr"
        data-price="11.13"
        data-id="25213"
        data-available="yes"
        data-category="6845"
        data-bestselling="">
    <a href="../topping-rebecchi-amarett-200gr.html">
        <div style="background-image: url('../../cdn.spesati.com/images/products/000108427/flli-rebecchi-valtrebbia-chef-pasticcere-mini-amaretti-200-g-01.png')">
            <div class="hover"></div>
            
            <div class="stickers"></div>
        </div>
    </a>
    <div>
        <h4><a href="../topping-rebecchi-amarett-200gr.html"><b>Topping Rebecchi Amarett 200gr</b></a></h4>
        <p class="description">F.lli Rebecchi Valtrebbia Chef & Pasticcere Mini Amaretti 200 g</p>
        <p class="right price"><b>11.13 €</b></p>
        <p class="right unitPrice">55.64 € per kg</p>
    </div>
    <div class="contButton">
    <a class="button bgRed white addToCart" href="#">Add</a>
</div>
</div><div class="left product prod90"
        data-name="Frumina Paneangeli 250Gr"
        data-price="1.65"
        data-id="5843"
        data-available="yes"
        data-category="6845"
        data-bestselling="">
    <a href="../frumina-paneangeli-250gr.html">
        <div style="background-image: url('../../cdn.spesati.com/images/products/000108315/paneangeli-frumina-250-g-01.png')">
            <div class="hover"></div>
            
            <div class="stickers"></div>
        </div>
    </a>
    <div>
        <h4><a href="../frumina-paneangeli-250gr.html"><b>Frumina Paneangeli 250Gr</b></a></h4>
        <p class="description">PANEANGELI Frumina 250 g</p>
        <p class="right price"><b>1.65 €</b></p>
        <p class="right unitPrice">6.60 € per kg</p>
    </div>
    <div class="contButton">
    <a class="button bgRed white addToCart" href="#">Add</a>
</div>
</div><div class="left product prod91"
        data-name="Paneangeli Aroma Mandorla"
        data-price="0.90"
        data-id="1750"
        data-available="yes"
        data-category="6845"
        data-bestselling="">
    <a href="../paneangeli-aroma-mandorla.html">
        <div style="background-image: url('../../cdn.spesati.com/images/products/000108074/paneangeli-aroma-per-dolci-e-creme-mandorla-2-fialette-4-ml-01.png')">
            <div class="hover"></div>
            
            <div class="stickers"></div>
        </div>
    </a>
    <div>
        <h4><a href="../paneangeli-aroma-mandorla.html"><b>Paneangeli Aroma Mandorla</b></a></h4>
        <p class="description">PANEANGELI aroma per dolci e creme Mandorla 2 fialette 4 ml</p>
        <p class="right price"><b>0.90 €</b></p>
        <p class="right unitPrice">225.09 € per litre</p>
    </div>
    <div class="contButton">
    <a class="button bgRed white addToCart" href="#">Add</a>
</div>
</div><div class="left product prod92"
        data-name="Paneangeli Aroma Rum"
        data-price="0.90"
        data-id="1751"
        data-available="yes"
        data-category="6845"
        data-bestselling="">
    <a href="../paneangeli-aroma-rum.html">
        <div style="background-image: url('../../cdn.spesati.com/images/products/000108065/paneangeli-aroma-per-dolci-e-creme-rum-2-fialette-4-ml-01.png')">
            <div class="hover"></div>
            
            <div class="stickers"></div>
        </div>
    </a>
    <div>
        <h4><a href="../paneangeli-aroma-rum.html"><b>Paneangeli Aroma Rum</b></a></h4>
        <p class="description">PANEANGELI aroma per dolci e creme Rum 2 fialette 4 ml</p>
        <p class="right price"><b>0.90 €</b></p>
        <p class="right unitPrice">225.09 € per litre</p>
    </div>
    <div class="contButton">
    <a class="button bgRed white addToCart" href="#">Add</a>
</div>
</div><div class="left product prod93"
        data-name="Paneangeli Aroma Limone"
        data-price="0.90"
        data-id="1749"
        data-available="yes"
        data-category="6845"
        data-bestselling="">
    <a href="../paneangeli-aroma-limone.html">
        <div style="background-image: url('../../cdn.spesati.com/images/products/000108062/paneangeli-aroma-per-dolci-e-creme-limone-2-fialette-4-ml-01.png')">
            <div class="hover"></div>
            
            <div class="stickers"></div>
        </div>
    </a>
    <div>
        <h4><a href="../paneangeli-aroma-limone.html"><b>Paneangeli Aroma Limone</b></a></h4>
        <p class="description">PANEANGELI aroma per dolci e creme Limone 2 fialette 4 ml</p>
        <p class="right price"><b>0.90 €</b></p>
        <p class="right unitPrice">225.09 € per litre</p>
    </div>
    <div class="contButton">
    <a class="button bgRed white addToCart" href="#">Add</a>
</div>
</div><div class="left product prod94"
        data-name="Spray Staccafacil Cameo 400 Ml"
        data-price="7.76"
        data-id="25136"
        data-available="yes"
        data-category="6845"
        data-bestselling="">
    <a href="../spray-staccafacil-cameo-400-ml.html">
        <div style="background-image: url('../../cdn.spesati.com/images/products/000108026/cameo-professional-spray-staccante-400-ml-01.png')">
            <div class="hover"></div>
            
            <div class="stickers"></div>
        </div>
    </a>
    <div>
        <h4><a href="../spray-staccafacil-cameo-400-ml.html"><b>Spray Staccafacil Cameo 400 Ml</b></a></h4>
        <p class="description">cameo Professional Spray Staccante 400 ml</p>
        <p class="right price"><b>7.76 €</b></p>
        <p class="right unitPrice">19.41 € per litre</p>
    </div>
    <div class="contButton">
    <a class="button bgRed white addToCart" href="#">Add</a>
</div>
</div><div class="left product prod95"
        data-name="Ciliegie Cocktail Natys 470gr"
        data-price="10.27"
        data-id="28406"
        data-available="yes"
        data-category="6845"
        data-bestselling="">
    <a href="../ciliegie-cocktail-natys-470gr.html">
        <div style="background-image: url('../../cdn.spesati.com/images/products/missing-image/missing-image.jpg')">
            <div class="hover"></div>
            
            <div class="stickers"></div>
        </div>
    </a>
    <div>
        <h4><a href="../ciliegie-cocktail-natys-470gr.html"><b>Ciliegie Cocktail Natys 470gr</b></a></h4>
        <p class="description">0.47 Kg</p>
        <p class="right price"><b>10.27 €</b></p>
        <p class="right unitPrice">21.85 € per kg</p>
    </div>
    <div class="contButton">
    <a class="button bgRed white addToCart" href="#">Add</a>
</div>
</div><div class="left product prod96"
        data-name="Sapa Di Vino Argiolas 250 Ml"
        data-price="18.83"
        data-id="29219"
        data-available="yes"
        data-category="6845"
        data-bestselling="">
    <a href="../sapa-di-vino-argiolas-250-ml.html">
        <div style="background-image: url('../../cdn.spesati.com/images/products/missing-image/missing-image.jpg')">
            <div class="hover"></div>
            
            <div class="stickers"></div>
        </div>
    </a>
    <div>
        <h4><a href="../sapa-di-vino-argiolas-250-ml.html"><b>Sapa Di Vino Argiolas 250 Ml</b></a></h4>
        <p class="description">1 piece</p>
        <p class="right price"><b>18.83 €</b></p>
        <p class="right unitPrice">18.82 € per piece</p>
    </div>
    <div class="contButton">
    <a class="button bgRed white addToCart" href="#">Add</a>
</div>
</div><div class="left product prod97"
        data-name="Topping Nestle Docel Caram. 1k"
        data-price="10.61"
        data-id="25125"
        data-available="yes"
        data-category="6845"
        data-bestselling="">
    <a href="../topping-nestle-docel-caram-1k.html">
        <div style="background-image: url('../../cdn.spesati.com/images/products/missing-image/missing-image.jpg')">
            <div class="hover"></div>
            
            <div class="stickers"></div>
        </div>
    </a>
    <div>
        <h4><a href="../topping-nestle-docel-caram-1k.html"><b>Topping Nestle Docel Caram. 1k</b></a></h4>
        <p class="description">1 Kg</p>
        <p class="right price"><b>10.61 €</b></p>
        <p class="right unitPrice">10.60 € per kg</p>
    </div>
    <div class="contButton">
    <a class="button bgRed white addToCart" href="#">Add</a>
</div>
</div><div class="left product prod98"
        data-name="Topping Nestle Docel Fragol 1k"
        data-price="10.61"
        data-id="25126"
        data-available="yes"
        data-category="6845"
        data-bestselling="">
    <a href="../topping-nestle-docel-fragol-1k.html">
        <div style="background-image: url('../../cdn.spesati.com/images/products/missing-image/missing-image.jpg')">
            <div class="hover"></div>
            
            <div class="stickers"></div>
        </div>
    </a>
    <div>
        <h4><a href="../topping-nestle-docel-fragol-1k.html"><b>Topping Nestle Docel Fragol 1k</b></a></h4>
        <p class="description">1 Kg</p>
        <p class="right price"><b>10.61 €</b></p>
        <p class="right unitPrice">10.60 € per kg</p>
    </div>
    <div class="contButton">
    <a class="button bgRed white addToCart" href="#">Add</a>
</div>
</div><div class="left product prod99"
        data-name="Sciroppo D'acero 340gr"
        data-price="10.90"
        data-id="34731"
        data-available="yes"
        data-category="6845"
        data-bestselling="">
    <a href="../sciroppo-dacero-340gr.html">
        <div style="background-image: url('../../cdn.spesati.com/images/products/missing-image/missing-image.jpg')">
            <div class="hover"></div>
            
            <div class="stickers"></div>
        </div>
    </a>
    <div>
        <h4><a href="../sciroppo-dacero-340gr.html"><b>Sciroppo D'acero 340gr</b></a></h4>
        <p class="description">0.34 Kg</p>
        <p class="right price"><b>10.90 €</b></p>
        <p class="right unitPrice">32.05 € per kg</p>
    </div>
    <div class="contButton">
    <a class="button bgRed white addToCart" href="#">Add</a>
</div>
</div><div class="left product prod100"
        data-name="Zucchero Rebecc Velo Ast G125"
        data-price="1.62"
        data-id="25280"
        data-available="yes"
        data-category="6845"
        data-bestselling="">
    <a href="../zucchero-rebecc-velo-ast-g125.html">
        <div style="background-image: url('../../cdn.spesati.com/images/products/missing-image/missing-image.jpg')">
            <div class="hover"></div>
            
            <div class="stickers"></div>
        </div>
    </a>
    <div>
        <h4><a href="../zucchero-rebecc-velo-ast-g125.html"><b>Zucchero Rebecc Velo Ast G125</b></a></h4>
        <p class="description">0.13 Kg</p>
        <p class="right price"><b>1.62 €</b></p>
        <p class="right unitPrice">12.99 € per kg</p>
    </div>
    <div class="contButton">
    <a class="button bgRed white addToCart" href="#">Add</a>
</div>
</div><div class="left product prod101"
        data-name="Topping Nestle Docel Ciocc 1kg"
        data-price="11.15"
        data-id="25354"
        data-available="yes"
        data-category="6845"
        data-bestselling="">
    <a href="../topping-nestle-docel-ciocc-1kg.html">
        <div style="background-image: url('../../cdn.spesati.com/images/products/missing-image/missing-image.jpg')">
            <div class="hover"></div>
            
            <div class="stickers"></div>
        </div>
    </a>
    <div>
        <h4><a href="../topping-nestle-docel-ciocc-1kg.html"><b>Topping Nestle Docel Ciocc 1kg</b></a></h4>
        <p class="description">1 Kg</p>
        <p class="right price"><b>11.15 €</b></p>
        <p class="right unitPrice">11.15 € per kg</p>
    </div>
    <div class="contButton">
    <a class="button bgRed white addToCart" href="#">Add</a>
</div>
</div><div class="left product prod102"
        data-name="Zucchero Granella Rebecchi Kg1"
        data-price="8.93"
        data-id="25405"
        data-available="yes"
        data-category="6845"
        data-bestselling="">
    <a href="../zucchero-granella-rebecchi-kg1.html">
        <div style="background-image: url('../../cdn.spesati.com/images/products/missing-image/missing-image.jpg')">
            <div class="hover"></div>
            
            <div class="stickers"></div>
        </div>
    </a>
    <div>
        <h4><a href="../zucchero-granella-rebecchi-kg1.html"><b>Zucchero Granella Rebecchi Kg1</b></a></h4>
        <p class="description">1 Kg</p>
        <p class="right price"><b>8.93 €</b></p>
        <p class="right unitPrice">8.93 € per kg</p>
    </div>
    <div class="contButton">
    <a class="button bgRed white addToCart" href="#">Add</a>
</div>
</div><div class="left product prod103"
        data-name="Dischett Icam Latte Degus 1kg"
        data-price="19.42"
        data-id="25678"
        data-available="yes"
        data-category="6845"
        data-bestselling="">
    <a href="../dischett-icam-latte-degus-1kg.html">
        <div style="background-image: url('../../cdn.spesati.com/images/products/missing-image/missing-image.jpg')">
            <div class="hover"></div>
            
            <div class="stickers"></div>
        </div>
    </a>
    <div>
        <h4><a href="../dischett-icam-latte-degus-1kg.html"><b>Dischett Icam Latte Degus 1kg</b></a></h4>
        <p class="description">1 Kg</p>
        <p class="right price"><b>19.42 €</b></p>
        <p class="right unitPrice">19.42 € per kg</p>
    </div>
    <div class="contButton">
    <a class="button bgRed white addToCart" href="#">Add</a>
</div>
</div><div class="left product prod104"
        data-name="Dischett Icam Fond Degus 1kg"
        data-price="19.42"
        data-id="25679"
        data-available="yes"
        data-category="6845"
        data-bestselling="">
    <a href="../dischett-icam-fond-degus-1kg.html">
        <div style="background-image: url('../../cdn.spesati.com/images/products/missing-image/missing-image.jpg')">
            <div class="hover"></div>
            
            <div class="stickers"></div>
        </div>
    </a>
    <div>
        <h4><a href="../dischett-icam-fond-degus-1kg.html"><b>Dischett Icam Fond Degus 1kg</b></a></h4>
        <p class="description">1 Kg</p>
        <p class="right price"><b>19.42 €</b></p>
        <p class="right unitPrice">19.42 € per kg</p>
    </div>
    <div class="contButton">
    <a class="button bgRed white addToCart" href="#">Add</a>
</div>
</div><div class="left product prod105"
        data-name="Ciliege Cand Idav Rosse 900gr"
        data-price="11.41"
        data-id="26128"
        data-available="yes"
        data-category="6845"
        data-bestselling="">
    <a href="../ciliege-cand-idav-rosse-900gr.html">
        <div style="background-image: url('../../cdn.spesati.com/images/products/missing-image/missing-image.jpg')">
            <div class="hover"></div>
            
            <div class="stickers"></div>
        </div>
    </a>
    <div>
        <h4><a href="../ciliege-cand-idav-rosse-900gr.html"><b>Ciliege Cand Idav Rosse 900gr</b></a></h4>
        <p class="description">0.9 Kg</p>
        <p class="right price"><b>11.41 €</b></p>
        <p class="right unitPrice">12.68 € per kg</p>
    </div>
    <div class="contButton">
    <a class="button bgRed white addToCart" href="#">Add</a>
</div>
</div><div class="left product prod106"
        data-name="Ciliege Cand Idav Verdi 900gr"
        data-price="11.41"
        data-id="26129"
        data-available="yes"
        data-category="6845"
        data-bestselling="">
    <a href="../ciliege-cand-idav-verdi-900gr.html">
        <div style="background-image: url('../../cdn.spesati.com/images/products/missing-image/missing-image.jpg')">
            <div class="hover"></div>
            
            <div class="stickers"></div>
        </div>
    </a>
    <div>
        <h4><a href="../ciliege-cand-idav-verdi-900gr.html"><b>Ciliege Cand Idav Verdi 900gr</b></a></h4>
        <p class="description">0.9 Kg</p>
        <p class="right price"><b>11.41 €</b></p>
        <p class="right unitPrice">12.68 € per kg</p>
    </div>
    <div class="contButton">
    <a class="button bgRed white addToCart" href="#">Add</a>
</div>
</div><div class="left product prod107"
        data-name="Macedonia Cand Idav Cub 900gr"
        data-price="8.64"
        data-id="26147"
        data-available="yes"
        data-category="6845"
        data-bestselling="">
    <a href="../macedonia-cand-idav-cub-900gr.html">
        <div style="background-image: url('../../cdn.spesati.com/images/products/missing-image/missing-image.jpg')">
            <div class="hover"></div>
            
            <div class="stickers"></div>
        </div>
    </a>
    <div>
        <h4><a href="../macedonia-cand-idav-cub-900gr.html"><b>Macedonia Cand Idav Cub 900gr</b></a></h4>
        <p class="description">0.9 Kg</p>
        <p class="right price"><b>8.64 €</b></p>
        <p class="right unitPrice">9.60 € per kg</p>
    </div>
    <div class="contButton">
    <a class="button bgRed white addToCart" href="#">Add</a>
</div>
</div><div class="left product prod108"
        data-name="Traggea Argentata Idav 1kg"
        data-price="28.57"
        data-id="26452"
        data-available="yes"
        data-category="6845"
        data-bestselling="">
    <a href="../traggea-argentata-idav-1kg.html">
        <div style="background-image: url('../../cdn.spesati.com/images/products/missing-image/missing-image.jpg')">
            <div class="hover"></div>
            
            <div class="stickers"></div>
        </div>
    </a>
    <div>
        <h4><a href="../traggea-argentata-idav-1kg.html"><b>Traggea Argentata Idav 1kg</b></a></h4>
        <p class="description">1 Kg</p>
        <p class="right price"><b>28.57 €</b></p>
        <p class="right unitPrice">28.57 € per kg</p>
    </div>
    <div class="contButton">
    <a class="button bgRed white addToCart" href="#">Add</a>
</div>
</div><div class="left product prod109"
        data-name="Traggea Codette Idav Color 1-1"
        data-price="8.97"
        data-id="26453"
        data-available="yes"
        data-category="6845"
        data-bestselling="">
    <a href="../traggea-codette-idav-color-1-1.html">
        <div style="background-image: url('../../cdn.spesati.com/images/products/missing-image/missing-image.jpg')">
            <div class="hover"></div>
            
            <div class="stickers"></div>
        </div>
    </a>
    <div>
        <h4><a href="../traggea-codette-idav-color-1-1.html"><b>Traggea Codette Idav Color 1-1</b></a></h4>
        <p class="description">1 Kg</p>
        <p class="right price"><b>8.97 €</b></p>
        <p class="right unitPrice">8.15 € per kg</p>
    </div>
    <div class="contButton">
    <a class="button bgRed white addToCart" href="#">Add</a>
</div>
</div><div class="left product prod110"
        data-name="Diavolini Color Idav 1kg"
        data-price="8.15"
        data-id="26454"
        data-available="yes"
        data-category="6845"
        data-bestselling="">
    <a href="../diavolini-color-idav-1kg.html">
        <div style="background-image: url('../../cdn.spesati.com/images/products/missing-image/missing-image.jpg')">
            <div class="hover"></div>
            
            <div class="stickers"></div>
        </div>
    </a>
    <div>
        <h4><a href="../diavolini-color-idav-1kg.html"><b>Diavolini Color Idav 1kg</b></a></h4>
        <p class="description">1 Kg</p>
        <p class="right price"><b>8.15 €</b></p>
        <p class="right unitPrice">8.15 € per kg</p>
    </div>
    <div class="contButton">
    <a class="button bgRed white addToCart" href="#">Add</a>
</div>
</div><div class="left product prod111"
        data-name="Ferrero Cacao Zuccherato 75Gr"
        data-price="1.55"
        data-id="5850"
        data-available="no"
        data-category="6845"
        data-bestselling="">
    <a href="../ferrero-cacao-zuccherato-75gr.html">
        <div style="background-image: url('../../cdn.spesati.com/images/products/000502055/ferrero-cacao-zuccherato-75-g-01.png')">
            <div class="hover"></div>
            
            <div class="stickers"></div>
        </div>
    </a>
    <div>
        <h4><a href="../ferrero-cacao-zuccherato-75gr.html"><b>Ferrero Cacao Zuccherato 75Gr</b></a></h4>
        <p class="description">Ferrero Cacao Zuccherato 75 g</p>
        <p class="right price"><b>1.55 €</b></p>
        <p class="right unitPrice">20.67 € per kg</p>
    </div>
    <div class="notAvailable">
    <a class="button bgDarkGrey white" href="../ferrero-cacao-zuccherato-75gr.html">Not available</a>
</div>
</div><div class="left product prod112"
        data-name="Topping Fabbri Mela Verde 950g"
        data-price="11.06"
        data-id="29255"
        data-available="no"
        data-category="6845"
        data-bestselling="">
    <a href="../topping-fabbri-mela-verde-950g.html">
        <div style="background-image: url('../../cdn.spesati.com/images/products/000210953/fabbri-top-gourmet-sauce-mela-verde-950-g-01.png')">
            <div class="hover"></div>
            
            <div class="stickers"></div>
        </div>
    </a>
    <div>
        <h4><a href="../topping-fabbri-mela-verde-950g.html"><b>Topping Fabbri Mela Verde 950g</b></a></h4>
        <p class="description">Fabbri Top Gourmet sauce Mela Verde 950 g</p>
        <p class="right price"><b>11.06 €</b></p>
        <p class="right unitPrice">11.65 € per kg</p>
    </div>
    <div class="notAvailable">
    <a class="button bgDarkGrey white" href="../topping-fabbri-mela-verde-950g.html">Not available</a>
</div>
</div><div class="left product prod113"
        data-name="Topping Fabbri Liquirizia 900g"
        data-price="14.85"
        data-id="29250"
        data-available="no"
        data-category="6845"
        data-bestselling="">
    <a href="../topping-fabbri-liquirizia-900g.html">
        <div style="background-image: url('../../cdn.spesati.com/images/products/000210944/fabbri-top-gourmet-sauce-alla-liquirizia-900-g-01.png')">
            <div class="hover"></div>
            
            <div class="stickers"></div>
        </div>
    </a>
    <div>
        <h4><a href="../topping-fabbri-liquirizia-900g.html"><b>Topping Fabbri Liquirizia 900g</b></a></h4>
        <p class="description">Fabbri Top Gourmet sauce alla Liquirizia 900 g</p>
        <p class="right price"><b>14.85 €</b></p>
        <p class="right unitPrice">16.50 € per kg</p>
    </div>
    <div class="notAvailable">
    <a class="button bgDarkGrey white" href="../topping-fabbri-liquirizia-900g.html">Not available</a>
</div>
</div><div class="left product prod114"
        data-name="Pere Sciroppate Jolly 3 Kg"
        data-price="10.97"
        data-id="26154"
        data-available="no"
        data-category="6845"
        data-bestselling="">
    <a href="../pere-sciroppate-jolly-3-kg.html">
        <div style="background-image: url('../../cdn.spesati.com/images/products/000114858/jolly-colombani-linea-catering-pere-allo-sciroppo-2650-g-01.png')">
            <div class="hover"></div>
            
            <div class="stickers"></div>
        </div>
    </a>
    <div>
        <h4><a href="../pere-sciroppate-jolly-3-kg.html"><b>Pere Sciroppate Jolly 3 Kg</b></a></h4>
        <p class="description">Jolly Colombani Linea Catering Pere allo sciroppo 2650 g</p>
        <p class="right price"><b>10.97 €</b></p>
        <p class="right unitPrice">3.65 € per kg</p>
    </div>
    <div class="notAvailable">
    <a class="button bgDarkGrey white" href="../pere-sciroppate-jolly-3-kg.html">Not available</a>
</div>
</div><div class="left product prod115"
        data-name="Macedonia Valfrutta 3 Kg"
        data-price="10.97"
        data-id="26151"
        data-available="no"
        data-category="6845"
        data-bestselling="">
    <a href="../macedonia-valfrutta-3-kg.html">
        <div style="background-image: url('../../cdn.spesati.com/images/products/000114852/valfrutta-granchef-macedonia-a-pezzettoni-2650-g-01.png')">
            <div class="hover"></div>
            
            <div class="stickers"></div>
        </div>
    </a>
    <div>
        <h4><a href="../macedonia-valfrutta-3-kg.html"><b>Macedonia Valfrutta 3 Kg</b></a></h4>
        <p class="description">Valfrutta Granchef Macedonia a Pezzettoni 2650 g</p>
        <p class="right price"><b>10.97 €</b></p>
        <p class="right unitPrice">4.14 € per kg</p>
    </div>
    <div class="notAvailable">
    <a class="button bgDarkGrey white" href="../macedonia-valfrutta-3-kg.html">Not available</a>
</div>
</div><div class="left product prod116"
        data-name="Pesche Valfrutta Meta 2.65kg"
        data-price="8.93"
        data-id="26150"
        data-available="no"
        data-category="6845"
        data-bestselling="">
    <a href="../pesche-valfrutta-meta-265kg.html">
        <div style="background-image: url('../../cdn.spesati.com/images/products/000114851/valfrutta-granchef-pesche-percoche-a-meta-2650-g-01.png')">
            <div class="hover"></div>
            
            <div class="stickers"></div>
        </div>
    </a>
    <div>
        <h4><a href="../pesche-valfrutta-meta-265kg.html"><b>Pesche Valfrutta Meta 2.65kg</b></a></h4>
        <p class="description">Valfrutta Granchef Pesche Percoche a Metà 2650 g</p>
        <p class="right price"><b>8.93 €</b></p>
        <p class="right unitPrice">3.37 € per kg</p>
    </div>
    <div class="notAvailable">
    <a class="button bgDarkGrey white" href="../pesche-valfrutta-meta-265kg.html">Not available</a>
</div>
</div><div class="left product prod117"
        data-name="Pesche Sciroppate Jolly 3kg"
        data-price="7.84"
        data-id="26134"
        data-available="no"
        data-category="6845"
        data-bestselling="">
    <a href="../pesche-sciroppate-jolly-3kg.html">
        <div style="background-image: url('../../cdn.spesati.com/images/products/000114811/jolly-colombani-linea-catering-pesche-allo-sciroppo-2650-g-01.png')">
            <div class="hover"></div>
            
            <div class="stickers"></div>
        </div>
    </a>
    <div>
        <h4><a href="../pesche-sciroppate-jolly-3kg.html"><b>Pesche Sciroppate Jolly 3kg</b></a></h4>
        <p class="description">Jolly Colombani Linea Catering Pesche allo sciroppo 2650 g</p>
        <p class="right price"><b>7.84 €</b></p>
        <p class="right unitPrice">2.61 € per kg</p>
    </div>
    <div class="notAvailable">
    <a class="button bgDarkGrey white" href="../pesche-sciroppate-jolly-3kg.html">Not available</a>
</div>
</div><div class="left product prod118"
        data-name="Prugne Sciroppate Jolly 3kg"
        data-price="8.78"
        data-id="26133"
        data-available="no"
        data-category="6845"
        data-bestselling="">
    <a href="../prugne-sciroppate-jolly-3kg.html">
        <div style="background-image: url('../../cdn.spesati.com/images/products/000114810/jolly-colombani-linea-catering-prugne-allo-sciroppo-2700-g-01.png')">
            <div class="hover"></div>
            
            <div class="stickers"></div>
        </div>
    </a>
    <div>
        <h4><a href="../prugne-sciroppate-jolly-3kg.html"><b>Prugne Sciroppate Jolly 3kg</b></a></h4>
        <p class="description">Jolly Colombani Linea Catering Prugne allo sciroppo 2700 g</p>
        <p class="right price"><b>8.78 €</b></p>
        <p class="right unitPrice">2.93 € per kg</p>
    </div>
    <div class="notAvailable">
    <a class="button bgDarkGrey white" href="../prugne-sciroppate-jolly-3kg.html">Not available</a>
</div>
</div><div class="left product prod119"
        data-name="Granella Rebecchi Pistac 50gr"
        data-price="4.35"
        data-id="25804"
        data-available="no"
        data-category="6845"
        data-bestselling="">
    <a href="../granella-rebecchi-pistac-50gr.html">
        <div style="background-image: url('../../cdn.spesati.com/images/products/000111764/mariarosa-granella-di-pistacchi-50-g-01.png')">
            <div class="hover"></div>
            
            <div class="stickers"></div>
        </div>
    </a>
    <div>
        <h4><a href="../granella-rebecchi-pistac-50gr.html"><b>Granella Rebecchi Pistac 50gr</b></a></h4>
        <p class="description">Mariarosa Granella di pistacchi 50 g</p>
        <p class="right price"><b>4.35 €</b></p>
        <p class="right unitPrice">87.01 € per kg</p>
    </div>
    <div class="notAvailable">
    <a class="button bgDarkGrey white" href="../granella-rebecchi-pistac-50gr.html">Not available</a>
</div>
</div><div class="left product prod120"
        data-name="Macedonia Candita Pane Angeli 70Gr"
        data-price="2.54"
        data-id="7069"
        data-available="no"
        data-category="6845"
        data-bestselling="">
    <a href="../macedonia-candita-pane-angeli-70gr.html">
        <div style="background-image: url('../../cdn.spesati.com/images/products/000108807/paneangeli-decora-con-macedonia-candita-70-g-01.png')">
            <div class="hover"></div>
            
            <div class="stickers"></div>
        </div>
    </a>
    <div>
        <h4><a href="../macedonia-candita-pane-angeli-70gr.html"><b>Macedonia Candita Pane Angeli 70Gr</b></a></h4>
        <p class="description">PANEANGELI decora con Macedonia candita 70 g</p>
        <p class="right price"><b>2.54 €</b></p>
        <p class="right unitPrice">36.30 € per kg</p>
    </div>
    <div class="notAvailable">
    <a class="button bgDarkGrey white" href="../macedonia-candita-pane-angeli-70gr.html">Not available</a>
</div>
</div><div class="left product prod121"
        data-name="Pepite Rebecchi Cioc Fond 125g"
        data-price="3.55"
        data-id="25373"
        data-available="no"
        data-category="6845"
        data-bestselling="">
    <a href="../pepite-rebecchi-cioc-fond-125g.html">
        <div style="background-image: url('../../cdn.spesati.com/images/products/000108774/mariarosa-pepite-di-cioccolato-fondente-125-g-01.png')">
            <div class="hover"></div>
            
            <div class="stickers"></div>
        </div>
    </a>
    <div>
        <h4><a href="../pepite-rebecchi-cioc-fond-125g.html"><b>Pepite Rebecchi Cioc Fond 125g</b></a></h4>
        <p class="description">Mariarosa Pepite di cioccolato Fondente 125 g</p>
        <p class="right price"><b>3.55 €</b></p>
        <p class="right unitPrice">28.40 € per kg</p>
    </div>
    <div class="notAvailable">
    <a class="button bgDarkGrey white" href="../pepite-rebecchi-cioc-fond-125g.html">Not available</a>
</div>
</div><div class="left product prod122"
        data-name="Zucchero Rebecchi Fond 250gr"
        data-price="2.89"
        data-id="25293"
        data-available="no"
        data-category="6845"
        data-bestselling="">
    <a href="../zucchero-rebecchi-fond-250gr.html">
        <div style="background-image: url('../../cdn.spesati.com/images/products/000108544/flli-rebecchi-valtrebbia-pasticceria-creativa-zucchero-fondente-bianco-250-g-01.png')">
            <div class="hover"></div>
            
            <div class="stickers"></div>
        </div>
    </a>
    <div>
        <h4><a href="../zucchero-rebecchi-fond-250gr.html"><b>Zucchero Rebecchi Fond 250gr</b></a></h4>
        <p class="description">F.lli Rebecchi Valtrebbia Pasticceria Creativa Zucchero Fondente Bianco 250 g</p>
        <p class="right price"><b>2.89 €</b></p>
        <p class="right unitPrice">11.56 € per kg</p>
    </div>
    <div class="notAvailable">
    <a class="button bgDarkGrey white" href="../zucchero-rebecchi-fond-250gr.html">Not available</a>
</div>
</div><div class="left product prod123"
        data-name="Gel Rebecchi Color Assort 20gr"
        data-price="6.29"
        data-id="25291"
        data-available="no"
        data-category="6845"
        data-bestselling="">
    <a href="../gel-rebecchi-color-assort-20gr.html">
        <div style="background-image: url('../../cdn.spesati.com/images/products/000108539/flli-rebecchi-valtrebbia-pasticceria-creativa-color-gel-per-dolci-rosso-20-g-01.png')">
            <div class="hover"></div>
            
            <div class="stickers"></div>
        </div>
    </a>
    <div>
        <h4><a href="../gel-rebecchi-color-assort-20gr.html"><b>Gel Rebecchi Color Assort 20gr</b></a></h4>
        <p class="description">F.lli Rebecchi Valtrebbia Pasticceria Creativa Color Gel per Dolci rosso 20 g</p>
        <p class="right price"><b>6.29 €</b></p>
        <p class="right unitPrice">314.49 € per kg</p>
    </div>
    <div class="notAvailable">
    <a class="button bgDarkGrey white" href="../gel-rebecchi-color-assort-20gr.html">Not available</a>
</div>
</div><div class="left product prod124"
        data-name="Cialde Rebecchi Torte Calcio"
        data-price="6.49"
        data-id="25286"
        data-available="no"
        data-category="6845"
        data-bestselling="">
    <a href="../cialde-rebecchi-torte-calcio.html">
        <div style="background-image: url('../../cdn.spesati.com/images/products/000108534/cialda-decorativa-per-torte-inter-o-205-cm-7-g-01.png')">
            <div class="hover"></div>
            
            <div class="stickers"></div>
        </div>
    </a>
    <div>
        <h4><a href="../cialde-rebecchi-torte-calcio.html"><b>Cialde Rebecchi Torte Calcio</b></a></h4>
        <p class="description">Cialda Decorativa per Torte Inter Ø 20,5 cm 7 g</p>
        <p class="right price"><b>6.49 €</b></p>
        <p class="right unitPrice">926.60 € per kg</p>
    </div>
    <div class="notAvailable">
    <a class="button bgDarkGrey white" href="../cialde-rebecchi-torte-calcio.html">Not available</a>
</div>
</div><div class="left product prod125"
        data-name="Scagliette Ciocc Rebecchi Fond"
        data-price="3.75"
        data-id="25277"
        data-available="no"
        data-category="6845"
        data-bestselling="">
    <a href="../scagliette-ciocc-rebecchi-fond.html">
        <div style="background-image: url('../../cdn.spesati.com/images/products/000108519/flli-rebecchi-valtrebbia-pasticceria-creativa-scagliette-riccioli-di-cioccolato-fondente-50-g-01.png')">
            <div class="hover"></div>
            
            <div class="stickers"></div>
        </div>
    </a>
    <div>
        <h4><a href="../scagliette-ciocc-rebecchi-fond.html"><b>Scagliette Ciocc Rebecchi Fond</b></a></h4>
        <p class="description">F.lli Rebecchi Valtrebbia Pasticceria Creativa Scagliette Riccioli di Cioccolato Fondente 50 g</p>
        <p class="right price"><b>3.75 €</b></p>
        <p class="right unitPrice">75.00 € per kg</p>
    </div>
    <div class="notAvailable">
    <a class="button bgDarkGrey white" href="../scagliette-ciocc-rebecchi-fond.html">Not available</a>
</div>
</div><div class="left product prod126"
        data-name="Pirottini Rebecchi Rot N4 170p"
        data-price="5.65"
        data-id="25275"
        data-available="no"
        data-category="6845"
        data-bestselling="">
    <a href="../pirottini-rebecchi-rot-n4-170p.html">
        <div style="background-image: url('../../cdn.spesati.com/images/products/000108514/mariarosa-pirottini-classici-in-carta-da-forno-o-35mm-h-21mm-170-pz-01.png')">
            <div class="hover"></div>
            
            <div class="stickers"></div>
        </div>
    </a>
    <div>
        <h4><a href="../pirottini-rebecchi-rot-n4-170p.html"><b>Pirottini Rebecchi Rot N4 170p</b></a></h4>
        <p class="description">Mariarosa Pirottini classici in Carta da Forno ø 35mm h 21mm 170 pz</p>
        <p class="right price"><b>5.65 €</b></p>
        <p class="right unitPrice">376.65 € per kg</p>
    </div>
    <div class="notAvailable">
    <a class="button bgDarkGrey white" href="../pirottini-rebecchi-rot-n4-170p.html">Not available</a>
</div>
</div><div class="left product prod127"
        data-name="Dec Rebecchi Perline Argent"
        data-price="3.39"
        data-id="25272"
        data-available="no"
        data-category="6845"
        data-bestselling="">
    <a href="../dec-rebecchi-perline-argent.html">
        <div style="background-image: url('../../cdn.spesati.com/images/products/000108511/mariarosa-dolci-decori-perline-argento-sassari-25-g-01.png')">
            <div class="hover"></div>
            
            <div class="stickers"></div>
        </div>
    </a>
    <div>
        <h4><a href="../dec-rebecchi-perline-argent.html"><b>Dec Rebecchi Perline Argent</b></a></h4>
        <p class="description">Mariarosa dolci Decori Perline argento Sassari 25 g</p>
        <p class="right price"><b>3.39 €</b></p>
        <p class="right unitPrice">135.61 € per kg</p>
    </div>
    <div class="notAvailable">
    <a class="button bgDarkGrey white" href="../dec-rebecchi-perline-argent.html">Not available</a>
</div>
</div><div class="left product prod128"
        data-name="Mandorle Rebecchi Granella"
        data-price="3.85"
        data-id="25264"
        data-available="no"
        data-category="6845"
        data-bestselling="">
    <a href="../mandorle-rebecchi-granella.html">
        <div style="background-image: url('../../cdn.spesati.com/images/products/000108502/flli-rebecchi-valtrebbia-mandorle-granella-45-g-01.png')">
            <div class="hover"></div>
            
            <div class="stickers"></div>
        </div>
    </a>
    <div>
        <h4><a href="../mandorle-rebecchi-granella.html"><b>Mandorle Rebecchi Granella</b></a></h4>
        <p class="description">F.lli Rebecchi Valtrebbia Mandorle granella 45 g</p>
        <p class="right price"><b>3.85 €</b></p>
        <p class="right unitPrice">85.56 € per kg</p>
    </div>
    <div class="notAvailable">
    <a class="button bgDarkGrey white" href="../mandorle-rebecchi-granella.html">Not available</a>
</div>
</div><div class="left product prod129"
        data-name="Mandorle Rebecchi Affettate"
        data-price="3.29"
        data-id="25263"
        data-available="no"
        data-category="6845"
        data-bestselling="">
    <a href="../mandorle-rebecchi-affettate.html">
        <div style="background-image: url('../../cdn.spesati.com/images/products/000108501/flli-rebecchi-valtrebbia-mandorle-affettate-30-g-01.png')">
            <div class="hover"></div>
            
            <div class="stickers"></div>
        </div>
    </a>
    <div>
        <h4><a href="../mandorle-rebecchi-affettate.html"><b>Mandorle Rebecchi Affettate</b></a></h4>
        <p class="description">F.lli Rebecchi Valtrebbia Mandorle affettate 30 g</p>
        <p class="right price"><b>3.29 €</b></p>
        <p class="right unitPrice">109.65 € per kg</p>
    </div>
    <div class="notAvailable">
    <a class="button bgDarkGrey white" href="../mandorle-rebecchi-affettate.html">Not available</a>
</div>
</div><div class="left product prod130"
        data-name="Granella Rebecchi Nocciola"
        data-price="1.45"
        data-id="25261"
        data-available="no"
        data-category="6845"
        data-bestselling="">
    <a href="../granella-rebecchi-nocciola.html">
        <div style="background-image: url('../../cdn.spesati.com/images/products/000108497/flli-rebecchi-valtrebbia-croccantini-soffiati-alla-nocciola-18-g-01.png')">
            <div class="hover"></div>
            
            <div class="stickers"></div>
        </div>
    </a>
    <div>
        <h4><a href="../granella-rebecchi-nocciola.html"><b>Granella Rebecchi Nocciola</b></a></h4>
        <p class="description">F.lli Rebecchi Valtrebbia Croccantini soffiati alla Nocciola 18 g</p>
        <p class="right price"><b>1.45 €</b></p>
        <p class="right unitPrice">80.54 € per kg</p>
    </div>
    <div class="notAvailable">
    <a class="button bgDarkGrey white" href="../granella-rebecchi-nocciola.html">Not available</a>
</div>
</div><div class="left product prod131"
        data-name="Gocce Rebecchi Ciocc Bianc 125"
        data-price="3.49"
        data-id="25258"
        data-available="no"
        data-category="6845"
        data-bestselling="">
    <a href="../gocce-rebecchi-ciocc-bianc-125.html">
        <div style="background-image: url('../../cdn.spesati.com/images/products/000108494/mariarosa-gocce-pasticcere-cioccolato-bianco-125-g-01.png')">
            <div class="hover"></div>
            
            <div class="stickers"></div>
        </div>
    </a>
    <div>
        <h4><a href="../gocce-rebecchi-ciocc-bianc-125.html"><b>Gocce Rebecchi Ciocc Bianc 125</b></a></h4>
        <p class="description">Mariarosa Gocce pasticcere Cioccolato Bianco 125 g</p>
        <p class="right price"><b>3.49 €</b></p>
        <p class="right unitPrice">27.92 € per kg</p>
    </div>
    <div class="notAvailable">
    <a class="button bgDarkGrey white" href="../gocce-rebecchi-ciocc-bianc-125.html">Not available</a>
</div>
</div><div class="left product prod132"
        data-name="Gelatina Rebecchi Fogli 24gr"
        data-price="2.25"
        data-id="25255"
        data-available="no"
        data-category="6845"
        data-bestselling="">
    <a href="../gelatina-rebecchi-fogli-24gr.html">
        <div style="background-image: url('../../cdn.spesati.com/images/products/000108491/mariarosa-gelatina-in-fogli-24-g-01.png')">
            <div class="hover"></div>
            
            <div class="stickers"></div>
        </div>
    </a>
    <div>
        <h4><a href="../gelatina-rebecchi-fogli-24gr.html"><b>Gelatina Rebecchi Fogli 24gr</b></a></h4>
        <p class="description">Mariarosa Gelatina in fogli 24 g</p>
        <p class="right price"><b>2.25 €</b></p>
        <p class="right unitPrice">93.73 € per kg</p>
    </div>
    <div class="notAvailable">
    <a class="button bgDarkGrey white" href="../gelatina-rebecchi-fogli-24gr.html">Not available</a>
</div>
</div><div class="left product prod133"
        data-name="Frutta Candita Rebecchi Cilieg"
        data-price="2.15"
        data-id="25252"
        data-available="no"
        data-category="6845"
        data-bestselling="">
    <a href="../frutta-candita-rebecchi-cilieg.html">
        <div style="background-image: url('../../cdn.spesati.com/images/products/000108488/mariarosa-ciliegie-rosse-candite-70-g-01.png')">
            <div class="hover"></div>
            
            <div class="stickers"></div>
        </div>
    </a>
    <div>
        <h4><a href="../frutta-candita-rebecchi-cilieg.html"><b>Frutta Candita Rebecchi Cilieg</b></a></h4>
        <p class="description">Mariarosa Ciliegie rosse candite 70 g</p>
        <p class="right price"><b>2.15 €</b></p>
        <p class="right unitPrice">30.72 € per kg</p>
    </div>
    <div class="notAvailable">
    <a class="button bgDarkGrey white" href="../frutta-candita-rebecchi-cilieg.html">Not available</a>
</div>
</div><div class="left product prod134"
        data-name="Dec Rebecchi Ass Cri-cuo-stel"
        data-price="1.89"
        data-id="25242"
        data-available="no"
        data-category="6845"
        data-bestselling="">
    <a href="../dec-rebecchi-ass-cri-cuo-stel.html">
        <div style="background-image: url('../../cdn.spesati.com/images/products/000108466/mariarosa-dolci-decori-cristalli-di-neve-22-g-01.png')">
            <div class="hover"></div>
            
            <div class="stickers"></div>
        </div>
    </a>
    <div>
        <h4><a href="../dec-rebecchi-ass-cri-cuo-stel.html"><b>Dec Rebecchi Ass Cri-cuo-stel</b></a></h4>
        <p class="description">Mariarosa dolci Decori Cristalli di neve 22 g</p>
        <p class="right price"><b>1.89 €</b></p>
        <p class="right unitPrice">85.90 € per kg</p>
    </div>
    <div class="notAvailable">
    <a class="button bgDarkGrey white" href="../dec-rebecchi-ass-cri-cuo-stel.html">Not available</a>
</div>
</div><div class="left product prod135"
        data-name="Dec Rebecchi Codetta Arcob"
        data-price="2.25"
        data-id="25235"
        data-available="no"
        data-category="6845"
        data-bestselling="">
    <a href="../dec-rebecchi-codetta-arcob.html">
        <div style="background-image: url('../../cdn.spesati.com/images/products/000108456/mariarosa-codetta-arcobaleno-70-g-01.png')">
            <div class="hover"></div>
            
            <div class="stickers"></div>
        </div>
    </a>
    <div>
        <h4><a href="../dec-rebecchi-codetta-arcob.html"><b>Dec Rebecchi Codetta Arcob</b></a></h4>
        <p class="description">Mariarosa Codetta arcobaleno 70 g</p>
        <p class="right price"><b>2.25 €</b></p>
        <p class="right unitPrice">32.13 € per kg</p>
    </div>
    <div class="notAvailable">
    <a class="button bgDarkGrey white" href="../dec-rebecchi-codetta-arcob.html">Not available</a>
</div>
</div><div class="left product prod136"
        data-name="Dec Rebecchi Cialde Torte D 21"
        data-price="5.19"
        data-id="25233"
        data-available="no"
        data-category="6845"
        data-bestselling="">
    <a href="../dec-rebecchi-cialde-torte-d-21.html">
        <div style="background-image: url('../../cdn.spesati.com/images/products/000108453/cialda-per-torta-disney-princess-snow-white-o-205-cm-7-g-01.png')">
            <div class="hover"></div>
            
            <div class="stickers"></div>
        </div>
    </a>
    <div>
        <h4><a href="../dec-rebecchi-cialde-torte-d-21.html"><b>Dec Rebecchi Cialde Torte D 21</b></a></h4>
        <p class="description">Cialda per Torta Disney Princess Snow White Ø 20,5 cm 7 g</p>
        <p class="right price"><b>5.19 €</b></p>
        <p class="right unitPrice">471.80 € per kg</p>
    </div>
    <div class="notAvailable">
    <a class="button bgDarkGrey white" href="../dec-rebecchi-cialde-torte-d-21.html">Not available</a>
</div>
</div><div class="left product prod137"
        data-name="Gelatina Rebecchi Fogli 500gr"
        data-price="38.94"
        data-id="25209"
        data-available="no"
        data-category="6845"
        data-bestselling="">
    <a href="../gelatina-rebecchi-fogli-500gr.html">
        <div style="background-image: url('../../cdn.spesati.com/images/products/000108411/flli-rebecchi-valtrebbia-chef-pasticcere-gelatina-in-fogli-500-g-01.png')">
            <div class="hover"></div>
            
            <div class="stickers"></div>
        </div>
    </a>
    <div>
        <h4><a href="../gelatina-rebecchi-fogli-500gr.html"><b>Gelatina Rebecchi Fogli 500gr</b></a></h4>
        <p class="description">F.lli Rebecchi Valtrebbia Chef & Pasticcere Gelatina in Fogli 500 g</p>
        <p class="right price"><b>38.94 €</b></p>
        <p class="right unitPrice">77.88 € per kg</p>
    </div>
    <div class="notAvailable">
    <a class="button bgDarkGrey white" href="../gelatina-rebecchi-fogli-500gr.html">Not available</a>
</div>
</div><div class="left product prod138"
        data-name="Topping Nestle Galak Cremos 1k"
        data-price="22.00"
        data-id="27757"
        data-available="no"
        data-category="6845"
        data-bestselling="">
    <a href="../topping-nestle-galak-cremos-1k.html">
        <div style="background-image: url('../../cdn.spesati.com/images/products/missing-image/missing-image.jpg')">
            <div class="hover"></div>
            
            <div class="stickers"></div>
        </div>
    </a>
    <div>
        <h4><a href="../topping-nestle-galak-cremos-1k.html"><b>Topping Nestle Galak Cremos 1k</b></a></h4>
        <p class="description">1 Kg</p>
        <p class="right price"><b>22.00 €</b></p>
        <p class="right unitPrice">22.00 € per kg</p>
    </div>
    <div class="notAvailable">
    <a class="button bgDarkGrey white" href="../topping-nestle-galak-cremos-1k.html">Not available</a>
</div>
</div><div class="left product prod139"
        data-name="Topping Nestle Galak Croc 950g"
        data-price="23.22"
        data-id="27758"
        data-available="no"
        data-category="6845"
        data-bestselling="">
    <a href="../topping-nestle-galak-croc-950g.html">
        <div style="background-image: url('../../cdn.spesati.com/images/products/missing-image/missing-image.jpg')">
            <div class="hover"></div>
            
            <div class="stickers"></div>
        </div>
    </a>
    <div>
        <h4><a href="../topping-nestle-galak-croc-950g.html"><b>Topping Nestle Galak Croc 950g</b></a></h4>
        <p class="description">0.95 Kg</p>
        <p class="right price"><b>23.22 €</b></p>
        <p class="right unitPrice">24.44 € per kg</p>
    </div>
    <div class="notAvailable">
    <a class="button bgDarkGrey white" href="../topping-nestle-galak-croc-950g.html">Not available</a>
</div>
</div><div class="left product prod140"
        data-name="Gocce Ciocc Fond Unigra' 1kg"
        data-price="9.55"
        data-id="25143"
        data-available="no"
        data-category="6845"
        data-bestselling="">
    <a href="../gocce-ciocc-fond-unigra-1kg.html">
        <div style="background-image: url('../../cdn.spesati.com/images/products/missing-image/missing-image.jpg')">
            <div class="hover"></div>
            
            <div class="stickers"></div>
        </div>
    </a>
    <div>
        <h4><a href="../gocce-ciocc-fond-unigra-1kg.html"><b>Gocce Ciocc Fond Unigra' 1kg</b></a></h4>
        <p class="description">1 Kg</p>
        <p class="right price"><b>9.55 €</b></p>
        <p class="right unitPrice">9.55 € per kg</p>
    </div>
    <div class="notAvailable">
    <a class="button bgDarkGrey white" href="../gocce-ciocc-fond-unigra-1kg.html">Not available</a>
</div>
</div><div class="left product prod141"
        data-name="Gelatina Fabbri Spray 150ml"
        data-price="4.29"
        data-id="25382"
        data-available="no"
        data-category="6845"
        data-bestselling="">
    <a href="../gelatina-fabbri-spray-150ml.html">
        <div style="background-image: url('../../cdn.spesati.com/images/products/missing-image/missing-image.jpg')">
            <div class="hover"></div>
            
            <div class="stickers"></div>
        </div>
    </a>
    <div>
        <h4><a href="../gelatina-fabbri-spray-150ml.html"><b>Gelatina Fabbri Spray 150ml</b></a></h4>
        <p class="description">0.15 Lt</p>
        <p class="right price"><b>4.29 €</b></p>
        <p class="right unitPrice">28.60 € per litre</p>
    </div>
    <div class="notAvailable">
    <a class="button bgDarkGrey white" href="../gelatina-fabbri-spray-150ml.html">Not available</a>
</div>
</div>        </div>
    </div>
</section>
<div class="footer">
    <div class="bgDarkGrey"></div>
    <footer>
        <div class="left bgDarkGrey">
            <a id="logoFooter" href="../index.html" class="estDynamic">
                <img src="../../cdn.spesati.com/images/layout/logo-eng.png" alt="Spesati.com" />
                <h2 class="red">Grocery Delivery</h2>
            </a>
            <a class="button bgRed white mobile" href="tel:390707968318">Phone order</a>
            <a class="button bgRed white desktop" href="../news/2020-04-07/news-on-spesati-the-telephone-order-service-is-active.html">Phone order</a>
            <a class="button bgRed white" href="../cdn-cgi/l/email-protection.html#741d1a121b340704110715001d5a171b19">Send mail</a>
            <div id="social">
                <a class="left" href="https://www.facebook.com/spesati/" rel="external" target="_blank">
                    <span class="facebook bgRed fa-stack fa-lg">
                        <i class="fa fa-facebook fa-stack-1x "></i>
                    </span>
                </a>
                <a class="right" href="https://twitter.com/spesati" rel="external" target="_blank">
                    <span class="twitter bgRed fa-stack fa-lg">
                        <i class="fa fa-twitter fa-stack-1x "></i>
                    </span>
                </a>
            </div>
            <p>Copyright 2024 Spesati.com </p>
            
                    <p>All rights reserved</p>
                    <p>SPESATI SRL</p>
                    <p>Corso Vittorio Veneto 15/I, 07026, Olbia</p>
                    <p>CF e P.Iva: 02772380909</p>
                        </div>
        <div class="center bgRed">
            <div class="top">
                <h3>Categories</h3>
                <div class="col">
                    <ul>
                        <li>
                            <a href="#" class="estDynamic">On sale</a>
                        </li>
                        <li>
                            <a href="../fruit-and-vegetables.html" class="estDynamic">Fruit and vegetables</a>
                        </li>
                        <li>
                            <a href="../fresh-products.html" class="estDynamic">Fresh products</a>
                        </li>
                        <li>
                            <a href="../frozen-foods.html" class="estDynamic">Frozen foods</a>
                        </li>
                        <li>
                            <a href="../bread-and-pasta.html" class="estDynamic">Bread and pasta</a>
                        </li>
                        <li>
                            <a href="../meat.html" class="estDynamic">Meat</a>
                        </li>
                        <li>
                            <a href="../fish.html" class="estDynamic">Fish</a>
                        </li>
                    </ul>
                </div>
                <div class="col">
                    <ul>
                        <li>
                            <a href="../wine-beer-and-spirits.html" class="estDynamic">Wine beer and spirits</a>
                        </li>
                        <li>
                            <a href="../water-and-drinks.html" class="estDynamic">Water and drinks</a>
                        </li>
                        <li>
                            <a href="../sweets.html" class="estDynamic">Sweets</a>
                        </li>
                        <li>
                            <a href="../shelf.html" class="estDynamic">Cupboard</a>
                        </li>
                        <li>
                            <a href="../personal-care.html" class="estDynamic">Personal care</a>
                        </li>
                        <li>
                            <a href="../household-and-outdoors.html" class="estDynamic">Home and outdoors</a>
                        </li>
                        <li>
                            <a href="../pet.html" class="estDynamic">Pets</a>
                        </li>
                    </ul>
                </div>
                <div class="col">
                    <ul>
                        <li>
                            <a href="../technology.html" class="estDynamic">Technology</a>
                        </li>
                        <li>
                            <a href="../gluten-free.html" class="estDynamic">Gluten free</a>
                        </li>
                        <li>
                            <a href="../lactose-free.html" class="estDynamic">Lactose free</a>
                        </li>
                        <li>
                            <a href="../special.html" class="estDynamic">Special</a>
                        </li>
                        <li>
                            <a href="../sardinian-products.html" class="estDynamic">Sardinian products</a>
                        </li>
                    </ul>
                </div>
            </div>
            <div class="bottom bgRed">
                <div class="left">
                    <h3>Delivery payment</h3>
                    <div>
                        <i class="fa fa-money fa-3x" aria-hidden="true"></i>
                        <p>Cash</p>
                    </div>
                    <div>
                        <i class="fa fa-credit-card fa-3x" aria-hidden="true"></i>
                        <p>Bancomat or card</p>
                    </div>
                </div>
                <div class="right">
                    <h3>Online payment</h3>
                    <div>
                        <i class="fa fa-credit-card fa-3x" aria-hidden="true"></i>
                        <p>Credit or debit card <span class="red">online</span></p>
                    </div>
                    <div>
                        <i class="fa fa-paypal fa-3x" aria-hidden="true"></i>
                        <p>PayPal</p>
                    </div>
                    <div>
                        <i class="fa fa-university fa-3x" aria-hidden="true"></i>
                        <p>Bank transfer</p>
                    </div>
                </div>
            </div>
        </div>
        <div class="right bgRed">
            <div>
                <i class="fa fa-truck fa-flip-horizontal"></i>
                <a class="button bgYellow white" href="../delivery-prices.html">Delivery prices</a>
                
                    <h3>Home delivery:</h3>
                    <p><b>Monday to Saturday</b></p>
                    <p><b>9:00 to 20:00</b></p>
                    <p><b>Minimum order:</b> 29€</p>
                    <p><b>Delivery starting from:</b> 3,50€</p>
                            </div>
            <ul>
                <li>
                    <a href="../delivery-prices.html">Delivery prices</a>
                </li>
                <li>
                    <a href="../about.html">About</a>
                </li>
                <li>
                    <a href="../faq.html">Faq</a>
                </li>
                <li>
                    <a href="../customer-care.html">Support</a>
                </li>
                <li>
                    <a href="../news.html">Blog</a>
                </li>
                <li>
                    <a href="../terms-and-conditions.html">Conditions</a>
                </li>
                <li>
                    <a href="../privacy-policy.html">Privacy policy</a>
                </li>
                <li>
                    <a href="../legal-warranty.html">Legal guarantee</a>
                </li>
            </ul>
        </div>
    </footer>
    <div class="bgRed"></div>
</div>
<!--Start of Tawk.to Script-->
<script data-cfasync="false" src="../cdn-cgi/scripts/5c5dd728/cloudflare-static/email-decode.min.js"></script><script type="text/javascript">
var Tawk_API=Tawk_API||{}, Tawk_LoadStart=new Date();
(function(){
var s1=document.createElement("script"),s0=document.getElementsByTagName("script")[0];
s1.async=true;
s1.src='https://embed.tawk.to/59e86945c28eca75e4626ed9/default';
s1.charset='UTF-8';
s1.setAttribute('crossorigin','*');
s0.parentNode.insertBefore(s1,s0);
})();
</script>
<!--End of Tawk.to Script-->

<!-- Here are parked a few translatable strings, useful for Javascript rendering -->
<div id="js-texts" hidden>
    <input type="hidden" name="save_cart_notice" value="Saving your cart it will be possible to reload it next time you come for shopping">
    <input type="hidden" name="save_cart_notice_title" value="Want to save your cart?">
    <input type="hidden" name="save_cart_ok" value="Save">
    <input type="hidden" name="save_cart_ko" value="Don't Save">
    <input type="hidden" name="reload_cart" value="The Reload Order function allows you to top up your last cart to make a New Order. Warning: do not use this function to add products to the last order. At this time it is not possible to modify an order placed previously.">
</div>

<!-- new site and login popup -->
</body>
<!-- Mirrored from www.spesati.com/sweets/dessert-toppings by HTTrack Website Copier/3.x [XR&CO'2014], Fri, 23 Feb 2024 18:36:04 GMT -->
</html>