<!DOCTYPE html><html lang="en">
<!-- Mirrored from www.spesati.com/sweets/easter-eggs-and-doves by HTTrack Website Copier/3.x [XR&CO'2014], Fri, 23 Feb 2024 18:41:48 GMT -->
<!-- Added by HTTrack --><meta http-equiv="content-type" content="text/html;charset=utf-8" /><!-- /Added by HTTrack -->
<head>
    <title>Easter eggs and doves - Sweets - Spesati.com</title>
    <meta http-equiv="Content-Type" content="text/html; charset=UTF-8" />
    <meta name="description" content="" />
    <meta name="keywords" content="" />
    <link href="../images/favicon.ico" rel="shortcut icon" type="image/x-icon" />
    <meta name="author" content="www.dodify.com" /><link rel="canonical" href="easter-eggs-and-doves.html" /><link rel="alternate" hreflang="en" href="easter-eggs-and-doves.html" /><link rel="alternate" hreflang="it" href="https://www.spesati.it/dolci/uova-di-pasqua-e-colombe" /><link href="../../cdnjs.cloudflare.com/ajax/libs/meyer-reset/2.0/reset.min.css" rel="stylesheet" type="text/css" /><link href="../../cdnjs.cloudflare.com/ajax/libs/font-awesome/6.5.1/css/all.min.css" rel="stylesheet" type="text/css" /><link href="https://fonts.googleapis.com/css?family=Montserrat:400,700" rel="stylesheet" type="text/css" /><link href="../../cdnjs.cloudflare.com/ajax/libs/fancybox/2.1.5/jquery.fancybox.min.css" rel="stylesheet" type="text/css" /><link href="../style/mainbea6.css?v=7" rel="stylesheet" type="text/css" /><link href="../style/lightslider.css" rel="stylesheet" type="text/css" /><link href="../style/categories.css" rel="stylesheet" type="text/css" /><script src="../../cdnjs.cloudflare.com/ajax/libs/jquery/3.6.1/jquery.min.js" type="text/javascript"></script><script src="../../ajax.googleapis.com/ajax/libs/jquery/1.11.0/jquery.min.js" type="text/javascript"></script><script src="http://unpkg.com/@floating-ui/core@0.4.0" type="text/javascript"></script><script src="http://unpkg.com/@floating-ui/dom@0.2.0" type="text/javascript"></script><script src="../../cdnjs.cloudflare.com/ajax/libs/fancybox/2.1.5/jquery.fancybox.min.js" type="text/javascript"></script><script src="../js/menu.js" type="text/javascript"></script><script src="../js/interfaceb6f5.js?v=10" type="text/javascript"></script><script src="../js/spesati.lightslider.min.js" type="text/javascript"></script><meta name="viewport" content="width=device-width, initial-scale=1, maximum-scale=1" /><meta name = "format-detection" content = "telephone=no">
<!-- Facebook Pixel Code -->
<script>
  !function(f,b,e,v,n,t,s)
  {if(f.fbq)return;n=f.fbq=function(){n.callMethod?
  n.callMethod.apply(n,arguments):n.queue.push(arguments)};
  if(!f._fbq)f._fbq=n;n.push=n;n.loaded=!0;n.version='2.0';
  n.queue=[];t=b.createElement(e);t.async=!0;
  t.src=v;s=b.getElementsByTagName(e)[0];
  s.parentNode.insertBefore(t,s)}(window, document,'script',
  '../../connect.facebook.net/en_US/fbevents.js');
  fbq('init', '792335014180667');
  fbq('track', 'PageView');
</script>
<noscript>
    <img height="1" width="1" style="display:none" src="https://www.facebook.com/tr?id=792335014180667&amp;ev=PageView&amp;noscript=1" />
</noscript>
<!-- End Facebook Pixel Code -->

<!-- GA4 -->
<script async src="https://www.googletagmanager.com/gtag/js?id=G-SSS6NRNXL0"></script>
<script>
  window.dataLayer = window.dataLayer || [];
  function gtag(){dataLayer.push(arguments);}
  gtag('js', new Date());
  gtag('config', 'AW-976671669');
  gtag('config', 'G-SSS6NRNXL0');
</script>
<!-- Elements for PWA deploy -->
<link rel="manifest" href="../manifest.json">
<meta name="theme-color" media="(prefers-color-scheme: light)" content="white">
<meta name="theme-color" media="(prefers-color-scheme: dark)"  content="black">
<link href=../images/icon-192.png rel=apple-touch-icon sizes="192x192">
<!-- Establishment logic -->
<script>var pageEstablishment = "Olbia"; var estDefaultPages = true</script>
    <!--[if lt IE 9]>
        <script src="https://cdnjs.cloudflare.com/ajax/libs/html5shiv/3.7.3/html5shiv.min.js" type="text/javascript"></script>
    <![endif]--><script type="text/javascript">
$(document).ready(function() {
    // Check if exists cookie
    if(document.cookie.indexOf("cookieAccepted") < 0) {
        var cookieText = '<div id=\"cookie\"><p>This site uses cookies. Cookies are used for ads personalisation. <a href=\"/privacy-policy\">More info</a></p><button id=\"cookieConsent\" type=\"button\">Accept</button></div>';
        $("body").append($(
            cookieText
        ));
        $('#cookie').css({
            'width'           : '100%',
            'text-align'      : 'center',
            'color'           : '#FFFFFF',
            'background-color': '#000000', 
            'opacity'         : '.8', 
            'position'        : 'fixed', 
            'bottom'          : '0',
            'padding'         : '.5em 0',
            'z-index'         : '999'
        });
        $('#cookie > *').css({
            'display': 'inline'
        });
        $('#cookie a').css({
            'color'          : '#FFFFFF',
            'text-decoration': 'underline',
            'margin-right'   : '2%'
        });
        $('#cookieConsent').click(function() {
            // Set cookie
            var expiry = new Date();
            expiry.setTime(expiry.getTime() + (365 * 24 * 60 * 60 * 1000));
            document.cookie = "cookieAccepted=yes; expires=" + expiry.toGMTString() + "; path=/; domain=.spesati.com";
            $('#cookie').css({'display': 'none'});
        });
    }
});
</script></head><body><script type="text/javascript">
    var addText = "Add";
    var slider  = null;
    $(document).ready(function() {
        slider = $('#cartSlider').lightSlider({
            controls: false,
            item:13,
            loop:false,
            slideMove:1,
            easing: 'cubic-bezier(0.25, 0, 0.25, 1)',
            speed:600,
            responsive : [
                {
                    breakpoint:1400,
                    settings: {
                        item:12,
                        slideMove:1,
                    }
                },
                {
                    breakpoint:1200,
                    settings: {
                        item:11,
                        slideMove:1,
                    }
                },
                {
                    breakpoint:1080,
                    settings: {
                        item:14,
                        slideMove:1,
                    }
                },
                {
                    breakpoint:800,
                    settings: {
                        item:12,
                        slideMove:1,
                    }
                }
            ]
        });
        $('.lSPager').css("display","none");
        $('.lSAction').css("display","block");
        $('#goToPrevSlide').on('click', function () {
            slider.goToPrevSlide();
        });
        $('#goToNextSlide').on('click', function () {
            slider.goToNextSlide();
        });
    });

</script>
<div id="header" class="bgYellow">
    <header>
        <a class="menu" href="#"><i class="fa red fa-bars fa-2x"></i></a>
        <a id="logo" class="colLeft estDynamic" href="../index.html">
            <img src="../../cdn.spesati.com/images/layout/logo-eng.png" alt="Spesati.com" />
            <h2 class="red">Grocery Delivery</h2>
        </a>
        <div class="colRight">
            <div id="controls" class="right">
                <p id="establishmentControls">
                    <span class="establishmentWarning"><i class="fa-solid fa-triangle-exclamation red" title="Stai visualizzando i prodotti disponibili in una zona diversa. Se vuoi cambiare zona, cliccan qui"></i>&nbsp;&nbsp;</span>
                    Shopping from <b><a id="establishment" href="#"></a></b> <span id="estAddress">for </span> <a href="../change-establishment.html">(<i class="fa-solid fa-pencil"></i> Change)</a> <span class="establishmentWarning">but viewing <b>Olbia</b></span>
                </p>
                <p><a href="https://www.spesati.it/dolci/uova-di-pasqua-e-colombe" class="black switch-site">Versione italiana</a></p>                
            </div>
            <div>
                <form id="search" action="https://www.spesati.com/search" method="post" class="left">
                    <fieldset>
                        <div>
                            <input type="text" name="searchBox" id="searchBox" placeholder="Search for a product"></input>
                            <input id="searchButton" type="submit" name="searchButton" class="button bgRed white left" value="Find" />
                        </div>
                    </fieldset>
                </form>
                <div class="center left">
                    <a class="button bgRed white log-in" href="../login.html">Login</a>
                    <a class="button bgRed white sign-up" href="../sign-up.html">Sign up</a>
                    <a class="button bgRed white profile" href="../profile.html">Profile</a>
                    <a class="button bgRed white log-out" href="../index.html" data-endpoint-check-cart="https://api.spesati.com/cart/check">Logout</a>
                </div>
                <div class="right user-function-icons">
                    <a class="red left account"><i class="fa fa-user fa-3x"></i></a>
                    <div id="dropdown">
                        <a class="log-in button bgRed white" href="../login.html">Login</a>
                        <a class="sign-up button bgRed white" href="../sign-up.html">Sign up</a>
                        <a class="profile button bgRed white" href="../profile.html">Profile</a>
                        <a class="log-out button bgRed white" href="../index.html">Logout</a>
                    </div>

                    <div class="cart left">
                        <i class="fa fa-sm fa-shopping-cart red" aria-hidden="true" id="shipping-cart-button"></i>
                        <p id="cartQuantity"></p>
                    </div>

                    <a class="right" href="../cart.html"><p class="black" id="cartTotal"></p></a>
                </div>
            </div>
                            <div id="previewCart">
                    <i id="goToPrevSlide" class="yellow fa fa-angle-left fa-2x" aria-hidden="true"></i>
                    <div><ul id="cartSlider"></ul></div>
                    <i id="goToNextSlide" class="yellow fa fa-angle-right fa-2x" aria-hidden="true"></i>
                </div>
                    </div>
    </header>

    <div id="shipping-cart-options" data-inited="false">
        <a href="../cart.html" class="goto-cart">checkout</a>
        <a href="#" data-endpoint-auth="https://api.spesati.com/cart/save" data-endpoint-noauth="/login" class="save-cart">save</a>
        <a href="#" data-endpoint-auth="https://api.spesati.com/cart/load" class="load-cart">load</a>
    </div>
</div>
<div id="menuCategoriesMobile" class="mobile bgRed">
    <div class="closeMenu">
        <i class="fa fa-times fa-2x white"></i>
        Close
    </div>
    <ul class="bgRed white">
        <div id="langMobile" class="right">
        <a href="https://www.spesati.it/dolci/uova-di-pasqua-e-colombe" class="white switch-site"><p>Versione italiana</p></a>    </div>
        <li><a>Categories</a>
            <ul class="bgWhite">
                <li>
                    <img src="../../cdn.spesati.com/images/menu/on-sale.png"/>
                    On sale                    <i class="fa fa-angle-down" aria-hidden="true"></i>
                    <ul class="sub-menu">
                    <li>
    <a href="../tacchino-fesa-a-fette.html">Tacchino Fesa A Fette</a>
</li><li>
    <a href="../amaro-montenegro-15lt.html">Amaro Montenegro 1,5lt</a>
</li><li>
    <a href="../carbone-di-legna-sacco-10kg.html">Carbone Di Legna Sacco 10Kg</a>
</li><li>
    <a href="../filu-e-ferru-silvio-carta-70cl.html">Filu E Ferru Silvio Carta 70Cl</a>
</li><li>
    <a href="../braciole-suino-con-cotenna.html">Braciole Suino Con Cotenna</a>
</li><li>
    <a href="../bovino-adulto-polpa.html">Bovino Adulto Polpa</a>
</li><li>
    <a href="../vino-la-palma-cannonau-le-bombarde.html">Vino La Palma Cannonau Le Bombarde</a>
</li><li>
    <a href="../fettine-sceltissime-bovino-adulto.html">Fettine Sceltissime Bovino Adulto</a>
</li><li>
    <a href="../suino-fettine-scelte.html">Suino Fettine Scelte</a>
</li><li>
    <a href="../lavazza-caffe-qualita-rossa-2x250gr.html">Lavazza Caffé Qualità Rossa 2x250gr</a>
</li>                        <li>
                            <a class="estDynamic" href="../on-offer.html">All products on sale</a>
                        </li>
                    </ul>
                </li>
                <li>
                    <img src="../../cdn.spesati.com/images/menu/gift.png"/>
                    Gifts                    <i class="fa fa-angle-down" aria-hidden="true"></i>
                    <ul class="sub-menu">
                        <li>
    <a href="../gift-card-da-150.html">Gift Card Da 150</a>
</li><li>
    <a href="../gift-card-da-100.html">Gift Card Da 100</a>
</li><li>
    <a href="../gift-card-da-50.html">Gift Card Da 50</a>
</li><li>
    <a href="../gift-card-da-25.html">Gift Card Da 25</a>
</li>                        <li>
                            <a class="estDynamic" href="../gift.html">All products in the gifts category</a>
                        </li>
                    </ul>
                </li>
                <li>
                    <img src="../../cdn.spesati.com/images/menu/gift-card.png"/>
                    Gift card and discounts                    <i class="fa fa-angle-down" aria-hidden="true"></i>
                    <ul class="sub-menu">
                        <li>
    <a href="../gift-card-da-150.html">Gift Card Da 150</a>
</li><li>
    <a href="../gift-card-da-100.html">Gift Card Da 100</a>
</li><li>
    <a href="../gift-card-da-50.html">Gift Card Da 50</a>
</li><li>
    <a href="../gift-card-da-25.html">Gift Card Da 25</a>
</li>                    </ul>
                </li>
                <li>
                    <img src="../../cdn.spesati.com/images/menu/fuit-and-vegetables.png"/>
                    Fruit and vegetables                    <i class="fa fa-angle-down" aria-hidden="true"></i>
                    <ul class="sub-menu">
                        <li>
                            <a class="estDynamic" href="../fruit-and-vegetables/pulses-and-beans.html">Cereals and pulses and beans</a>
                        </li>
                        <li>
                            <a class="estDynamic" href="../fruit-and-vegetables/fruit.html">Fruit</a>
                        </li>
                        <li>
                            <a class="estDynamic" href="../fruit-and-vegetables/canned-fruit.html">Canned fruit</a>
                        </li>
                        <li>
                            <a class="estDynamic" href="../fruit-and-vegetables/dried-fruit.html">Dried fruit</a>
                        </li>
                        <li>
                            <a class="estDynamic" href="../fruit-and-vegetables/ready-salads.html">Ready salads</a>
                        </li>
                        <li>
                            <a class="estDynamic" href="../fruit-and-vegetables/fresh-spices.html">Fresh spices</a>
                        </li>
                        <li>
                            <a class="estDynamic" href="../fruit-and-vegetables/vegetables.html">Vegetables and soy</a>
                        </li>
                    </ul>
                </li>
                <li>
                    <img src="../../cdn.spesati.com/images/menu/fresh-products.png"/>
                    Fresh products                    <i class="fa fa-angle-down" aria-hidden="true"></i>
                    <ul class="sub-menu">
                        <li>
                            <a class="estDynamic" href="../fresh-products/margarine-and-butter.html">Butter and margarine</a>
                        </li>
                        <li>
                            <a class="estDynamic" href="../fresh-products/danone.html">Danone</a>
                        </li>
                        <li>
                            <a class="estDynamic" href="../fresh-products/dessert.html">Dessert</a>
                        </li>
                        <li>
                            <a class="estDynamic" href="../fresh-products/sweets.html">Sweets</a>
                        </li>
                        <li>
                            <a class="estDynamic" href="../fresh-products/dairy-products.html">Dairy product</a>
                        </li>
                        <li>
                            <a class="estDynamic" href="../fresh-products/bakery.html">Yeast</a>
                        </li>
                        <li>
                            <a class="estDynamic" href="../fresh-products/mascarpone.html">Mascarpone</a>
                        </li>
                        <li>
                            <a class="estDynamic" href="../fresh-products/snacks.html">Snacks</a>
                        </li>
                        <li>
                            <a class="estDynamic" href="../fresh-products/mozzarella.html">Mozzarella</a>
                        </li>
                        <li>
                            <a class="estDynamic" href="../fresh-products/pasta.html">Pasta</a>
                        </li>
                        <li>
                            <a class="estDynamic" href="../fresh-products/pesto-and-sauces.html">Pesto and sauces</a>
                        </li>
                        <li>
                            <a class="estDynamic" href="../fresh-products/ricotta-and-cheese.html">Ricotta and cheese</a>
                        </li>
                        <li>
                            <a class="estDynamic" href="../fresh-products/cured-meat.html">Cured meat</a>
                        </li>
                        <li>
                            <a class="estDynamic" href="../fresh-products/wurstel.html">Würstel</a>
                        </li>
                        <li>
                            <a class="estDynamic" href="../fresh-products/yogurt.html">Yogurt</a>
                        </li>
                    </ul>
                </li>
                <li>
                    <img src="../../cdn.spesati.com/images/menu/frozen-foods.png"/>
                    Frozen foods                    <i class="fa fa-angle-down" aria-hidden="true"></i>
                    <ul class="sub-menu">
                        <li>
                            <a class="estDynamic" href="../frozen-foods/meat.html">Meat</a>
                        </li>
                        <li>
                            <a class="estDynamic" href="../frozen-foods/ice-creams.html">Ice cream and sweet</a>
                        </li>
                        <li>
                            <a class="estDynamic" href="../frozen-foods/pasta.html">Pasta</a>
                        </li>
                        <li>
                            <a class="estDynamic" href="../frozen-foods/fish.html">Fish</a>
                        </li>
                        <li>
                            <a class="estDynamic" href="../frozen-foods/ready-meals.html">Ready meals</a>
                        </li>
                        <li>
                            <a class="estDynamic" href="../frozen-foods/pizzas.html">Pizzas</a>
                        </li>
                        <li>
                            <a class="estDynamic" href="../frozen-foods/vegetables.html">Vegetables and soy</a>
                        </li>
                    </ul>
                </li>
                <li>
                    <img src="../../cdn.spesati.com/images/menu/bread-and-pasta.png"/>
                    Bread and pasta                    <i class="fa fa-angle-down" aria-hidden="true"></i>
                    <ul class="sub-menu">
                        <li>
                            <a class="estDynamic" href="../bread-and-pasta/crackers.html">Crackers</a>
                        </li>
                        <li>
                            <a class="estDynamic" href="../bread-and-pasta/rusks.html">Rusks</a>
                        </li>
                        <li>
                            <a class="estDynamic" href="../bread-and-pasta/white-bread.html">White bread</a>
                        </li>
                        <li>
                            <a class="estDynamic" href="../bread-and-pasta/local-bread.html">Local bread</a>
                        </li>
                        <li>
                            <a class="estDynamic" href="../bread-and-pasta/soft-bread.html">Soft bread</a>
                        </li>
                        <li>
                            <a class="estDynamic" href="../bread-and-pasta/sardinian-bread.html">Sardinian bread</a>
                        </li>
                        <li>
                            <a class="estDynamic" href="../bread-and-pasta/bakery.html">Bakery</a>
                        </li>
                        <li>
                            <a class="estDynamic" href="../bread-and-pasta/pasta.html">Pasta</a>
                        </li>
                        <li>
                            <a class="estDynamic" href="../bread-and-pasta/fresh-pasta.html">Fresh pasta</a>
                        </li>
                    </ul>
                </li>
                <li>
                    <img src="../../cdn.spesati.com/images/menu/meat.png"/>
                    Meat                    <i class="fa fa-angle-down" aria-hidden="true"></i>
                    <ul class="sub-menu">
                        <li>
                            <a class="estDynamic" href="../meat/beef.html">Beef</a>
                        </li>
                        <li>
                            <a class="estDynamic" href="../meat/goat.html">Goat</a>
                        </li>
                        <li>
                            <a class="estDynamic" href="../meat/packaged-meat.html">Packaged meat</a>
                        </li>
                        <li>
                            <a class="estDynamic" href="../meat/rabbit.html">Rabbit</a>
                        </li>
                        <li>
                            <a class="estDynamic" href="../meat/horse.html">Horse</a>
                        </li>
                        <li>
                            <a class="estDynamic" href="../meat/pork.html">Pork</a>
                        </li>
                        <li>
                            <a class="estDynamic" href="../meat/lamb.html">Lamb</a>
                        </li>
                        <li>
                            <a class="estDynamic" href="../meat/poultry.html">Poultry</a>
                        </li>
                    </ul>
                </li>
                <li>
                    <img src="../../cdn.spesati.com/images/menu/fish.png"/>
                    Fish                    <i class="fa fa-angle-down" aria-hidden="true"></i>
                    <ul class="sub-menu">
                        <li>
                            <a class="estDynamic" href="../fish/fresh-water.html">Fresh water</a>
                        </li>
                        <li>
                            <a class="estDynamic" href="../fish/salt-water.html">Salt water</a>
                        </li>
                        <li>
                            <a class="estDynamic" href="../fish/mussels.html">Mussels</a>
                        </li>
                        <li>
                            <a class="estDynamic" href="../fish/dried-and-salted.html">Dried and salted</a>
                        </li>
                        <li>
                            <a class="estDynamic" href="../fish/seafood-salad.html">Seafood salad</a>
                        </li>
                        <li>
                            <a class="estDynamic" href="../fish/prepared.html">Prepared</a>
                        </li>
                        <li>
                            <a class="estDynamic" href="../fish/specialty.html">Specialty</a>
                        </li>   
                        <li>
                            <a class="estDynamic" href="../fish/tuna-and-salmon.html">Tuna and salmon</a>
                        </li>
                    </ul>
                </li>
                <li>
                    <img src="../../cdn.spesati.com/images/menu/alcohol.png"/>
                    Wine beer and spirits                    <i class="fa fa-angle-down" aria-hidden="true"></i>
                    <ul class="sub-menu">
                        <li>
                            <a class="estDynamic" href="../wine-beer-and-spirits/spirits-and-liquors.html">Alcohol</a>
                        </li>
                        <li>
                            <a class="estDynamic" href="../wine-beer-and-spirits/bitters.html">Bitters</a>
                        </li>
                        <li>
                            <a class="estDynamic" href="../wine-beer-and-spirits/aperatif.html">Aperatifs</a>
                        </li>
                        <li>
                            <a class="estDynamic" href="../wine-beer-and-spirits/beer.html">Beer</a>
                        </li>
                        <li>
                            <a class="estDynamic" href="../wine-beer-and-spirits/creams.html">Creams</a>
                        </li>
                        <li>
                            <a class="estDynamic" href="../wine-beer-and-spirits/spirits.html">Spirits</a>
                        </li>
                        <li>
                            <a class="estDynamic" href="../wine-beer-and-spirits/liquors.html">Liquors</a>
                        </li>
                        <li>
                            <a class="estDynamic" href="../wine-beer-and-spirits/white-wine.html">White wine</a>
                        </li>
                        <li>
                            <a class="estDynamic" href="../wine-beer-and-spirits/prosecco-wine.html">Prosecco wine</a>
                        </li>
                        <li>
                            <a class="estDynamic" href="../wine-beer-and-spirits/rose-wine.html">Rose wine</a>
                        </li>
                        <li>
                            <a class="estDynamic" href="../wine-beer-and-spirits/red-wine.html">Red wine</a>
                        </li>
                        <li>
                            <a class="estDynamic" href="../wine-beer-and-spirits/specialty-wine.html">Special wine</a>
                        </li>
                        <li>
                            <a class="estDynamic" href="../wine-beer-and-spirits/sparkling-wine.html">Sparkling wine</a>
                        </li>
                        <li>
                            <a class="estDynamic" href="../wine-beer-and-spirits/vermentino-wine.html">Vermentino wine</a>
                        </li>
                    </ul>
                </li>
                <li>
                    <img src="../../cdn.spesati.com/images/menu/water-and-drinks.png"/>
                    Water and drinks                    <i class="fa fa-angle-down" aria-hidden="true"></i>
                    <ul class="sub-menu">
                        <li>
                            <a class="estDynamic" href="../water-and-drinks/san-martino.html">San Martino</a>
                        </li>
                        <li>
                            <a class="estDynamic" href="../water-and-drinks/water.html">Water</a>
                        </li>
                        <li>
                            <a class="estDynamic" href="../water-and-drinks/alpro.html">Alpro</a>
                        </li>
                        <li>
                            <a class="estDynamic" href="../water-and-drinks/fizzy-drinks.html">Fizzy drinks</a>
                        </li>
                        <li>
                            <a class="estDynamic" href="../water-and-drinks/coca-cola.html">Coca-Cola</a>
                        </li>
                        <li>
                            <a class="estDynamic" href="../water-and-drinks/energy-drink.html">Energy drink</a>
                        </li>
                        <li>
                            <a class="estDynamic" href="../water-and-drinks/syrups.html">Syrups</a>
                        </li>
                        <li>
                            <a class="estDynamic" href="../water-and-drinks/supplements.html">Supplements</a>
                        </li>
                        <li>
                            <a class="estDynamic" href="../water-and-drinks/instant-drinks.html">Instant drinks</a>
                        </li>
                        <li>
                            <a class="estDynamic" href="../water-and-drinks/juice.html">Juice</a>
                        </li>
                        <li>
                            <a class="estDynamic" href="../water-and-drinks/tea.html">Tea</a>
                        </li>
                    </ul>
                </li>
                <li>
                    <img src="../../cdn.spesati.com/images/menu/sweets.png"/>
                    Sweets                    <i class="fa fa-angle-down" aria-hidden="true"></i>
                    <ul class="sub-menu">
                        <li>
                            <a class="estDynamic" href="bars-and-snacks.html">Bars and snacks</a>
                        </li>
                        <li>
                            <a class="estDynamic" href="biscuits.html">Biscuits</a>
                        </li>
                        <li>
                            <a class="estDynamic" href="brioches.html">Brioches</a>
                        </li>
                        <li>
                            <a class="estDynamic" href="candy-and-chewing-gum.html">Candy and chewing gum</a>
                        </li>
                        <li>
                            <a class="estDynamic" href="cereals.html">Cereals</a>
                        </li>
                        <li>
                            <a class="estDynamic" href="chocolate.html">Chocolate</a>
                        </li>
                        <li>
                            <a class="estDynamic" href="spreadable-creams.html">Spreads</a>
                        </li>
                        <li>
                            <a class="estDynamic" href="dessert-toppings.html">Dessert toppings</a>
                        </li>
                        <li>
                            <a class="estDynamic" href="jam.html">Jam</a>
                        </li>
                        <li>
                            <a class="estDynamic" href="honey.html">Honey</a>
                        </li>
                        <li>
                            <a class="estDynamic" href="panettoni-and-pandoro.html">Panettone and pandoro</a>
                        </li>
                        <li>
                            <a class="estDynamic" href="pastry.html">Pastry</a>
                        </li>
                        <li>
                            <a class="estDynamic" href="instant-dessert.html">Prepared</a>
                        </li>
                        <li>
                            <a class="estDynamic" href="cakes-and-pies.html">Cakes and pies</a>
                        </li>
                        <li>
                            <a class="estDynamic" href="easter-eggs-and-doves.html">Easter eggs and doves</a>
                        </li>
                    </ul>
                </li>
                <li>
                    <img src="../../cdn.spesati.com/images/menu/shelf.png"/>
                    Cupboard                    <i class="fa fa-angle-down" aria-hidden="true"></i>
                    <ul class="sub-menu">
                        <li>
                            <a class="estDynamic" href="../shelf/coffee.html">Coffee</a>
                        </li>
                        <li>
                            <a class="estDynamic" href="../shelf/gift-baskets.html">Gift baskets</a>
                        </li>
                        <li>
                            <a class="estDynamic" href="../shelf/stock-cubes.html">Nuts and preparations</a>
                        </li>
                        <li>
                            <a class="estDynamic" href="../shelf/flour-and-baking.html">Flour and baking</a>
                        </li>
                        <li>
                            <a class="estDynamic" href="../shelf/milk.html">Milk</a>
                        </li>
                        <li>
                            <a class="estDynamic" href="../shelf/oil-salt-vinegar.html">Oil, vinegar and salt</a>
                        </li>
                        <li>
                            <a class="estDynamic" href="../shelf/cream-and-bechamel.html">Cream and bechamel</a>
                        </li>
                        <li>
                            <a class="estDynamic" href="../shelf/crisps-and-pretzels.html">Crisps and pretzels</a>
                        </li>
                        <li>
                            <a class="estDynamic" href="../shelf/baby-and-infants-products.html">Early childhood products</a>
                        </li>
                        <li>
                            <a class="estDynamic" href="../shelf/rice.html">Rice</a>
                        </li>
                        <li>
                            <a class="estDynamic" href="../shelf/tins-and-preserves.html">Tins and Preserves</a>
                        </li>
                        <li>
                            <a class="estDynamic" href="../shelf/spices.html">Spices</a>
                        </li>
                        <li>
                            <a class="estDynamic" href="../shelf/sauces.html">Sauces</a>
                        </li>
                        <li>
                            <a class="estDynamic" href="../shelf/tea-and-infusions.html">Tea and infusions</a>
                        </li>
                        <li>
                            <a class="estDynamic" href="../shelf/eggs.html">Eggs</a>
                        </li>
                        <li>
                            <a class="estDynamic" href="../shelf/sugar-and-sweeteners.html">Sugar and sweeteners</a>
                        </li>
                    </ul>
                </li>
                <li>
                    <img src="../../cdn.spesati.com/images/menu/personal-care.png"/>
                    Personal care                    <i class="fa fa-angle-down" aria-hidden="true"></i>
                    <ul class="sub-menu">
                        <li>
                            <a class="estDynamic" href="../personal-care/accessories-and-cotton.html">Accessories and cotton</a>
                        </li>
                        <li>
                            <a class="estDynamic" href="../personal-care/feminine-care-incontinence-and-baby-diapers.html">Feminine incontinence and diapers</a>
                        </li>
                        <li>
                            <a class="estDynamic" href="../personal-care/shower-gel.html">Shower gel</a>
                        </li>
                        <li>
                            <a class="estDynamic" href="../personal-care/creams.html">Creams</a>
                        </li>
                        <li>
                            <a class="estDynamic" href="../personal-care/deodorant.html">Deodorant</a>
                        </li>
                        <li>
                            <a class="estDynamic" href="../personal-care/hair-removal.html">Hair removal</a>
                        </li>
                        <li>
                            <a class="estDynamic" href="../personal-care/disinfectants.html">Disinfectants</a>
                        </li>
                        <li>
                            <a class="estDynamic" href="../personal-care/oral-hygiene.html">Oral hygiene</a>
                        </li>
                        <li>
                            <a class="estDynamic" href="../personal-care/supplements-and-multivitamins.html">Supplements and multivitamins</a>
                        </li>
                        <li>
                            <a class="estDynamic" href="../personal-care/first-aid.html">First aid label</a>
                        </li>
                        <li>
                            <a class="estDynamic" href="../personal-care/beard-products.html">Beard products</a>
                        </li>
                        <li>
                            <a class="estDynamic" href="../personal-care/hairs-products.html">Hair products</a>
                        </li>
                        <li>
                            <a class="estDynamic" href="../personal-care/perfume.html">Perfumes</a>
                        </li>
                        <li>
                            <a class="estDynamic" href="../personal-care/wipes.html">Wipes</a>
                        </li>
                        <li>
                            <a class="estDynamic" href="../personal-care/soaps-and-body-wash.html">Soaps and body wash</a>
                        </li>
                        <li>
                            <a class="estDynamic" href="../personal-care/shampoo-and-conditioner.html">Shampoo and conditioner</a>
                        </li>
                    </ul>
                </li>
                <li>
                    <img src="../../cdn.spesati.com/images/menu/pellet-and-home.png"/>
                    Home and outdoors                    <i class="fa fa-angle-down" aria-hidden="true"></i>
                    <ul class="sub-menu">
                        <li>
                            <a class="estDynamic" href="../household-and-outdoors/distilled-water.html">Distilled water</a>
                        </li>
                        <li>
                            <a class="estDynamic" href="../household-and-outdoors/car-products.html">Cars</a>
                        </li>
                        <li>
                            <a class="estDynamic" href="../household-and-outdoors/bin-bags-and-buckets.html">Bin bags and buckets</a>
                        </li>
                        <li>
                            <a class="estDynamic" href="../household-and-outdoors/bleach-and-stain-removers.html">Bleach and stain removers</a>
                        </li>
                        <li>
                            <a class="estDynamic" href="../household-and-outdoors/candles.html">Candles</a>
                        </li>
                        <li>
                            <a class="estDynamic" href="../household-and-outdoors/kitchen-roll.html">Kitchen roll</a>
                        </li>
                        <li>
                            <a class="estDynamic" href="../household-and-outdoors/air-fresheners.html">Air fresheners</a>
                        </li>
                        <li>
                            <a class="estDynamic" href="../household-and-outdoors/laundry-accessories-and-detergent.html">Laundry detergent</a>
                        </li>
                        <li>
                            <a class="estDynamic" href="../household-and-outdoors/dishwasher-and-washing-up.html">Dishwasher and washing up</a>
                        </li>
                        <li>
                            <a class="estDynamic" href="../household-and-outdoors/gardening.html">Gardening</a>
                        </li>
                        <li>
                            <a class="estDynamic" href="../household-and-outdoors/light-bulbs-and-batteries.html">Lightbulbs and batteries</a>
                        </li>
                        <li>
                            <a class="estDynamic" href="../household-and-outdoors/pellet-and-bbq.html">Pellet and BBQ</a>
                        </li>
                        <li>
                            <a class="estDynamic" href="../household-and-outdoors/bathroom-products.html">Bathroom products</a>
                        </li>
                        <li>
                            <a class="estDynamic" href="../household-and-outdoors/home-and-furniture-products.html">Home and furniture products</a>
                        </li>
                        <li>
                            <a class="estDynamic" href="../household-and-outdoors/kitchen-products.html">Kitchen products</a>
                        </li>
                        <li>
                            <a class="estDynamic" href="../household-and-outdoors/window-and-floor-cleaners.html">Window and floor cleaner</a>
                        </li>
                        <li>
                            <a class="estDynamic" href="../household-and-outdoors/repellents.html">Repellents</a>
                        </li>
                        <li>
                            <a class="estDynamic" href="../household-and-outdoors/disposable-tableware.html">Disposable tableware</a>
                        </li>
                    </ul>
                </li>
                <li>
                    <img src="../../cdn.spesati.com/images/menu/animals.png"/>
                    Pets                    <i class="fa fa-angle-down" aria-hidden="true"></i>
                    <ul class="sub-menu">
                        <li>
                            <a class="estDynamic" href="../pets/pet-food-other-animals.html">Other animals pet food</a>
                        </li>
                        <li>
                            <a class="estDynamic" href="../pets/pet-food-dogs.html">Pet food dogs</a>
                        </li>
                        <li>
                            <a class="estDynamic" href="../pets/pet-food-cats.html">Pet food cats</a>
                        </li>
                        <li>
                            <a class="estDynamic" href="../pets/hygiene-and-cleaning.html">Hygiene and cleaning</a>
                        </li>
                    </ul>
                </li>
                <li>
                    <img src="../../cdn.spesati.com/images/menu/technology.png"/>
                    Technology                    <i class="fa fa-angle-down" aria-hidden="true"></i>
                    <ul class="sub-menu">
                        <li>
                            <a class="estDynamic" href="../technology/accessories.html">Accessories</a>
                        </li>
                        <li>
                            <a class="estDynamic" href="../technology/computer.html">Computer</a>
                        </li>
                        <li>
                            <a class="estDynamic" href="../technology/telephones.html">Telephones</a>
                        </li>
                        <li>
                            <a class="estDynamic" href="../technology/tv.html">TV</a>
                        </li>
                    </ul>
                </li>
                <li>
                    <img src="../../cdn.spesati.com/images/menu/gluten-free.png"/>
                    Gluten free                    <i class="fa fa-angle-down" aria-hidden="true"></i>
                    <ul class="sub-menu">
                        <li>
                            <a class="estDynamic" href="../gluten-free/frozen-foods.html">Frozen foods</a>
                        </li>
                        <li>
                            <a class="estDynamic" href="../gluten-free/beer.html">Beer</a>
                        </li>
                        <li>
                            <a class="estDynamic" href="../gluten-free/sweets.html">Sweets</a>
                        </li>
                        <li>
                            <a class="estDynamic" href="../gluten-free/bread-and-pasta.html">Bread and pasta</a>
                        </li>
                        <li>
                            <a class="estDynamic" href="../gluten-free/shelf.html">Cupboard</a>
                        </li>
                    </ul>
                </li>
                <li>
                    <img src="../../cdn.spesati.com/images/menu/lactose-free.png"/>
                    Lactose free                    <i class="fa fa-angle-down" aria-hidden="true"></i>
                    <ul class="sub-menu">
                        <li>
                            <a class="estDynamic" href="../lactose-free/frozen-foods.html">Frozen foods</a>
                        </li>
                        <li>
                            <a class="estDynamic" href="../lactose-free/sweets.html">Sweets</a>
                        </li>
                        <li>
                            <a class="estDynamic" href="../lactose-free/dairy-product.html">Dairy product</a>
                        </li>
                        <li>
                            <a class="estDynamic" href="../lactose-free/shelf.html">Cupboard</a>
                        </li>
                    </ul>
                </li>
                <li>
                    <img src="../../cdn.spesati.com/images/menu/special.png"/>
                    Special                    <i class="fa fa-angle-down" aria-hidden="true"></i>
                    <ul class="sub-menu">
                        <li>
                            <a class="estDynamic" href="../special/alpro.html">Alpro</a>
                        </li>
                        <li>
                            <a class="estDynamic" href="../special/organic.html">Biological</a>
                        </li>
                        <li>
                            <a class="estDynamic" href="../special/meat.html">Meat</a>
                        </li>
                        <li>
                            <a class="estDynamic" href="../special/wholegrain.html">Wholegrain</a>
                        </li>
                        <li>
                            <a class="estDynamic" href="../special/bread-and-pasta.html">Bread and pasta</a>
                        </li>
                        <li>
                            <a class="estDynamic" href="../special/vegan.html">Vegan</a>
                        </li>
                    </ul>
                </li>
                <li>
                    <img src="../../cdn.spesati.com/images/menu/sardinian-products.png"/>
                    Sardinian products                    <i class="fa fa-angle-down" aria-hidden="true"></i>
                    <ul class="sub-menu">
                        <li>
                            <a class="estDynamic" href="../sardinian-products/drinks.html">Drinks</a>
                        </li>
                        <li>
                            <a class="estDynamic" href="../sardinian-products/meat.html">Meat</a>
                        </li>
                        <li>
                            <a class="estDynamic" href="../sardinian-products/sweets.html">Sweets</a>
                        </li>
                        <li>
                            <a class="estDynamic" href="../sardinian-products/fruit-and-vegetables.html">Fruit and vegetables</a>
                        </li>
                        <li>
                            <a class="estDynamic" href="../sardinian-products/ichnusa.html">Ichnusa</a>
                        </li>
                        <li>
                            <a class="estDynamic" href="../sardinian-products/dairy-product.html">Dairy product</a>
                        </li>
                        <li>
                            <a class="estDynamic" href="../sardinian-products/bread-and-pasta.html">Bread and pasta</a>
                        </li>
                        <li>
                            <a class="estDynamic" href="../sardinian-products/fish.html">Fish</a>
                        </li>
                        <li>
                            <a class="estDynamic" href="../sardinian-products/cured-meat.html">Cured meat</a>
                        </li>
                        <li>
                            <a class="estDynamic" href="../sardinian-products/shelf.html">Cupboard</a>
                        </li>
                        <li>
                            <a class="estDynamic" href="../sardinian-products/vermentino-wine.html">Vermentino wine</a>
                        </li>
                        <li>
                            <a class="estDynamic" href="../sardinian-products/wine-beer-and-spirits.html">Wine beer and spirits</a>
                        </li>
                    </ul>
                </li>
            </ul>
        </li>
        <li>
            <a href="../about.html">About</a>
        </li>
        <li>
            <a href="../faq.html">Faq</a>
        </li>
        <li>
            <a href="../customer-care.html">Support</a>
        </li>
        <li>
            <a href="../news.html">Blog</a>
        </li>
        <li>
            <a href="../terms-and-conditions.html">Conditions</a>
        </li>
        <li>
            <a href="../privacy-policy.html">Privacy policy</a>
        </li>
        <li>
            <a href="../login.html">Login</a>
        </li>
        <li>
             <a href="../sign-up.html">Sign up</a>
        </li>
    </ul>
</div><section class="first">
    <div id="menuCategories" class="colLeft">
    <ul id="main_nav" >
        <li>
            <a class="estDynamic" href="../on-offer.html">
               <img src="../../cdn.spesati.com/images/menu/on-sale.png"/>
               On sale            </a>
            <i class="fa fa-angle-right" aria-hidden="true"></i>
            <ul class="sub-menu">
                <li>
    <a href="../tacchino-fesa-a-fette.html" class="estDynamic">Tacchino Fesa A Fette</a>
</li><li>
    <a href="../amaro-montenegro-15lt.html" class="estDynamic">Amaro Montenegro 1,5lt</a>
</li><li>
    <a href="../carbone-di-legna-sacco-10kg.html" class="estDynamic">Carbone Di Legna Sacco 10Kg</a>
</li><li>
    <a href="../filu-e-ferru-silvio-carta-70cl.html" class="estDynamic">Filu E Ferru Silvio Carta 70Cl</a>
</li><li>
    <a href="../braciole-suino-con-cotenna.html" class="estDynamic">Braciole Suino Con Cotenna</a>
</li><li>
    <a href="../bovino-adulto-polpa.html" class="estDynamic">Bovino Adulto Polpa</a>
</li><li>
    <a href="../vino-la-palma-cannonau-le-bombarde.html" class="estDynamic">Vino La Palma Cannonau Le Bombarde</a>
</li><li>
    <a href="../fettine-sceltissime-bovino-adulto.html" class="estDynamic">Fettine Sceltissime Bovino Adulto</a>
</li><li>
    <a href="../suino-fettine-scelte.html" class="estDynamic">Suino Fettine Scelte</a>
</li><li>
    <a href="../lavazza-caffe-qualita-rossa-2x250gr.html" class="estDynamic">Lavazza Caffé Qualità Rossa 2x250gr</a>
</li>                <li>
                    <a class="estDynamic" href="../on-offer.html">All products on sale</a>
                </li>
            </ul>
        </li>
        <li>
            <a class="estDynamic" href="../gift.html">
               <img src="../../cdn.spesati.com/images/menu/gift.png"/>
               Gifts            </a>
            <i class="fa fa-angle-right" aria-hidden="true"></i>
            <ul class="sub-menu">
                <li>
    <a href="../gift-card-da-150.html" class="estDynamic">Gift Card Da 150</a>
</li><li>
    <a href="../gift-card-da-100.html" class="estDynamic">Gift Card Da 100</a>
</li><li>
    <a href="../gift-card-da-50.html" class="estDynamic">Gift Card Da 50</a>
</li><li>
    <a href="../gift-card-da-25.html" class="estDynamic">Gift Card Da 25</a>
</li>                <li>
                    <a class="estDynamic" href="../gift.html">All products in the gifts category</a>
                </li>
            </ul>
        </li>
        <li>
            <a class="estDynamic" href="../gift-card.html">
               <img src="../../cdn.spesati.com/images/menu/gift-card.png"/>
               Gift card and discounts            </a>
            <i class="fa fa-angle-right" aria-hidden="true"></i>
            <ul class="sub-menu">
                <li>
    <a href="../gift-card-da-150.html">Gift Card Da 150</a>
</li><li>
    <a href="../gift-card-da-100.html">Gift Card Da 100</a>
</li><li>
    <a href="../gift-card-da-50.html">Gift Card Da 50</a>
</li><li>
    <a href="../gift-card-da-25.html">Gift Card Da 25</a>
</li>            </ul>
        </li>
        <li>
            <a class="estDynamic" href="../fruit-and-vegetables.html">
               <img src="../../cdn.spesati.com/images/menu/fuit-and-vegetables.png"/>
               Fruit and vegetables           </a>
            <i class="fa fa-angle-right" aria-hidden="true"></i>
            <ul class="sub-menu">
                <li>
                    <a class="estDynamic" href="../fruit-and-vegetables/pulses-and-beans.html">Cereals and pulses and beans</a>
                </li>
                <li>
                    <a class="estDynamic" href="../fruit-and-vegetables/fruit.html">Fruit</a>
                </li>
                <li>
                    <a class="estDynamic" href="../fruit-and-vegetables/canned-fruit.html">Canned fruit</a>
                </li>
                <li>
                    <a class="estDynamic" href="../fruit-and-vegetables/dried-fruit.html">Dried fruit</a>
                </li>
                <li>
                    <a class="estDynamic" href="../fruit-and-vegetables/ready-salads.html">Ready salads</a>
                </li>
                <li>
                    <a class="estDynamic" href="../fruit-and-vegetables/fresh-spices.html">Fresh spices</a>
                </li>
                <li>
                    <a class="estDynamic" href="../fruit-and-vegetables/vegetables.html">Vegetables and soy</a>
                </li>
            </ul>
        </li>
        <li>
            <a class="estDynamic" href="../fresh-products.html">
                <img src="../../cdn.spesati.com/images/menu/fresh-products.png"/>
                Fresh products            </a>
            <i class="fa fa-angle-right" aria-hidden="true"></i>
            <ul class="sub-menu">
                <li>
                    <a class="estDynamic" href="../fresh-products/margarine-and-butter.html">Butter and margarine</a>
                </li>
                <li>
                    <a class="estDynamic" href="../fresh-products/danone.html">Danone</a>
                </li>
                <li>
                    <a class="estDynamic" href="../fresh-products/dessert.html">Dessert</a>
                </li>
                <li>
                    <a class="estDynamic" href="../fresh-products/sweets.html">Sweets</a>
                </li>
                <li>
                    <a class="estDynamic" href="../fresh-products/dairy-products.html">Dairy product</a>
                </li>
                <li>
                    <a class="estDynamic" href="../fresh-products/bakery.html">Yeast</a>
                </li>
                <li>
                    <a class="estDynamic" href="../fresh-products/mascarpone.html">Mascarpone</a>
                </li>
                <li>
                    <a class="estDynamic" href="../fresh-products/snacks.html">Snacks</a>
                </li>
                <li>
                    <a class="estDynamic" href="../fresh-products/mozzarella.html">Mozzarella</a>
                </li>
                <li>
                    <a class="estDynamic" href="../fresh-products/pasta.html">Pasta</a>
                </li>
                <li>
                    <a class="estDynamic" href="../fresh-products/pesto-and-sauces.html">Pesto and sauces</a>
                </li>
                <li>
                    <a class="estDynamic" href="../fresh-products/ricotta-and-cheese.html">Ricotta and cheese</a>
                </li>
                <li>
                    <a class="estDynamic" href="../fresh-products/cured-meat.html">Cured meat</a>
                </li>
                <li>
                    <a class="estDynamic" href="../fresh-products/wurstel.html">Würstel</a>
                </li>
                <li>
                    <a class="estDynamic" href="../fresh-products/yogurt.html">Yogurt</a>
                </li>
            </ul>
        </li>
        <li>
            <a class="estDynamic" href="../frozen-foods.html">
                <img src="../../cdn.spesati.com/images/menu/frozen-foods.png"/>
                Frozen foods            </a>
            <i class="fa fa-angle-right" aria-hidden="true"></i>
            <ul class="sub-menu">
                <li>
                    <a class="estDynamic" href="../frozen-foods/meat.html">Meat</a>
                </li>
                <li>
                    <a class="estDynamic" href="../frozen-foods/ice-creams.html">Ice cream and sweet</a>
                </li>
                <li>
                    <a class="estDynamic" href="../frozen-foods/pasta.html">Pasta</a>
                </li>
                <li>
                    <a class="estDynamic" href="../frozen-foods/fish.html">Fish</a>
                </li>
                <li>
                    <a class="estDynamic" href="../frozen-foods/ready-meals.html">Ready meals</a>
                </li>
                <li>
                    <a class="estDynamic" href="../frozen-foods/pizzas.html">Pizzas</a>
                </li>
                <li>
                    <a class="estDynamic" href="../frozen-foods/vegetables.html">Vegetables and soy</a>
                </li>
            </ul>
        </li>
        <li>
            <a class="estDynamic" href="../bread-and-pasta.html">
                <img src="../../cdn.spesati.com/images/menu/bread-and-pasta.png"/>
                Bread and pasta            </a>
            <i class="fa fa-angle-right" aria-hidden="true"></i>
            <ul class="sub-menu">
                <li>
                    <a class="estDynamic" href="../bread-and-pasta/crackers.html">Crackers</a>
                </li>
                <li>
                    <a class="estDynamic" href="../bread-and-pasta/rusks.html">Rusks</a>
                </li>
                <li>
                    <a class="estDynamic" href="../bread-and-pasta/white-bread.html">White bread</a>
                </li>
                <li>
                    <a class="estDynamic" href="../bread-and-pasta/local-bread.html">Local bread</a>
                </li>
                <li>
                    <a class="estDynamic" href="../bread-and-pasta/soft-bread.html">Soft bread</a>
                </li>
                <li>
                    <a class="estDynamic" href="../bread-and-pasta/sardinian-bread.html">Sardinian bread</a>
                </li>
                <li>
                    <a class="estDynamic" href="../bread-and-pasta/bakery.html">Bakery</a>
                </li>
                <li>
                    <a class="estDynamic" href="../bread-and-pasta/pasta.html">Pasta</a>
                </li>
                <li>
                    <a class="estDynamic" href="../bread-and-pasta/fresh-pasta.html">Fresh pasta</a>
                </li>
            </ul>
        </li>
        <li>
            <a class="estDynamic" href="../meat.html">
                <img src="../../cdn.spesati.com/images/menu/meat.png"/>
                Meat            </a>
            <i class="fa fa-angle-right" aria-hidden="true"></i>
            <ul class="sub-menu">
                <li>
                    <a class="estDynamic" href="../meat/beef.html">Beef</a>
                </li>
                <li>
                    <a class="estDynamic" href="../meat/goat.html">Goat</a>
                </li>
                <li>
                    <a class="estDynamic" href="../meat/packaged-meat.html">Packaged meat</a>
                </li>
                <li>
                    <a class="estDynamic" href="../meat/rabbit.html">Rabbit</a>
                </li>
                <li>
                    <a class="estDynamic" href="../meat/horse.html">Horse</a>
                </li>
                <li>
                    <a class="estDynamic" href="../meat/pork.html">Pork</a>
                </li>
                <li>
                    <a class="estDynamic" href="../meat/lamb.html">Lamb</a>
                </li>
                <li>
                    <a class="estDynamic" href="../meat/poultry.html">Poultry</a>
                </li>
            </ul>
        </li>
        <li>
            <a class="estDynamic" href="../fish.html">
                <img src="../../cdn.spesati.com/images/menu/fish.png"/>
                Fish            </a>
            <i class="fa fa-angle-right" aria-hidden="true"></i>
            <ul class="sub-menu">
                <li>
                    <a class="estDynamic" href="../fish/fresh-water.html">Fresh water</a>
                </li>
                <li>
                    <a class="estDynamic" href="../fish/salt-water.html">Salt water</a>
                </li>
                <li>
                    <a class="estDynamic" href="../fish/mussels.html">Mussels</a>
                </li>
                <li>
                    <a class="estDynamic" href="../fish/dried-and-salted.html">Dried and salted</a>
                </li>
                <li>
                    <a class="estDynamic" href="../fish/seafood-salad.html">Seafood salad</a>
                </li>
                <li>
                    <a class="estDynamic" href="../fish/prepared.html">Prepared</a>
                </li>
                <li>
                    <a class="estDynamic" href="../fish/specialty.html">Specialty</a>
                </li>   
                <li>
                    <a class="estDynamic" href="../fish/tuna-and-salmon.html">Tuna and salmon</a>
                </li>
            </ul>
        </li>
        <li>
            <a class="estDynamic" href="../wine-beer-and-spirits.html">
                <img src="../../cdn.spesati.com/images/menu/alcohol.png"/>
                Wine beer and spirits            </a>
            <i class="fa fa-angle-right" aria-hidden="true"></i>
            <ul class="sub-menu">
                <li>
                    <a class="estDynamic" href="../wine-beer-and-spirits/spirits-and-liquors.html">Alcohol</a>
                </li>
                <li>
                    <a class="estDynamic" href="../wine-beer-and-spirits/bitters.html">Bitters</a>
                </li>
                <li>
                    <a class="estDynamic" href="../wine-beer-and-spirits/aperatif.html">Aperatifs</a>
                </li>
                <li>
                    <a class="estDynamic" href="../wine-beer-and-spirits/beer.html">Beer</a>
                </li>
                <li>
                    <a class="estDynamic" href="../wine-beer-and-spirits/creams.html">Creams</a>
                </li>
                <li>
                    <a class="estDynamic" href="../wine-beer-and-spirits/spirits.html">Spirits</a>
                </li>
                <li>
                    <a class="estDynamic" href="../wine-beer-and-spirits/liquors.html">Liquors</a>
                </li>
                <li>
                    <a class="estDynamic" href="../wine-beer-and-spirits/white-wine.html">White wine</a>
                </li>
                <li>
                    <a class="estDynamic" href="../wine-beer-and-spirits/prosecco-wine.html">Prosecco wine</a>
                </li>
                <li>
                    <a class="estDynamic" href="../wine-beer-and-spirits/rose-wine.html">Rose wine</a>
                </li>
                <li>
                    <a class="estDynamic" href="../wine-beer-and-spirits/red-wine.html">Red wine</a>
                </li>
                <li>
                    <a class="estDynamic" href="../wine-beer-and-spirits/specialty-wine.html">Special wine</a>
                </li>
                <li>
                    <a class="estDynamic" href="../wine-beer-and-spirits/sparkling-wine.html">Sparkling wine</a>
                </li>
                <li>
                    <a class="estDynamic" href="../wine-beer-and-spirits/vermentino-wine.html">Vermentino wine</a>
                </li>
            </ul>
        </li>
        <li>
            <a class="estDynamic" href="../water-and-drinks.html">
                <img src="../../cdn.spesati.com/images/menu/water-and-drinks.png"/>
                Water and drinks            </a>
            <i class="fa fa-angle-right" aria-hidden="true"></i>
            <ul class="sub-menu">
                <li>
                    <a class="estDynamic" href="../water-and-drinks/san-martino.html">San Martino</a>
                </li>
                <li>
                    <a class="estDynamic" href="../water-and-drinks/water.html">Water</a>
                </li>
                <li>
                    <a class="estDynamic" href="../water-and-drinks/alpro.html">Alpro</a>
                </li>
                <li>
                    <a class="estDynamic" href="../water-and-drinks/fizzy-drinks.html">Fizzy drinks</a>
                </li>
                <li>
                    <a class="estDynamic" href="../water-and-drinks/coca-cola.html">Coca-Cola</a>
                </li>
                <li>
                    <a class="estDynamic" href="../water-and-drinks/energy-drink.html">Energy drink</a>
                </li>
                <li>
                    <a class="estDynamic" href="../water-and-drinks/syrups.html">Syrups</a>
                </li>
                <li>
                    <a class="estDynamic" href="../water-and-drinks/supplements.html">Supplements</a>
                </li>
                <li>
                    <a class="estDynamic" href="../water-and-drinks/instant-drinks.html">Instant drinks</a>
                </li>
                <li>
                    <a class="estDynamic" href="../water-and-drinks/juice.html">Juice</a>
                </li>
                <li>
                    <a class="estDynamic" href="../water-and-drinks/tea.html">Tea</a>
                </li>
            </ul>
        </li>
        <li>
            <a class="estDynamic" href="../sweets.html">
                <img src="../../cdn.spesati.com/images/menu/sweets.png"/>
                Sweets            </a>
            <i class="fa fa-angle-right" aria-hidden="true"></i>
            <ul class="sub-menu">
                <li>
                    <a class="estDynamic" href="bars-and-snacks.html">Bars and snacks</a>
                </li>
                <li>
                    <a class="estDynamic" href="biscuits.html">Biscuits</a>
                </li>
                <li>
                    <a class="estDynamic" href="brioches.html">Brioches</a>
                </li>
                <li>
                    <a class="estDynamic" href="candy-and-chewing-gum.html">Candy and chewing gum</a>
                </li>
                <li>
                    <a class="estDynamic" href="cereals.html">Cereals</a>
                </li>
                <li>
                    <a class="estDynamic" href="chocolate.html">Chocolate</a>
                </li>
                <li>
                    <a class="estDynamic" href="spreadable-creams.html">Spreads</a>
                </li>
                <li>
                    <a class="estDynamic" href="dessert-toppings.html">Dessert toppings</a>
                </li>
                <li>
                    <a class="estDynamic" href="jam.html">Jam</a>
                </li>
                <li>
                    <a class="estDynamic" href="honey.html">Honey</a>
                </li>
                <li>
                    <a class="estDynamic" href="panettoni-and-pandoro.html">Panettone and pandoro</a>
                </li>
                <li>
                    <a class="estDynamic" href="pastry.html">Pastry</a>
                </li>
                <li>
                    <a class="estDynamic" href="instant-dessert.html">Prepared</a>
                </li>
                <li>
                    <a class="estDynamic" href="cakes-and-pies.html">Cakes and pies</a>
                </li>
                <li>
                    <a class="estDynamic" href="easter-eggs-and-doves.html">Easter eggs and doves</a>
                </li>
            </ul>
        </li>
        <li>
            <a class="estDynamic" href="../shelf.html">
                <img src="../../cdn.spesati.com/images/menu/shelf.png"/>
                Cupboard            </a>
            <i class="fa fa-angle-right" aria-hidden="true"></i>
            <ul class="sub-menu">
                <li>
                    <a class="estDynamic" href="../shelf/coffee.html">Coffee</a>
                </li>
                <li>
                    <a class="estDynamic" href="../shelf/gift-baskets.html">Gift baskets</a>
                </li>
                <li>
                    <a class="estDynamic" href="../shelf/stock-cubes.html">Nuts and preparations</a>
                </li>
                <li>
                    <a class="estDynamic" href="../shelf/flour-and-baking.html">Flour and baking</a>
                </li>
                <li>
                    <a class="estDynamic" href="../shelf/milk.html">Milk</a>
                </li>
                <li>
                    <a class="estDynamic" href="../shelf/oil-salt-vinegar.html">Oil, vinegar and salt</a>
                </li>
                <li>
                    <a class="estDynamic" href="../shelf/cream-and-bechamel.html">Cream and bechamel</a>
                </li>
                <li>
                    <a class="estDynamic" href="../shelf/crisps-and-pretzels.html">Crisps and pretzels</a>
                </li>
                <li>
                    <a class="estDynamic" href="../shelf/baby-and-infants-products.html">Early childhood products</a>
                </li>
                <li>
                    <a class="estDynamic" href="../shelf/rice.html">Rice</a>
                </li>
                <li>
                    <a class="estDynamic" href="../shelf/tins-and-preserves.html">Tins and Preserves</a>
                </li>
                <li>
                    <a class="estDynamic" href="../shelf/spices.html">Spices</a>
                </li>
                <li>
                    <a class="estDynamic" href="../shelf/sauces.html">Sauces</a>
                </li>
                <li>
                    <a class="estDynamic" href="../shelf/tea-and-infusions.html">Tea and infusions</a>
                </li>
                <li>
                    <a class="estDynamic" href="../shelf/eggs.html">Eggs</a>
                </li>
                <li>
                    <a class="estDynamic" href="../shelf/sugar-and-sweeteners.html">Sugar and sweeteners</a>
                </li>
            </ul>
        </li>
        <li>
            <a class="estDynamic" href="../personal-care.html">
                <img src="../../cdn.spesati.com/images/menu/personal-care.png"/>
                Personal care            </a>
            <i class="fa fa-angle-right" aria-hidden="true"></i>
            <ul class="sub-menu">
                <li>
                    <a class="estDynamic" href="../personal-care/accessories-and-cotton.html">Accessories and cotton</a>
                </li>
                <li>
                    <a class="estDynamic" href="../personal-care/feminine-care-incontinence-and-baby-diapers.html">Feminine incontinence and diapers</a>
                </li>
                <li>
                    <a class="estDynamic" href="../personal-care/shower-gel.html">Shower gel</a>
                </li>
                <li>
                    <a class="estDynamic" href="../personal-care/creams.html">Creams</a>
                </li>
                <li>
                    <a class="estDynamic" href="../personal-care/deodorant.html">Deodorant</a>
                </li>
                <li>
                    <a class="estDynamic" href="../personal-care/hair-removal.html">Hair removal</a>
                </li>
                <li>
                    <a class="estDynamic" href="../personal-care/disinfectants.html">Disinfectants</a>
                </li>
                <li>
                    <a class="estDynamic" href="../personal-care/oral-hygiene.html">Oral hygiene</a>
                </li>
                <li>
                    <a class="estDynamic" href="../personal-care/supplements-and-multivitamins.html">Supplements and multivitamins</a>
                </li>
                <li>
                    <a class="estDynamic" href="../personal-care/first-aid.html">First aid label</a>
                </li>
                <li>
                    <a class="estDynamic" href="../personal-care/beard-products.html">Beard products</a>
                </li>
                <li>
                    <a class="estDynamic" href="../personal-care/hairs-products.html">Hair products</a>
                </li>
                <li>
                    <a class="estDynamic" href="../personal-care/perfume.html">Perfumes</a>
                </li>
                <li>
                    <a class="estDynamic" href="../personal-care/wipes.html">Wipes</a>
                </li>
                <li>
                    <a class="estDynamic" href="../personal-care/soaps-and-body-wash.html">Soaps and body wash</a>
                </li>
                <li>
                    <a class="estDynamic" href="../personal-care/shampoo-and-conditioner.html">Shampoo and conditioner</a>
                </li>
            </ul>
        </li>
        <li>
            <a class="estDynamic" href="../household-and-outdoors.html">
                <img src="../../cdn.spesati.com/images/menu/pellet-and-home.png"/>
                Home and outdoors 
            </a>
            <i class="fa fa-angle-right" aria-hidden="true"></i>
            <ul class="sub-menu">
                <li>
                    <a class="estDynamic" href="../household-and-outdoors/distilled-water.html">Distilled water</a>
                </li>
                <li>
                    <a class="estDynamic" href="../household-and-outdoors/car-products.html">Cars</a>
                </li>
                <li>
                    <a class="estDynamic" href="../household-and-outdoors/bin-bags-and-buckets.html">Bin bags and buckets</a>
                </li>
                <li>
                    <a class="estDynamic" href="../household-and-outdoors/bleach-and-stain-removers.html">Bleach and stain removers</a>
                </li>
                <li>
                    <a class="estDynamic" href="../household-and-outdoors/candles.html">Candles</a>
                </li>
                <li>
                    <a class="estDynamic" href="../household-and-outdoors/kitchen-roll.html">Kitchen roll</a>
                </li>
                <li>
                    <a class="estDynamic" href="../household-and-outdoors/air-fresheners.html">Air fresheners</a>
                </li>
                <li>
                    <a class="estDynamic" href="../household-and-outdoors/laundry-accessories-and-detergent.html">Laundry detergent</a>
                </li>
                <li>
                    <a class="estDynamic" href="../household-and-outdoors/dishwasher-and-washing-up.html">Dishwasher and washing up</a>
                </li>
                <li>
                    <a class="estDynamic" href="../household-and-outdoors/gardening.html">Gardening</a>
                </li>
                <li>
                    <a class="estDynamic" href="../household-and-outdoors/light-bulbs-and-batteries.html">Lightbulbs and batteries</a>
                </li>
                <li>
                    <a class="estDynamic" href="../household-and-outdoors/pellet-and-bbq.html">Pellet and BBQ</a>
                </li>
                <li>
                    <a class="estDynamic" href="../household-and-outdoors/bathroom-products.html">Bathroom products</a>
                </li>
                <li>
                    <a class="estDynamic" href="../household-and-outdoors/home-and-furniture-products.html">Home and furniture products</a>
                </li>
                <li>
                    <a class="estDynamic" href="../household-and-outdoors/kitchen-products.html">Kitchen products</a>
                </li>
                <li>
                    <a class="estDynamic" href="../household-and-outdoors/window-and-floor-cleaners.html">Window and floor cleaner</a>
                </li>
                <li>
                    <a class="estDynamic" href="../household-and-outdoors/repellents.html">Repellents</a>
                </li>
                <li>
                    <a class="estDynamic" href="../household-and-outdoors/disposable-tableware.html">Disposable tableware</a>
                </li>
            </ul>
        </li>
        <li>
            <a class="estDynamic" href="../pet.html">
                <img src="../../cdn.spesati.com/images/menu/animals.png"/>
                Pets            </a>
            <i class="fa fa-angle-right" aria-hidden="true"></i>
            <ul class="sub-menu">
                <li>
                    <a class="estDynamic" href="../pets/pet-food-other-animals.html">Other animals pet food</a>
                </li>
                <li>
                    <a class="estDynamic" href="../pets/pet-food-dogs.html">Pet food dogs</a>
                </li>
                <li>
                    <a class="estDynamic" href="../pets/pet-food-cats.html">Pet food cats</a>
                </li>
                <li>
                    <a class="estDynamic" href="../pets/hygiene-and-cleaning.html">Hygiene and cleaning</a>
                </li>
            </ul>
        </li>
        <li>
            <a class="estDynamic" href="../technology.html">
                <img src="../../cdn.spesati.com/images/menu/technology.png"/>
                Technology            </a>
            <i class="fa fa-angle-right" aria-hidden="true"></i>
            <ul class="sub-menu">
                <li>
                    <a class="estDynamic" href="../technology/accessories.html">Accessories</a>
                </li>
                <li>
                    <a class="estDynamic" href="../technology/computer.html">Computer</a>
                </li>
                <li>
                    <a class="estDynamic" href="../technology/telephones.html">Telephones</a>
                </li>
                <li>
                    <a class="estDynamic" href="../technology/tv.html">TV</a>
                </li>
            </ul>
        </li>
        <li>
            <a class="estDynamic" href="../gluten-free.html">
                <img src="../../cdn.spesati.com/images/menu/gluten-free.png"/>
                Gluten free            </a>
            <i class="fa fa-angle-right" aria-hidden="true"></i>
            <ul class="sub-menu">
                <li>
                    <a class="estDynamic" href="../gluten-free/frozen-foods.html">Frozen foods</a>
                </li>
                <li>
                    <a class="estDynamic" href="../gluten-free/beer.html">Beer</a>
                </li>
                <li>
                    <a class="estDynamic" href="../gluten-free/sweets.html">Sweets</a>
                </li>
                <li>
                    <a class="estDynamic" href="../gluten-free/bread-and-pasta.html">Bread and pasta</a>
                </li>
                <li>
                    <a class="estDynamic" href="../gluten-free/shelf.html">Cupboard</a>
                </li>
            </ul>
        </li>
        <li>
            <a class="estDynamic" href="../lactose-free.html">
                <img src="../../cdn.spesati.com/images/menu/lactose-free.png"/>
                Lactose free            </a>
            <i class="fa fa-angle-right" aria-hidden="true"></i>
            <ul class="sub-menu">
                <li>
                    <a class="estDynamic" href="../lactose-free/frozen-foods.html">Frozen foods</a>
                </li>
                <li>
                    <a class="estDynamic" href="../lactose-free/sweets.html">Sweets</a>
                </li>
                <li>
                    <a class="estDynamic" href="../lactose-free/dairy-product.html">Dairy product</a>
                </li>
                <li>
                    <a class="estDynamic" href="../lactose-free/shelf.html">Cupboard</a>
                </li>
            </ul>
        </li>
        <li>
            <a class="estDynamic" href="../special.html">
                <img src="../../cdn.spesati.com/images/menu/special.png"/>
                Special            </a>
            <i class="fa fa-angle-right" aria-hidden="true"></i>
            <ul class="sub-menu">
                <li>
                    <a class="estDynamic" href="../special/alpro.html">Alpro</a>
                </li>
                <li>
                    <a class="estDynamic" href="../special/organic.html">Biological</a>
                </li>
                <li>
                    <a class="estDynamic" href="../special/meat.html">Meat</a>
                </li>
                <li>
                    <a class="estDynamic" href="../special/wholegrain.html">Wholegrain</a>
                </li>
                <li>
                    <a class="estDynamic" href="../special/bread-and-pasta.html">Bread and pasta</a>
                </li>
                <li>
                    <a class="estDynamic" href="../special/vegan.html">Vegan</a>
                </li>
            </ul>
        </li>
        <li>
            <a class="estDynamic" href="../sardinian-products.html">
                <img src="../../cdn.spesati.com/images/menu/sardinian-products.png"/>
                Sardinian products            </a>
            <i class="fa fa-angle-right" aria-hidden="true"></i>
            <ul class="sub-menu">
                <li>
                    <a class="estDynamic" href="../sardinian-products/drinks.html">Drinks</a>
                </li>
                <li>
                    <a class="estDynamic" href="../sardinian-products/meat.html">Meat</a>
                </li>
                <li>
                    <a class="estDynamic" href="../sardinian-products/sweets.html">Sweets</a>
                </li>
                <li>
                    <a class="estDynamic" href="../sardinian-products/fruit-and-vegetables.html">Fruit and vegetables</a>
                </li>
                <li>
                    <a class="estDynamic" href="../sardinian-products/ichnusa.html">Ichnusa</a>
                </li>
                <li>
                    <a class="estDynamic" href="../sardinian-products/dairy-product.html">Dairy product</a>
                </li>
                <li>
                    <a class="estDynamic" href="../sardinian-products/bread-and-pasta.html">Bread and pasta</a>
                </li>
                <li>
                    <a class="estDynamic" href="../sardinian-products/fish.html">Fish</a>
                </li>
                <li>
                    <a class="estDynamic" href="../sardinian-products/cured-meat.html">Cured meat</a>
                </li>
                <li>
                    <a class="estDynamic" href="../sardinian-products/shelf.html">Cupboard</a>
                </li>
                <li>
                    <a class="estDynamic" href="../sardinian-products/vermentino-wine.html">Vermentino wine</a>
                </li>
                <li>
                    <a class="estDynamic" href="../sardinian-products/wine-beer-and-spirits.html">Wine beer and spirits</a>
                </li>
            </ul>
        </li>
    </ul>
</div>    <div class="colRight">
        <div class="title mobile">
	<a href="../sweets.html"><i class="fa red fa-angle-left fa-3x mobile" aria-hidden="true"></i></a>
	<h2>
		<b>
			easter eggs and doves		</b>
	</h2>
</div>

<div class="breadcrumb bgGrey internal">
	<p>
		<b>
			<a href="../index.html">Home</a>
												&gt; <a href="../sweets.html">Sweets</a>
																&gt; Easter eggs and doves									</b>
	</p>
	<div>
		<p>Order by</p>
		<select name="orderProd" id="orderProd">
			<option disabled="disabled" selected="selected">- Choose -</option>
			<option value="nameAsc">Name (A - Z)</option>
			<option value="nameDes">Name (Z - A)</option>
			<option value="priceHigh">Price - High to low</option>
			<option value="priceLow">Price - Low to high</option>
			<option value="soldAsc">Best Selling</option>
			<option value="available">Availability</option>
		</select>
	</div>
</div>
        <div class="containerProduct">
            <script type='text/javascript'>var track = '{"event":"ViewContent", "type":"category", "id":"Dolciumi", "subids":["Uova Di Pasqua-Colombe"], "url":"https://www.spesati.com/sweets/easter-eggs-and-doves"}';</script>
<script>
gtag('event', 'select_content', {content_type: 'category', item_id: 'Dolciumi'});gtag('event', 'select_content', {content_type: 'category', item_id: 'Uova Di Pasqua-Colombe'});
</script>
<div class="left product prod1"
        data-name="Uovo Dolfin Bimbo Bimba 150gr"
        data-price="4.07"
        data-id="75441"
        data-available="yes"
        data-category="4748"
        data-bestselling="">
    <a href="../uovo-dolfin-bimbo-bimba-150gr.html">
        <div style="background-image: url('../../cdn.spesati.com/images/products/000575107/dolfin-bimba-uovo-di-cioccolato-al-latte-finissimo-150-g-01.png')">
            <div class="hover"></div>
            
            <div class="stickers"></div>
        </div>
    </a>
    <div>
        <h4><a href="../uovo-dolfin-bimbo-bimba-150gr.html"><b>Uovo Dolfin Bimbo Bimba 150gr</b></a></h4>
        <p class="description">dolfin Bimba Uovo di Cioccolato al Latte Finissimo 150 g</p>
        <p class="right price"><b>4.07 €</b></p>
        <p class="right unitPrice">27.16 € per kg</p>
    </div>
    <div class="contButton">
    <a class="button bgRed white addToCart" href="#">Add</a>
</div>
</div><div class="left product prod2"
        data-name="Cioc Ferr K Sorpr Lui T72 Sing"
        data-price="1.39"
        data-id="33841"
        data-available="yes"
        data-category="4748"
        data-bestselling="">
    <a href="../cioc-ferr-k-sorpr-lui-t72-sing.html">
        <div style="background-image: url('../../cdn.spesati.com/images/products/000502210/kinder-sorpresa-20-g-01.png')">
            <div class="hover"></div>
            
            <div class="stickers"></div>
        </div>
    </a>
    <div>
        <h4><a href="../cioc-ferr-k-sorpr-lui-t72-sing.html"><b>Cioc Ferr K Sorpr Lui T72 Sing</b></a></h4>
        <p class="description">Kinder Sorpresa 20 g</p>
        <p class="right price"><b>1.39 €</b></p>
        <p class="right unitPrice">69.52 € per kg</p>
    </div>
    <div class="contButton">
    <a class="button bgRed white addToCart" href="#">Add</a>
</div>
</div><div class="left product prod3"
        data-name="Cioc Ferrero K Sorp T3"
        data-price="3.65"
        data-id="33840"
        data-available="yes"
        data-category="4748"
        data-bestselling="">
    <a href="../cioc-ferrero-k-sorp-t3.html">
        <div style="background-image: url('../../cdn.spesati.com/images/products/000502205/kinder-sorpresa-natoons-3-x-20-g-01.png')">
            <div class="hover"></div>
            
            <div class="stickers"></div>
        </div>
    </a>
    <div>
        <h4><a href="../cioc-ferrero-k-sorp-t3.html"><b>Cioc Ferrero K Sorp T3</b></a></h4>
        <p class="description">Kinder Sorpresa Natoons 3 x 20 g</p>
        <p class="right price"><b>3.65 €</b></p>
        <p class="right unitPrice">60.83 € per kg</p>
    </div>
    <div class="contButton">
    <a class="button bgRed white addToCart" href="#">Add</a>
</div>
</div><div class="left product prod4"
        data-name="Ovetti Novi Caramello 160gr"
        data-price="3.89"
        data-id="75209"
        data-available="yes"
        data-category="4748"
        data-bestselling="">
    <a href="../ovetti-novi-caramello-160gr.html">
        <div style="background-image: url('../../cdn.spesati.com/images/products/000472662/novi-ovetti-caramello-160-g-01.png')">
            <div class="hover"></div>
            
            <div class="stickers"></div>
        </div>
    </a>
    <div>
        <h4><a href="../ovetti-novi-caramello-160gr.html"><b>Ovetti Novi Caramello 160gr</b></a></h4>
        <p class="description">Novi ovetti Caramello 160 g</p>
        <p class="right price"><b>3.89 €</b></p>
        <p class="right unitPrice">24.31 € per kg</p>
    </div>
    <div class="contButton">
    <a class="button bgRed white addToCart" href="#">Add</a>
</div>
</div><div class="left product prod5"
        data-name="Colomba Motta Tradizion 700gr"
        data-price="4.99"
        data-id="75274"
        data-available="yes"
        data-category="4748"
        data-bestselling="">
    <a href="../colomba-motta-tradizion-700gr.html">
        <div style="background-image: url('../../cdn.spesati.com/images/products/000472660/motta-la-colomba-originale-700-g-01.png')">
            <div class="hover"></div>
            
            <div class="stickers"></div>
        </div>
    </a>
    <div>
        <h4><a href="../colomba-motta-tradizion-700gr.html"><b>Colomba Motta Tradizion 700gr</b></a></h4>
        <p class="description">Motta la Colomba Originale 700 g</p>
        <p class="right price"><b>4.99 €</b></p>
        <p class="right unitPrice">7.13 € per kg</p>
    </div>
    <div class="contButton">
    <a class="button bgRed white addToCart" href="#">Add</a>
</div>
</div><div class="left product prod6"
        data-name="Colomba Bauli Pistacchio 750gr"
        data-price="9.90"
        data-id="84218"
        data-available="yes"
        data-category="4748"
        data-bestselling="">
    <a href="../colomba-bauli-pistacchio-750gr.html">
        <div style="background-image: url('../../cdn.spesati.com/images/products/000472656/bauli-creazioni-di-pasqua-colomba-crema-al-pistacchio-750-g-01.png')">
            <div class="hover"></div>
            
            <div class="stickers"></div>
        </div>
    </a>
    <div>
        <h4><a href="../colomba-bauli-pistacchio-750gr.html"><b>Colomba Bauli Pistacchio 750gr</b></a></h4>
        <p class="description">Bauli Creazioni di Pasqua Colomba Crema al Pistacchio 750 g</p>
        <p class="right price"><b>9.90 €</b></p>
        <p class="right unitPrice">13.20 € per kg</p>
    </div>
    <div class="contButton">
    <a class="button bgRed white addToCart" href="#">Add</a>
</div>
</div><div class="left product prod7"
        data-name="Colomba Bauli Tradizion 700gr"
        data-price="4.99"
        data-id="75271"
        data-available="yes"
        data-category="4748"
        data-bestselling="">
    <a href="../colomba-bauli-tradizion-700gr.html">
        <div style="background-image: url('../../cdn.spesati.com/images/products/000472655/bauli-la-colomba-classica-700-g-01.png')">
            <div class="hover"></div>
            
            <div class="stickers"></div>
        </div>
    </a>
    <div>
        <h4><a href="../colomba-bauli-tradizion-700gr.html"><b>Colomba Bauli Tradizion 700gr</b></a></h4>
        <p class="description">Bauli la Colomba Classica 700 g</p>
        <p class="right price"><b>4.99 €</b></p>
        <p class="right unitPrice">7.13 € per kg</p>
    </div>
    <div class="contButton">
    <a class="button bgRed white addToCart" href="#">Add</a>
</div>
</div><div class="left product prod8"
        data-name="Colomba Tre Marie Magnif 930gr"
        data-price="17.99"
        data-id="75206"
        data-available="yes"
        data-category="4748"
        data-bestselling="">
    <a href="../colomba-tre-marie-magnif-930gr.html">
        <div style="background-image: url('../../cdn.spesati.com/images/products/000472641/tre-marie-colomba-magnifica-930-g-01.png')">
            <div class="hover"></div>
            
            <div class="stickers"></div>
        </div>
    </a>
    <div>
        <h4><a href="../colomba-tre-marie-magnif-930gr.html"><b>Colomba Tre Marie Magnif 930gr</b></a></h4>
        <p class="description">Tre Marie Colomba Magnifica 930 g</p>
        <p class="right price"><b>17.99 €</b></p>
        <p class="right unitPrice">19.35 € per kg</p>
    </div>
    <div class="contButton">
    <a class="button bgRed white addToCart" href="#">Add</a>
</div>
</div><div class="left product prod9"
        data-name="Uovo Balocco Fast Furious 240g"
        data-price="10.93"
        data-id="75405"
        data-available="yes"
        data-category="4748"
        data-bestselling="">
    <a href="../uovo-balocco-fast-furious-240g.html">
        <div style="background-image: url('../../cdn.spesati.com/images/products/000472635/balocco-uovo-di-cioccolato-finissimo-al-latte-fast-furious-spy-racers-240-g-01.png')">
            <div class="hover"></div>
            
            <div class="stickers"></div>
        </div>
    </a>
    <div>
        <h4><a href="../uovo-balocco-fast-furious-240g.html"><b>Uovo Balocco Fast Furious 240g</b></a></h4>
        <p class="description">Balocco Uovo di Cioccolato Finissimo al Latte Fast & Furious Spy Racers 240 g</p>
        <p class="right price"><b>10.93 €</b></p>
        <p class="right unitPrice">45.55 € per kg</p>
    </div>
    <div class="contButton">
    <a class="button bgRed white addToCart" href="#">Add</a>
</div>
</div><div class="left product prod10"
        data-name="Ciocc Kinder Sorpres Lei T3x32"
        data-price="4.05"
        data-id="75530"
        data-available="yes"
        data-category="4748"
        data-bestselling="">
    <a href="../ciocc-kinder-sorpres-lei-t3x32.html">
        <div style="background-image: url('../../cdn.spesati.com/images/products/000472625/kinder-sorpresa-disney-princess-3-x-20-g-01.png')">
            <div class="hover"></div>
            
            <div class="stickers"></div>
        </div>
    </a>
    <div>
        <h4><a href="../ciocc-kinder-sorpres-lei-t3x32.html"><b>Ciocc Kinder Sorpres Lei T3x32</b></a></h4>
        <p class="description">Kinder Sorpresa Disney Princess 3 x 20 g</p>
        <p class="right price"><b>4.05 €</b></p>
        <p class="right unitPrice">67.43 € per kg</p>
    </div>
    <div class="contButton">
    <a class="button bgRed white addToCart" href="#">Add</a>
</div>
</div><div class="left product prod11"
        data-name="Uovo Ferrero Marvel 220gr"
        data-price="15.99"
        data-id="84140"
        data-available="yes"
        data-category="4748"
        data-bestselling="1">
    <a href="../uovo-ferrero-marvel-220gr.html">
        <div style="background-image: url('../../cdn.spesati.com/images/products/000444046/kinder-gransorpresa-maxi-marvel-avengers-220-g-01.png')">
            <div class="hover"></div>
            <p class="arrow bgRed white">Best Seller</p>
            <div class="stickers"></div>
        </div>
    </a>
    <div>
        <h4><a href="../uovo-ferrero-marvel-220gr.html"><b>Uovo Ferrero Marvel 220gr</b></a></h4>
        <p class="description">Kinder GranSorpresa Maxi Marvel Avengers 220 g</p>
        <p class="right price"><b>15.99 €</b></p>
        <p class="right unitPrice">72.68 € per kg</p>
    </div>
    <div class="contButton">
    <a class="button bgRed white addToCart" href="#">Add</a>
</div>
</div><div class="left product prod12"
        data-name="Uovo Ferrero Winx 150gr"
        data-price="12.99"
        data-id="84137"
        data-available="yes"
        data-category="4748"
        data-bestselling="">
    <a href="../uovo-ferrero-winx-150gr.html">
        <div style="background-image: url('../../cdn.spesati.com/images/products/000444045/kinder-gransorpresa-winx-club-150-g-01.png')">
            <div class="hover"></div>
            
            <div class="stickers"></div>
        </div>
    </a>
    <div>
        <h4><a href="../uovo-ferrero-winx-150gr.html"><b>Uovo Ferrero Winx 150gr</b></a></h4>
        <p class="description">Kinder GranSorpresa Winx Club 150 g</p>
        <p class="right price"><b>12.99 €</b></p>
        <p class="right unitPrice">86.60 € per kg</p>
    </div>
    <div class="contButton">
    <a class="button bgRed white addToCart" href="#">Add</a>
</div>
</div><div class="left product prod13"
        data-name="Uovo Perug Baci Aft Eight 245"
        data-price="13.99"
        data-id="84104"
        data-available="yes"
        data-category="4748"
        data-bestselling="">
    <a href="../uovo-perug-baci-aft-eight-245.html">
        <div style="background-image: url('../../cdn.spesati.com/images/products/000444021/nestle-after-eight-uovo-di-cioccolato-fondente-alla-menta-con-3-cioccolatini-254-g-01.png')">
            <div class="hover"></div>
            
            <div class="stickers"></div>
        </div>
    </a>
    <div>
        <h4><a href="../uovo-perug-baci-aft-eight-245.html"><b>Uovo Perug Baci Aft Eight 245</b></a></h4>
        <p class="description">NESTLÉ AFTER EIGHT Uovo di Cioccolato Fondente alla Menta con 3 Cioccolatini 254 g</p>
        <p class="right price"><b>13.99 €</b></p>
        <p class="right unitPrice">55.96 € per kg</p>
    </div>
    <div class="contButton">
    <a class="button bgRed white addToCart" href="#">Add</a>
</div>
</div><div class="left product prod14"
        data-name="Uovo Nestle' Kit Kat 230gr"
        data-price="9.49"
        data-id="84098"
        data-available="yes"
        data-category="4748"
        data-bestselling="">
    <a href="../uovo-nestle-kit-kat-230gr.html">
        <div style="background-image: url('../../cdn.spesati.com/images/products/000444019/nestle-kitkat-uovo-di-cioccolato-al-latte-con-inclusioni-di-wafer-e-kitkat-bunny-230-g-01.png')">
            <div class="hover"></div>
            
            <div class="stickers"></div>
        </div>
    </a>
    <div>
        <h4><a href="../uovo-nestle-kit-kat-230gr.html"><b>Uovo Nestle' Kit Kat 230gr</b></a></h4>
        <p class="description">NESTLÉ KitKat Uovo di Cioccolato al Latte con inclusioni di Wafer e KitKat Bunny 230 g</p>
        <p class="right price"><b>9.49 €</b></p>
        <p class="right unitPrice">41.26 € per kg</p>
    </div>
    <div class="contButton">
    <a class="button bgRed white addToCart" href="#">Add</a>
</div>
</div><div class="left product prod15"
        data-name="Uovo Nestle' Galak 230gr"
        data-price="9.49"
        data-id="84095"
        data-available="yes"
        data-category="4748"
        data-bestselling="">
    <a href="../uovo-nestle-galak-230gr.html">
        <div style="background-image: url('../../cdn.spesati.com/images/products/000444018/nestle-galak-uovo-di-cioccolato-bianco-con-sorpresa-230-g-01.png')">
            <div class="hover"></div>
            
            <div class="stickers"></div>
        </div>
    </a>
    <div>
        <h4><a href="../uovo-nestle-galak-230gr.html"><b>Uovo Nestle' Galak 230gr</b></a></h4>
        <p class="description">NESTLÉ Galak Uovo di Cioccolato Bianco con Sorpresa 230 g</p>
        <p class="right price"><b>9.49 €</b></p>
        <p class="right unitPrice">41.26 € per kg</p>
    </div>
    <div class="contButton">
    <a class="button bgRed white addToCart" href="#">Add</a>
</div>
</div><div class="left product prod16"
        data-name="Colomba Bauli S/lattosio 700gr"
        data-price="9.21"
        data-id="84089"
        data-available="yes"
        data-category="4748"
        data-bestselling="">
    <a href="../colomba-bauli-slattosio-700gr.html">
        <div style="background-image: url('../../cdn.spesati.com/images/products/000444016/bauli-la-colomba-senza-lattosio-700-g-01.png')">
            <div class="hover"></div>
            
            <div class="stickers"></div>
        </div>
    </a>
    <div>
        <h4><a href="../colomba-bauli-slattosio-700gr.html"><b>Colomba Bauli S/lattosio 700gr</b></a></h4>
        <p class="description">Bauli la Colomba Senza Lattosio 700 g</p>
        <p class="right price"><b>9.21 €</b></p>
        <p class="right unitPrice">13.16 € per kg</p>
    </div>
    <div class="contButton">
    <a class="button bgRed white addToCart" href="#">Add</a>
</div>
</div><div class="left product prod17"
        data-name="Mini Colom Bauli Peppa Pig 100"
        data-price="2.99"
        data-id="84086"
        data-available="yes"
        data-category="4748"
        data-bestselling="">
    <a href="../mini-colom-bauli-peppa-pig-100.html">
        <div style="background-image: url('../../cdn.spesati.com/images/products/000444015/bauli-mini-colomba-al-cioccolato-peppa-pig-100-g-01.png')">
            <div class="hover"></div>
            
            <div class="stickers"></div>
        </div>
    </a>
    <div>
        <h4><a href="../mini-colom-bauli-peppa-pig-100.html"><b>Mini Colom Bauli Peppa Pig 100</b></a></h4>
        <p class="description">Bauli Mini Colomba al Cioccolato Peppa Pig 100 g</p>
        <p class="right price"><b>2.99 €</b></p>
        <p class="right unitPrice">29.90 € per kg</p>
    </div>
    <div class="contButton">
    <a class="button bgRed white addToCart" href="#">Add</a>
</div>
</div><div class="left product prod18"
        data-name="Colomba Motta Tartufone 650gr"
        data-price="9.49"
        data-id="84077"
        data-available="yes"
        data-category="4748"
        data-bestselling="">
    <a href="../colomba-motta-tartufone-650gr.html">
        <div style="background-image: url('../../cdn.spesati.com/images/products/000444012/motta-tartufone-la-colomba-650-g-01.png')">
            <div class="hover"></div>
            
            <div class="stickers"></div>
        </div>
    </a>
    <div>
        <h4><a href="../colomba-motta-tartufone-650gr.html"><b>Colomba Motta Tartufone 650gr</b></a></h4>
        <p class="description">Motta Tartufone la Colomba 650 g</p>
        <p class="right price"><b>9.49 €</b></p>
        <p class="right unitPrice">14.60 € per kg</p>
    </div>
    <div class="contButton">
    <a class="button bgRed white addToCart" href="#">Add</a>
</div>
</div><div class="left product prod19"
        data-name="Uova Bauli Gr Firm Bianco 365"
        data-price="15.49"
        data-id="84071"
        data-available="yes"
        data-category="4748"
        data-bestselling="">
    <a href="../uova-bauli-gr-firm-bianco-365.html">
        <div style="background-image: url('../../cdn.spesati.com/images/products/000444010/bauli-grandi-firme-uovo-cioccolato-bianco-lui-365-g-01.png')">
            <div class="hover"></div>
            
            <div class="stickers"></div>
        </div>
    </a>
    <div>
        <h4><a href="../uova-bauli-gr-firm-bianco-365.html"><b>Uova Bauli Gr Firm Bianco 365</b></a></h4>
        <p class="description">Bauli Grandi Firme Uovo Cioccolato Bianco Lui 365 g</p>
        <p class="right price"><b>15.49 €</b></p>
        <p class="right unitPrice">41.87 € per kg</p>
    </div>
    <div class="contButton">
    <a class="button bgRed white addToCart" href="#">Add</a>
</div>
</div><div class="left product prod20"
        data-name="Uovo Bauli Peppa Pig 150gr"
        data-price="7.49"
        data-id="84065"
        data-available="yes"
        data-category="4748"
        data-bestselling="">
    <a href="../uovo-bauli-peppa-pig-150gr.html">
        <div style="background-image: url('../../cdn.spesati.com/images/products/000444008/bauli-uovo-cioccolato-superiore-al-latte-peppa-pig-150-g-01.png')">
            <div class="hover"></div>
            
            <div class="stickers"></div>
        </div>
    </a>
    <div>
        <h4><a href="../uovo-bauli-peppa-pig-150gr.html"><b>Uovo Bauli Peppa Pig 150gr</b></a></h4>
        <p class="description">Bauli Uovo Cioccolato superiore al latte Peppa Pig 150 g</p>
        <p class="right price"><b>7.49 €</b></p>
        <p class="right unitPrice">49.93 € per kg</p>
    </div>
    <div class="contButton">
    <a class="button bgRed white addToCart" href="#">Add</a>
</div>
</div><div class="left product prod21"
        data-name="Uova Lindt Latte 240gr"
        data-price="13.99"
        data-id="84062"
        data-available="yes"
        data-category="4748"
        data-bestselling="">
    <a href="../uova-lindt-latte-240gr.html">
        <div style="background-image: url('../../cdn.spesati.com/images/products/000444007/lindt-gamme-bleue-uova-di-cioccolato-pasqua-cioccolato-al-latte-240-g-01.png')">
            <div class="hover"></div>
            
            <div class="stickers"></div>
        </div>
    </a>
    <div>
        <h4><a href="../uova-lindt-latte-240gr.html"><b>Uova Lindt Latte 240gr</b></a></h4>
        <p class="description">Lindt Gamme Bleue Uova di cioccolato Pasqua Cioccolato al latte 240 g</p>
        <p class="right price"><b>13.99 €</b></p>
        <p class="right unitPrice">58.29 € per kg</p>
    </div>
    <div class="contButton">
    <a class="button bgRed white addToCart" href="#">Add</a>
</div>
</div><div class="left product prod22"
        data-name="Uova Lindt Fondente 240gr"
        data-price="13.99"
        data-id="84059"
        data-available="yes"
        data-category="4748"
        data-bestselling="">
    <a href="../uova-lindt-fondente-240gr.html">
        <div style="background-image: url('../../cdn.spesati.com/images/products/000444006/lindt-gamme-bleue-uova-di-cioccolato-pasqua-cioccolato-fondente-240-g-01.png')">
            <div class="hover"></div>
            
            <div class="stickers"></div>
        </div>
    </a>
    <div>
        <h4><a href="../uova-lindt-fondente-240gr.html"><b>Uova Lindt Fondente 240gr</b></a></h4>
        <p class="description">Lindt Gamme Bleue Uova di cioccolato Pasqua Cioccolato fondente 240 g</p>
        <p class="right price"><b>13.99 €</b></p>
        <p class="right unitPrice">58.29 € per kg</p>
    </div>
    <div class="contButton">
    <a class="button bgRed white addToCart" href="#">Add</a>
</div>
</div><div class="left product prod23"
        data-name="Ovetti Novi Pistacchio 160gr"
        data-price="4.04"
        data-id="84056"
        data-available="yes"
        data-category="4748"
        data-bestselling="">
    <a href="../ovetti-novi-pistacchio-160gr.html">
        <div style="background-image: url('../../cdn.spesati.com/images/products/000444004/novi-ovetti-pistacchio-160-g-01.png')">
            <div class="hover"></div>
            
            <div class="stickers"></div>
        </div>
    </a>
    <div>
        <h4><a href="../ovetti-novi-pistacchio-160gr.html"><b>Ovetti Novi Pistacchio 160gr</b></a></h4>
        <p class="description">Novi ovetti Pistacchio 160 g</p>
        <p class="right price"><b>4.04 €</b></p>
        <p class="right unitPrice">25.27 € per kg</p>
    </div>
    <div class="contButton">
    <a class="button bgRed white addToCart" href="#">Add</a>
</div>
</div><div class="left product prod24"
        data-name="Uovo Lindor Lat Caram Sal 320"
        data-price="19.99"
        data-id="84053"
        data-available="yes"
        data-category="4748"
        data-bestselling="">
    <a href="../uovo-lindor-lat-caram-sal-320.html">
        <div style="background-image: url('../../cdn.spesati.com/images/products/000444001/lindt-lindor-uovo-di-cioccolato-pasqua-caramello-salato-320-g-01.png')">
            <div class="hover"></div>
            
            <div class="stickers"></div>
        </div>
    </a>
    <div>
        <h4><a href="../uovo-lindor-lat-caram-sal-320.html"><b>Uovo Lindor Lat Caram Sal 320</b></a></h4>
        <p class="description">Lindt Lindor Uovo di cioccolato Pasqua Caramello Salato 320 g</p>
        <p class="right price"><b>19.99 €</b></p>
        <p class="right unitPrice">62.47 € per kg</p>
    </div>
    <div class="contButton">
    <a class="button bgRed white addToCart" href="#">Add</a>
</div>
</div><div class="left product prod25"
        data-name="Uovo Lindt Latte Pop Corn 240"
        data-price="13.99"
        data-id="84050"
        data-available="yes"
        data-category="4748"
        data-bestselling="">
    <a href="../uovo-lindt-latte-pop-corn-240.html">
        <div style="background-image: url('../../cdn.spesati.com/images/products/000444000/lindt-gamme-bleue-uova-di-cioccolato-pasqua-cioccolato-al-latte-pop-corn-240-g-01.png')">
            <div class="hover"></div>
            
            <div class="stickers"></div>
        </div>
    </a>
    <div>
        <h4><a href="../uovo-lindt-latte-pop-corn-240.html"><b>Uovo Lindt Latte Pop Corn 240</b></a></h4>
        <p class="description">Lindt Gamme Bleue Uova di cioccolato Pasqua Cioccolato al latte Pop Corn 240 g</p>
        <p class="right price"><b>13.99 €</b></p>
        <p class="right unitPrice">58.29 € per kg</p>
    </div>
    <div class="contButton">
    <a class="button bgRed white addToCart" href="#">Add</a>
</div>
</div><div class="left product prod26"
        data-name="Uovo Dolfin Sonic 220gr"
        data-price="9.99"
        data-id="84002"
        data-available="yes"
        data-category="4748"
        data-bestselling="">
    <a href="../uovo-dolfin-sonic-220gr.html">
        <div style="background-image: url('../../cdn.spesati.com/images/products/000443338/dolfin-uovo-di-cioccolato-al-latte-finissimo-sonic-the-hedgehog-220-g-01.png')">
            <div class="hover"></div>
            
            <div class="stickers"></div>
        </div>
    </a>
    <div>
        <h4><a href="../uovo-dolfin-sonic-220gr.html"><b>Uovo Dolfin Sonic 220gr</b></a></h4>
        <p class="description">dolfin Uovo di Cioccolato al Latte Finissimo Sonic the Hedgehog 220 g</p>
        <p class="right price"><b>9.99 €</b></p>
        <p class="right unitPrice">45.41 € per kg</p>
    </div>
    <div class="contButton">
    <a class="button bgRed white addToCart" href="#">Add</a>
</div>
</div><div class="left product prod27"
        data-name="Uova Novi Fondentenero 210gr"
        data-price="13.12"
        data-id="75197"
        data-available="yes"
        data-category="4748"
        data-bestselling="">
    <a href="../uova-novi-fondentenero-210gr.html">
        <div style="background-image: url('../../cdn.spesati.com/images/products/000438175/novi-uovo-fondentenero-210-g-01.png')">
            <div class="hover"></div>
            
            <div class="stickers"></div>
        </div>
    </a>
    <div>
        <h4><a href="../uova-novi-fondentenero-210gr.html"><b>Uova Novi Fondentenero 210gr</b></a></h4>
        <p class="description">Novi Uovo Fondentenero 210 g</p>
        <p class="right price"><b>13.12 €</b></p>
        <p class="right unitPrice">62.49 € per kg</p>
    </div>
    <div class="contButton">
    <a class="button bgRed white addToCart" href="#">Add</a>
</div>
</div><div class="left product prod28"
        data-name="Uovo Balocco"
        data-price="10.99"
        data-id="65562"
        data-available="yes"
        data-category="4748"
        data-bestselling="">
    <a href="../uovo-balocco.html">
        <div style="background-image: url('../../cdn.spesati.com/images/products/000438170/balocco-uovo-di-cioccolato-finissimo-al-latte-inter-240-g-01.png')">
            <div class="hover"></div>
            
            <div class="stickers"></div>
        </div>
    </a>
    <div>
        <h4><a href="../uovo-balocco.html"><b>Uovo Balocco</b></a></h4>
        <p class="description">Balocco Uovo di Cioccolato Finissimo al Latte Inter 240 g</p>
        <p class="right price"><b>10.99 €</b></p>
        <p class="right unitPrice">45.79 € per kg</p>
    </div>
    <div class="contButton">
    <a class="button bgRed white addToCart" href="#">Add</a>
</div>
</div><div class="left product prod29"
        data-name="Colomba Balocco Mil/int"
        data-price="16.61"
        data-id="65862"
        data-available="yes"
        data-category="4748"
        data-bestselling="">
    <a href="../colomba-balocco-milint.html">
        <div style="background-image: url('../../cdn.spesati.com/images/products/000438169/balocco-la-colomba-al-cioccolato-milan-750-g-01.png')">
            <div class="hover"></div>
            
            <div class="stickers"></div>
        </div>
    </a>
    <div>
        <h4><a href="../colomba-balocco-milint.html"><b>Colomba Balocco Mil/int</b></a></h4>
        <p class="description">Balocco la Colomba al Cioccolato Milan 750 g</p>
        <p class="right price"><b>16.61 €</b></p>
        <p class="right unitPrice">22.15 € per kg</p>
    </div>
    <div class="contButton">
    <a class="button bgRed white addToCart" href="#">Add</a>
</div>
</div><div class="left product prod30"
        data-name="Colomba Balocco Pistacchio/nocciola"
        data-price="7.99"
        data-id="65859"
        data-available="yes"
        data-category="4748"
        data-bestselling="">
    <a href="../colomba-balocco-pistacchionocciola.html">
        <div style="background-image: url('../../cdn.spesati.com/images/products/000438168/balocco-colomba-pistacchio-nocciola-750-g-01.png')">
            <div class="hover"></div>
            
            <div class="stickers"></div>
        </div>
    </a>
    <div>
        <h4><a href="../colomba-balocco-pistacchionocciola.html"><b>Colomba Balocco Pistacchio/nocciola</b></a></h4>
        <p class="description">Balocco Colomba Pistacchio & Nocciola 750 g</p>
        <p class="right price"><b>7.99 €</b></p>
        <p class="right unitPrice">10.66 € per kg</p>
    </div>
    <div class="contButton">
    <a class="button bgRed white addToCart" href="#">Add</a>
</div>
</div><div class="left product prod31"
        data-name="Uovo Motta Masha E Orso"
        data-price="10.99"
        data-id="65850"
        data-available="yes"
        data-category="4748"
        data-bestselling="">
    <a href="../uovo-motta-masha-e-orso.html">
        <div style="background-image: url('../../cdn.spesati.com/images/products/000438161/motta-uovo-cioccolato-al-latte-finissimo-masha-e-orso-190-g-01.png')">
            <div class="hover"></div>
            
            <div class="stickers"></div>
        </div>
    </a>
    <div>
        <h4><a href="../uovo-motta-masha-e-orso.html"><b>Uovo Motta Masha E Orso</b></a></h4>
        <p class="description">Motta Uovo Cioccolato al Latte Finissimo Masha e Orso 190 g</p>
        <p class="right price"><b>10.99 €</b></p>
        <p class="right unitPrice">57.84 € per kg</p>
    </div>
    <div class="contButton">
    <a class="button bgRed white addToCart" href="#">Add</a>
</div>
</div><div class="left product prod32"
        data-name="Colomba Motta Croccante Cioccolato/pistacchio"
        data-price="7.82"
        data-id="65841"
        data-available="yes"
        data-category="4748"
        data-bestselling="">
    <a href="../colomba-motta-croccante-cioccolatopistacchio.html">
        <div style="background-image: url('../../cdn.spesati.com/images/products/000438157/motta-colomba-doppiacrema-cioccolato-pistacchio-700-g-01.png')">
            <div class="hover"></div>
            
            <div class="stickers"></div>
        </div>
    </a>
    <div>
        <h4><a href="../colomba-motta-croccante-cioccolatopistacchio.html"><b>Colomba Motta Croccante Cioccolato/pistacchio</b></a></h4>
        <p class="description">Motta Colomba DoppiaCrema Cioccolato & Pistacchio 700 g</p>
        <p class="right price"><b>7.82 €</b></p>
        <p class="right unitPrice">11.17 € per kg</p>
    </div>
    <div class="contButton">
    <a class="button bgRed white addToCart" href="#">Add</a>
</div>
</div><div class="left product prod33"
        data-name="Uova Dolci Prez Cliomakeup 280"
        data-price="10.99"
        data-id="83333"
        data-available="yes"
        data-category="4748"
        data-bestselling="">
    <a href="../uova-dolci-prez-cliomakeup-280.html">
        <div style="background-image: url('../../cdn.spesati.com/images/products/000136676/dolci-preziosi-uovo-cioccolato-finissimo-al-latte-cliomakeup-280-g-01.png')">
            <div class="hover"></div>
            
            <div class="stickers"></div>
        </div>
    </a>
    <div>
        <h4><a href="../uova-dolci-prez-cliomakeup-280.html"><b>Uova Dolci Prez Cliomakeup 280</b></a></h4>
        <p class="description">Dolci Preziosi Uovo Cioccolato Finissimo al Latte Cliomakeup 280 g</p>
        <p class="right price"><b>10.99 €</b></p>
        <p class="right unitPrice">39.25 € per kg</p>
    </div>
    <div class="contButton">
    <a class="button bgRed white addToCart" href="#">Add</a>
</div>
</div><div class="left product prod34"
        data-name="Uova Minions Latte Bauli 190gr"
        data-price="12.90"
        data-id="83315"
        data-available="yes"
        data-category="4748"
        data-bestselling="">
    <a href="../uova-minions-latte-bauli-190gr.html">
        <div style="background-image: url('../../cdn.spesati.com/images/products/000136547/bauli-uovo-cioccolato-superiore-al-latte-minions-190-g-01.png')">
            <div class="hover"></div>
            
            <div class="stickers"></div>
        </div>
    </a>
    <div>
        <h4><a href="../uova-minions-latte-bauli-190gr.html"><b>Uova Minions Latte Bauli 190gr</b></a></h4>
        <p class="description">Bauli Uovo Cioccolato superiore al latte minions 190 g</p>
        <p class="right price"><b>12.90 €</b></p>
        <p class="right unitPrice">67.89 € per kg</p>
    </div>
    <div class="contButton">
    <a class="button bgRed white addToCart" href="#">Add</a>
</div>
</div><div class="left product prod35"
        data-name="Uovo Ferrero Rocher Clas 175gr"
        data-price="10.99"
        data-id="75375"
        data-available="yes"
        data-category="4748"
        data-bestselling="">
    <a href="../uovo-ferrero-rocher-clas-175gr.html">
        <div style="background-image: url('../../cdn.spesati.com/images/products/000136540/ferrero-rocher-pasqua-doro-cioccolato-al-latte-con-nocciole-2125-g-01.png')">
            <div class="hover"></div>
            
            <div class="stickers"></div>
        </div>
    </a>
    <div>
        <h4><a href="../uovo-ferrero-rocher-clas-175gr.html"><b>Uovo Ferrero Rocher Clas 175gr</b></a></h4>
        <p class="description">Ferrero Rocher Pasqua d'Oro Cioccolato al Latte con Nocciole 212,5 g</p>
        <p class="right price"><b>10.99 €</b></p>
        <p class="right unitPrice">61.06 € per kg</p>
    </div>
    <div class="contButton">
    <a class="button bgRed white addToCart" href="#">Add</a>
</div>
</div><div class="left product prod36"
        data-name="Uovo Balocco Latte Juve 320gr"
        data-price="23.93"
        data-id="83300"
        data-available="yes"
        data-category="4748"
        data-bestselling="">
    <a href="../uovo-balocco-latte-juve-320gr.html">
        <div style="background-image: url('../../cdn.spesati.com/images/products/000136370/balocco-uovo-cioccolato-finissimo-al-latte-juventus-320-g-01.png')">
            <div class="hover"></div>
            
            <div class="stickers"></div>
        </div>
    </a>
    <div>
        <h4><a href="../uovo-balocco-latte-juve-320gr.html"><b>Uovo Balocco Latte Juve 320gr</b></a></h4>
        <p class="description">Balocco Uovo Cioccolato Finissimo al Latte Juventus 320 g</p>
        <p class="right price"><b>23.93 €</b></p>
        <p class="right unitPrice">74.77 € per kg</p>
    </div>
    <div class="contButton">
    <a class="button bgRed white addToCart" href="#">Add</a>
</div>
</div><div class="left product prod37"
        data-name="Ovetti Lindor Pistacchio 180gr"
        data-price="5.49"
        data-id="75153"
        data-available="yes"
        data-category="4748"
        data-bestselling="">
    <a href="../ovetti-lindor-pistacchio-180gr.html">
        <div style="background-image: url('../../cdn.spesati.com/images/products/000136357/lindt-lindor-ovetti-di-cioccolato-pasqua-cioccolato-al-latte-pistacchio-180g-01.png')">
            <div class="hover"></div>
            
            <div class="stickers"></div>
        </div>
    </a>
    <div>
        <h4><a href="../ovetti-lindor-pistacchio-180gr.html"><b>Ovetti Lindor Pistacchio 180gr</b></a></h4>
        <p class="description">Lindt Lindor Ovetti di cioccolato Pasqua Cioccolato al latte Pistacchio 180g</p>
        <p class="right price"><b>5.49 €</b></p>
        <p class="right unitPrice">30.50 € per kg</p>
    </div>
    <div class="contButton">
    <a class="button bgRed white addToCart" href="#">Add</a>
</div>
</div><div class="left product prod38"
        data-name="Uova Lindt Pistacchio 360gr"
        data-price="27.90"
        data-id="75309"
        data-available="yes"
        data-category="4748"
        data-bestselling="">
    <a href="../uova-lindt-pistacchio-360gr.html">
        <div style="background-image: url('../../cdn.spesati.com/images/products/000136356/lindt-lindor-uova-di-cioccolato-pasqua-cioccolato-al-latte-pistacchio-360g-01.png')">
            <div class="hover"></div>
            
            <div class="stickers"></div>
        </div>
    </a>
    <div>
        <h4><a href="../uova-lindt-pistacchio-360gr.html"><b>Uova Lindt Pistacchio 360gr</b></a></h4>
        <p class="description">Lindt Lindor Uova di cioccolato Pasqua Cioccolato al latte Pistacchio 360g</p>
        <p class="right price"><b>27.90 €</b></p>
        <p class="right unitPrice">77.51 € per kg</p>
    </div>
    <div class="contButton">
    <a class="button bgRed white addToCart" href="#">Add</a>
</div>
</div><div class="left product prod39"
        data-name="Uovo Perugina Baci Fond 265gr"
        data-price="11.99"
        data-id="75360"
        data-available="yes"
        data-category="4748"
        data-bestselling="">
    <a href="../uovo-perugina-baci-fond-265gr.html">
        <div style="background-image: url('../../cdn.spesati.com/images/products/000136351/baci-perugina-uovo-di-cioccolato-fondente-70-con-sorpresa-e-4-cioccolatini-265-g-01.png')">
            <div class="hover"></div>
            
            <div class="stickers"></div>
        </div>
    </a>
    <div>
        <h4><a href="../uovo-perugina-baci-fond-265gr.html"><b>Uovo Perugina Baci Fond 265gr</b></a></h4>
        <p class="description">BACI PERUGINA Uovo di Cioccolato Fondente 70% con Sorpresa e 4 Cioccolatini 265 g</p>
        <p class="right price"><b>11.99 €</b></p>
        <p class="right unitPrice">44.41 € per kg</p>
    </div>
    <div class="contButton">
    <a class="button bgRed white addToCart" href="#">Add</a>
</div>
</div><div class="left product prod40"
        data-name="Uovo Perugina Baci Latte 265gr"
        data-price="11.99"
        data-id="75357"
        data-available="yes"
        data-category="4748"
        data-bestselling="">
    <a href="../uovo-perugina-baci-latte-265gr.html">
        <div style="background-image: url('../../cdn.spesati.com/images/products/000136350/baci-perugina-uovo-di-cioccolato-al-latte-con-sorpresa-e-4-cioccolatini-265-g-01.png')">
            <div class="hover"></div>
            
            <div class="stickers"></div>
        </div>
    </a>
    <div>
        <h4><a href="../uovo-perugina-baci-latte-265gr.html"><b>Uovo Perugina Baci Latte 265gr</b></a></h4>
        <p class="description">BACI PERUGINA Uovo di Cioccolato al Latte con Sorpresa e 4 Cioccolatini 265 g</p>
        <p class="right price"><b>11.99 €</b></p>
        <p class="right unitPrice">44.41 € per kg</p>
    </div>
    <div class="contButton">
    <a class="button bgRed white addToCart" href="#">Add</a>
</div>
</div><div class="left product prod41"
        data-name="Uovo Perugina Baci Class 265gr"
        data-price="11.99"
        data-id="75354"
        data-available="yes"
        data-category="4748"
        data-bestselling="">
    <a href="../uovo-perugina-baci-class-265gr.html">
        <div style="background-image: url('../../cdn.spesati.com/images/products/000136349/baci-perugina-uovo-di-cioccolato-fondente-extra-con-sorpresa-e-4-cioccolatini-265-g-01.png')">
            <div class="hover"></div>
            
            <div class="stickers"></div>
        </div>
    </a>
    <div>
        <h4><a href="../uovo-perugina-baci-class-265gr.html"><b>Uovo Perugina Baci Class 265gr</b></a></h4>
        <p class="description">BACI PERUGINA Uovo di Cioccolato Fondente Extra con Sorpresa e 4 Cioccolatini 265 g</p>
        <p class="right price"><b>11.99 €</b></p>
        <p class="right unitPrice">44.41 € per kg</p>
    </div>
    <div class="contButton">
    <a class="button bgRed white addToCart" href="#">Add</a>
</div>
</div><div class="left product prod42"
        data-name="Uova Dolci Pr Trudy Latte 280g"
        data-price="17.00"
        data-id="75318"
        data-available="yes"
        data-category="4748"
        data-bestselling="1">
    <a href="../uova-dolci-pr-trudy-latte-280g.html">
        <div style="background-image: url('../../cdn.spesati.com/images/products/000136327/dolci-preziosi-uovo-di-pasqua-al-latte-trudi-sweet-collection-280-g-01.png')">
            <div class="hover"></div>
            <p class="arrow bgRed white">Best Seller</p>
            <div class="stickers"></div>
        </div>
    </a>
    <div>
        <h4><a href="../uova-dolci-pr-trudy-latte-280g.html"><b>Uova Dolci Pr Trudy Latte 280g</b></a></h4>
        <p class="description">Dolci Preziosi Uovo di Pasqua al Latte Trudi Sweet Collection 280 g</p>
        <p class="right price"><b>17.00 €</b></p>
        <p class="right unitPrice">60.70 € per kg</p>
    </div>
    <div class="contButton">
    <a class="button bgRed white addToCart" href="#">Add</a>
</div>
</div><div class="left product prod43"
        data-name="Uova Dolci Prez Lol Surpr"
        data-price="7.19"
        data-id="65937"
        data-available="yes"
        data-category="4748"
        data-bestselling="">
    <a href="../uova-dolci-prez-lol-surpr.html">
        <div style="background-image: url('../../cdn.spesati.com/images/products/000136272/dolci-preziosi-uovo-cioccolato-finissimo-al-latte-lol-surprise-150-g-01.png')">
            <div class="hover"></div>
            
            <div class="stickers"></div>
        </div>
    </a>
    <div>
        <h4><a href="../uova-dolci-prez-lol-surpr.html"><b>Uova Dolci Prez Lol Surpr</b></a></h4>
        <p class="description">Dolci Preziosi Uovo Cioccolato Finissimo al Latte L.O.L. Surprise! 150 g</p>
        <p class="right price"><b>7.19 €</b></p>
        <p class="right unitPrice">47.91 € per kg</p>
    </div>
    <div class="contButton">
    <a class="button bgRed white addToCart" href="#">Add</a>
</div>
</div><div class="left product prod44"
        data-name="Uovo Walcor Decor Fondent"
        data-price="17.49"
        data-id="65895"
        data-available="yes"
        data-category="4748"
        data-bestselling="">
    <a href="../uovo-walcor-decor-fondent.html">
        <div style="background-image: url('../../cdn.spesati.com/images/products/000136252/walcor-uovo-decorazione-artigianale-cioccolato-extrafondente-800-g-01.png')">
            <div class="hover"></div>
            
            <div class="stickers"></div>
        </div>
    </a>
    <div>
        <h4><a href="../uovo-walcor-decor-fondent.html"><b>Uovo Walcor Decor Fondent</b></a></h4>
        <p class="description">Walcor Uovo Decorazione Artigianale Cioccolato Extrafondente 800 g</p>
        <p class="right price"><b>17.49 €</b></p>
        <p class="right unitPrice">21.87 € per kg</p>
    </div>
    <div class="contButton">
    <a class="button bgRed white addToCart" href="#">Add</a>
</div>
</div><div class="left product prod45"
        data-name="Uovo Walcor Decor Lat/fon"
        data-price="11.99"
        data-id="65892"
        data-available="yes"
        data-category="4748"
        data-bestselling="">
    <a href="../uovo-walcor-decor-latfon.html">
        <div style="background-image: url('../../cdn.spesati.com/images/products/000136251/walcor-uovo-decorazione-artigianale-cioccolato-al-latte-300-g-01.png')">
            <div class="hover"></div>
            
            <div class="stickers"></div>
        </div>
    </a>
    <div>
        <h4><a href="../uovo-walcor-decor-latfon.html"><b>Uovo Walcor Decor Lat/fon</b></a></h4>
        <p class="description">Walcor Uovo Decorazione Artigianale Cioccolato al Latte 300 g</p>
        <p class="right price"><b>11.99 €</b></p>
        <p class="right unitPrice">39.96 € per kg</p>
    </div>
    <div class="contButton">
    <a class="button bgRed white addToCart" href="#">Add</a>
</div>
</div><div class="left product prod46"
        data-name="Uovo Dolfin Mecontrote 220gr"
        data-price="11.49"
        data-id="27555"
        data-available="yes"
        data-category="4748"
        data-bestselling="">
    <a href="../uovo-dolfin-mecontrote-220gr.html">
        <div style="background-image: url('../../cdn.spesati.com/images/products/000135796/dolfin-uovo-di-cioccolato-al-latte-finissimo-me-contro-te-250-g-01.png')">
            <div class="hover"></div>
            
            <div class="stickers"></div>
        </div>
    </a>
    <div>
        <h4><a href="../uovo-dolfin-mecontrote-220gr.html"><b>Uovo Dolfin Mecontrote 220gr</b></a></h4>
        <p class="description">dolfin Uovo di Cioccolato al Latte Finissimo Me Contro Te 250 g</p>
        <p class="right price"><b>11.49 €</b></p>
        <p class="right unitPrice">52.23 € per kg</p>
    </div>
    <div class="contButton">
    <a class="button bgRed white addToCart" href="#">Add</a>
</div>
</div><div class="left product prod47"
        data-name="Colomba Balocco Class Cel 100g"
        data-price="1.69"
        data-id="27554"
        data-available="yes"
        data-category="4748"
        data-bestselling="">
    <a href="../colomba-balocco-class-cel-100g.html">
        <div style="background-image: url('../../cdn.spesati.com/images/products/000135795/balocco-colomba-classica-100-g-01.png')">
            <div class="hover"></div>
            
            <div class="stickers"></div>
        </div>
    </a>
    <div>
        <h4><a href="../colomba-balocco-class-cel-100g.html"><b>Colomba Balocco Class Cel 100g</b></a></h4>
        <p class="description">Balocco Colomba Classica 100 g</p>
        <p class="right price"><b>1.69 €</b></p>
        <p class="right unitPrice">16.86 € per kg</p>
    </div>
    <div class="contButton">
    <a class="button bgRed white addToCart" href="#">Add</a>
</div>
</div><div class="left product prod48"
        data-name="Colomba Baloc S-cand Cell 100g"
        data-price="1.39"
        data-id="27549"
        data-available="yes"
        data-category="4748"
        data-bestselling="">
    <a href="../colomba-baloc-s-cand-cell-100g.html">
        <div style="background-image: url('../../cdn.spesati.com/images/products/000135759/balocco-colomba-senza-canditi-100-g-01.png')">
            <div class="hover"></div>
            
            <div class="stickers"></div>
        </div>
    </a>
    <div>
        <h4><a href="../colomba-baloc-s-cand-cell-100g.html"><b>Colomba Baloc S-cand Cell 100g</b></a></h4>
        <p class="description">Balocco Colomba Senza Canditi 100 g</p>
        <p class="right price"><b>1.39 €</b></p>
        <p class="right unitPrice">13.90 € per kg</p>
    </div>
    <div class="contButton">
    <a class="button bgRed white addToCart" href="#">Add</a>
</div>
</div><div class="left product prod49"
        data-name="Uovo Balocco Milan 240gr"
        data-price="10.99"
        data-id="27545"
        data-available="yes"
        data-category="4748"
        data-bestselling="">
    <a href="../uovo-balocco-milan-240gr.html">
        <div style="background-image: url('../../cdn.spesati.com/images/products/000135753/balocco-uovo-di-cioccolato-finissimo-al-latte-milan-240-g-01.png')">
            <div class="hover"></div>
            
            <div class="stickers"></div>
        </div>
    </a>
    <div>
        <h4><a href="../uovo-balocco-milan-240gr.html"><b>Uovo Balocco Milan 240gr</b></a></h4>
        <p class="description">Balocco Uovo di Cioccolato Finissimo al Latte Milan 240 g</p>
        <p class="right price"><b>10.99 €</b></p>
        <p class="right unitPrice">45.79 € per kg</p>
    </div>
    <div class="contButton">
    <a class="button bgRed white addToCart" href="#">Add</a>
</div>
</div><div class="left product prod50"
        data-name="Colomba Motta Viennese 700gr"
        data-price="7.92"
        data-id="27534"
        data-available="yes"
        data-category="4748"
        data-bestselling="">
    <a href="../colomba-motta-viennese-700gr.html">
        <div style="background-image: url('../../cdn.spesati.com/images/products/000135726/motta-la-colomba-viennese-700-g-01.png')">
            <div class="hover"></div>
            
            <div class="stickers"></div>
        </div>
    </a>
    <div>
        <h4><a href="../colomba-motta-viennese-700gr.html"><b>Colomba Motta Viennese 700gr</b></a></h4>
        <p class="description">Motta la Colomba Viennese 700 g</p>
        <p class="right price"><b>7.92 €</b></p>
        <p class="right unitPrice">11.32 € per kg</p>
    </div>
    <div class="contButton">
    <a class="button bgRed white addToCart" href="#">Add</a>
</div>
</div><div class="left product prod51"
        data-name="Uovo Lindt G/bunny Latte 180g"
        data-price="12.99"
        data-id="83282"
        data-available="yes"
        data-category="4748"
        data-bestselling="">
    <a href="../uovo-lindt-gbunny-latte-180g.html">
        <div style="background-image: url('../../cdn.spesati.com/images/products/000135709/lindt-gold-bunny-uova-di-cioccolato-pasqua-cioccolato-al-latte-bambina-180-g-01.png')">
            <div class="hover"></div>
            
            <div class="stickers"></div>
        </div>
    </a>
    <div>
        <h4><a href="../uovo-lindt-gbunny-latte-180g.html"><b>Uovo Lindt G/bunny Latte 180g</b></a></h4>
        <p class="description">Lindt Gold Bunny Uova di cioccolato Pasqua Cioccolato al latte Bambina 180 g</p>
        <p class="right price"><b>12.99 €</b></p>
        <p class="right unitPrice">72.17 € per kg</p>
    </div>
    <div class="contButton">
    <a class="button bgRed white addToCart" href="#">Add</a>
</div>
</div><div class="left product prod52"
        data-name="Uova Pernig Gianduia Nero 260g"
        data-price="15.08"
        data-id="27527"
        data-available="yes"
        data-category="4748"
        data-bestselling="">
    <a href="../uova-pernig-gianduia-nero-260g.html">
        <div style="background-image: url('../../cdn.spesati.com/images/products/000135707/pernigotti-uovo-gianduia-nero-260-g-01.png')">
            <div class="hover"></div>
            
            <div class="stickers"></div>
        </div>
    </a>
    <div>
        <h4><a href="../uova-pernig-gianduia-nero-260g.html"><b>Uova Pernig Gianduia Nero 260g</b></a></h4>
        <p class="description">Pernigotti Uovo Gianduia Nero 260 g</p>
        <p class="right price"><b>15.08 €</b></p>
        <p class="right unitPrice">58.00 € per kg</p>
    </div>
    <div class="contButton">
    <a class="button bgRed white addToCart" href="#">Add</a>
</div>
</div><div class="left product prod53"
        data-name="Uova Pernig Gianduia Clas 260g"
        data-price="12.49"
        data-id="27526"
        data-available="yes"
        data-category="4748"
        data-bestselling="">
    <a href="../uova-pernig-gianduia-clas-260g.html">
        <div style="background-image: url('../../cdn.spesati.com/images/products/000135706/pernigotti-uovo-gianduia-260-g-01.png')">
            <div class="hover"></div>
            
            <div class="stickers"></div>
        </div>
    </a>
    <div>
        <h4><a href="../uova-pernig-gianduia-clas-260g.html"><b>Uova Pernig Gianduia Clas 260g</b></a></h4>
        <p class="description">Pernigotti Uovo Gianduia 260 g</p>
        <p class="right price"><b>12.49 €</b></p>
        <p class="right unitPrice">48.04 € per kg</p>
    </div>
    <div class="contButton">
    <a class="button bgRed white addToCart" href="#">Add</a>
</div>
</div><div class="left product prod54"
        data-name="Colomba Bauli Baileys 750gr"
        data-price="9.90"
        data-id="27468"
        data-available="yes"
        data-category="4748"
        data-bestselling="">
    <a href="../colomba-bauli-baileys-750gr.html">
        <div style="background-image: url('../../cdn.spesati.com/images/products/000133060/bauli-colomba-baileys-750-g-01.png')">
            <div class="hover"></div>
            
            <div class="stickers"></div>
        </div>
    </a>
    <div>
        <h4><a href="../colomba-bauli-baileys-750gr.html"><b>Colomba Bauli Baileys 750gr</b></a></h4>
        <p class="description">Bauli Colomba Baileys 750 g</p>
        <p class="right price"><b>9.90 €</b></p>
        <p class="right unitPrice">13.20 € per kg</p>
    </div>
    <div class="contButton">
    <a class="button bgRed white addToCart" href="#">Add</a>
</div>
</div><div class="left product prod55"
        data-name="Uova Dolfin Bing 220gr"
        data-price="9.99"
        data-id="66150"
        data-available="yes"
        data-category="4748"
        data-bestselling="">
    <a href="../uova-dolfin-bing-220gr.html">
        <div style="background-image: url('../../cdn.spesati.com/images/products/000133056/dolfin-bing-uovo-di-cioccolato-al-latte-finissimo-220-g-01.png')">
            <div class="hover"></div>
            
            <div class="stickers"></div>
        </div>
    </a>
    <div>
        <h4><a href="../uova-dolfin-bing-220gr.html"><b>Uova Dolfin Bing 220gr</b></a></h4>
        <p class="description">dolfin Bing Uovo di Cioccolato al Latte Finissimo 220 g</p>
        <p class="right price"><b>9.99 €</b></p>
        <p class="right unitPrice">45.41 € per kg</p>
    </div>
    <div class="contButton">
    <a class="button bgRed white addToCart" href="#">Add</a>
</div>
</div><div class="left product prod56"
        data-name="Uova Balocco Santoro 240gr"
        data-price="11.44"
        data-id="27463"
        data-available="yes"
        data-category="4748"
        data-bestselling="">
    <a href="../uova-balocco-santoro-240gr.html">
        <div style="background-image: url('../../cdn.spesati.com/images/products/000133046/balocco-uovo-cioccolato-finissimo-al-latte-santoro-london-gorjuss-240-g-01.png')">
            <div class="hover"></div>
            
            <div class="stickers"></div>
        </div>
    </a>
    <div>
        <h4><a href="../uova-balocco-santoro-240gr.html"><b>Uova Balocco Santoro 240gr</b></a></h4>
        <p class="description">Balocco Uovo Cioccolato Finissimo al Latte Santoro London Gorjuss 240 g</p>
        <p class="right price"><b>11.44 €</b></p>
        <p class="right unitPrice">47.67 € per kg</p>
    </div>
    <div class="contButton">
    <a class="button bgRed white addToCart" href="#">Add</a>
</div>
</div><div class="left product prod57"
        data-name="Colomba Balocco Latta Juve 750"
        data-price="16.61"
        data-id="27459"
        data-available="yes"
        data-category="4748"
        data-bestselling="">
    <a href="../colomba-balocco-latta-juve-750.html">
        <div style="background-image: url('../../cdn.spesati.com/images/products/000133038/balocco-la-colomba-al-cioccolato-juventus-750-g-01.png')">
            <div class="hover"></div>
            
            <div class="stickers"></div>
        </div>
    </a>
    <div>
        <h4><a href="../colomba-balocco-latta-juve-750.html"><b>Colomba Balocco Latta Juve 750</b></a></h4>
        <p class="description">Balocco la Colomba al Cioccolato Juventus 750 g</p>
        <p class="right price"><b>16.61 €</b></p>
        <p class="right unitPrice">22.15 € per kg</p>
    </div>
    <div class="contButton">
    <a class="button bgRed white addToCart" href="#">Add</a>
</div>
</div><div class="left product prod58"
        data-name="Ovetti Lindor Fond-nocc 130gr"
        data-price="5.49"
        data-id="27417"
        data-available="yes"
        data-category="4748"
        data-bestselling="">
    <a href="../ovetti-lindor-fond-nocc-130gr.html">
        <div style="background-image: url('../../cdn.spesati.com/images/products/000132816/lindt-ovetti-di-cioccolato-pasqua-cioccolato-con-nocciole-cioccolato-fondente-130-g-01.png')">
            <div class="hover"></div>
            
            <div class="stickers"></div>
        </div>
    </a>
    <div>
        <h4><a href="../ovetti-lindor-fond-nocc-130gr.html"><b>Ovetti Lindor Fond-nocc 130gr</b></a></h4>
        <p class="description">Lindt Ovetti di cioccolato Pasqua Cioccolato con nocciole Cioccolato fondente 130 g</p>
        <p class="right price"><b>5.49 €</b></p>
        <p class="right unitPrice">42.23 € per kg</p>
    </div>
    <div class="contButton">
    <a class="button bgRed white addToCart" href="#">Add</a>
</div>
</div><div class="left product prod59"
        data-name="Colomba Balocco Cuor D'oro 750"
        data-price="5.49"
        data-id="27410"
        data-available="yes"
        data-category="4748"
        data-bestselling="">
    <a href="../colomba-balocco-cuor-doro-750.html">
        <div style="background-image: url('../../cdn.spesati.com/images/products/000132797/balocco-la-colomba-cuore-doro-senza-canditi-750-g-01.png')">
            <div class="hover"></div>
            
            <div class="stickers"></div>
        </div>
    </a>
    <div>
        <h4><a href="../colomba-balocco-cuor-doro-750.html"><b>Colomba Balocco Cuor D'oro 750</b></a></h4>
        <p class="description">Balocco la Colomba Cuore d'Oro Senza Canditi 750 g</p>
        <p class="right price"><b>5.49 €</b></p>
        <p class="right unitPrice">7.32 € per kg</p>
    </div>
    <div class="contButton">
    <a class="button bgRed white addToCart" href="#">Add</a>
</div>
</div><div class="left product prod60"
        data-name="Uova Bauli Gr Firm Fond 365gr"
        data-price="15.49"
        data-id="27381"
        data-available="yes"
        data-category="4748"
        data-bestselling="">
    <a href="../uova-bauli-gr-firm-fond-365gr.html">
        <div style="background-image: url('../../cdn.spesati.com/images/products/000132461/bauli-grandi-firme-uovo-cioccolato-fondente-lei-365-g-01.png')">
            <div class="hover"></div>
            
            <div class="stickers"></div>
        </div>
    </a>
    <div>
        <h4><a href="../uova-bauli-gr-firm-fond-365gr.html"><b>Uova Bauli Gr Firm Fond 365gr</b></a></h4>
        <p class="description">Bauli Grandi Firme Uovo Cioccolato Fondente Lei 365 g</p>
        <p class="right price"><b>15.49 €</b></p>
        <p class="right unitPrice">42.44 € per kg</p>
    </div>
    <div class="contButton">
    <a class="button bgRed white addToCart" href="#">Add</a>
</div>
</div><div class="left product prod61"
        data-name="Uova Bauli Gr Firm Lat 365gr"
        data-price="18.12"
        data-id="27380"
        data-available="yes"
        data-category="4748"
        data-bestselling="">
    <a href="../uova-bauli-gr-firm-lat-365gr.html">
        <div style="background-image: url('../../cdn.spesati.com/images/products/000132460/bauli-grandi-firme-uovo-cioccolato-superiore-al-latte-lei-365-g-01.png')">
            <div class="hover"></div>
            
            <div class="stickers"></div>
        </div>
    </a>
    <div>
        <h4><a href="../uova-bauli-gr-firm-lat-365gr.html"><b>Uova Bauli Gr Firm Lat 365gr</b></a></h4>
        <p class="description">Bauli Grandi Firme Uovo Cioccolato Superiore al Latte Lei 365 g</p>
        <p class="right price"><b>18.12 €</b></p>
        <p class="right unitPrice">49.65 € per kg</p>
    </div>
    <div class="contButton">
    <a class="button bgRed white addToCart" href="#">Add</a>
</div>
</div><div class="left product prod62"
        data-name="Uova Bauli Gr Firm Lat-noc 300"
        data-price="18.12"
        data-id="27379"
        data-available="yes"
        data-category="4748"
        data-bestselling="">
    <a href="../uova-bauli-gr-firm-lat-noc-300.html">
        <div style="background-image: url('../../cdn.spesati.com/images/products/000132459/bauli-grandi-firme-uovo-cioccolato-al-latte-con-granella-di-nocciole-lei-300-g-01.png')">
            <div class="hover"></div>
            
            <div class="stickers"></div>
        </div>
    </a>
    <div>
        <h4><a href="../uova-bauli-gr-firm-lat-noc-300.html"><b>Uova Bauli Gr Firm Lat-noc 300</b></a></h4>
        <p class="description">Bauli Grandi Firme Uovo Cioccolato al Latte con Granella di Nocciole Lei 300 g</p>
        <p class="right price"><b>18.12 €</b></p>
        <p class="right unitPrice">60.41 € per kg</p>
    </div>
    <div class="contButton">
    <a class="button bgRed white addToCart" href="#">Add</a>
</div>
</div><div class="left product prod63"
        data-name="Uovo Walcor Pasqui' Fond 400gr"
        data-price="5.99"
        data-id="27360"
        data-available="yes"
        data-category="4748"
        data-bestselling="">
    <a href="../uovo-walcor-pasqui-fond-400gr.html">
        <div style="background-image: url('../../cdn.spesati.com/images/products/000132160/sweetie-uovo-cioccolato-extrafondente-400-g-01.png')">
            <div class="hover"></div>
            
            <div class="stickers"></div>
        </div>
    </a>
    <div>
        <h4><a href="../uovo-walcor-pasqui-fond-400gr.html"><b>Uovo Walcor Pasqui' Fond 400gr</b></a></h4>
        <p class="description">Sweetie Uovo Cioccolato Extrafondente 400 g</p>
        <p class="right price"><b>5.99 €</b></p>
        <p class="right unitPrice">14.97 € per kg</p>
    </div>
    <div class="contButton">
    <a class="button bgRed white addToCart" href="#">Add</a>
</div>
</div><div class="left product prod64"
        data-name="Uovo Walcor Pasqui' Latte 400g"
        data-price="5.99"
        data-id="27359"
        data-available="yes"
        data-category="4748"
        data-bestselling="">
    <a href="../uovo-walcor-pasqui-latte-400g.html">
        <div style="background-image: url('../../cdn.spesati.com/images/products/000132159/sweetie-uovo-cioccolato-al-latte-400-g-01.png')">
            <div class="hover"></div>
            
            <div class="stickers"></div>
        </div>
    </a>
    <div>
        <h4><a href="../uovo-walcor-pasqui-latte-400g.html"><b>Uovo Walcor Pasqui' Latte 400g</b></a></h4>
        <p class="description">Sweetie Uovo Cioccolato al Latte 400 g</p>
        <p class="right price"><b>5.99 €</b></p>
        <p class="right unitPrice">14.97 € per kg</p>
    </div>
    <div class="contButton">
    <a class="button bgRed white addToCart" href="#">Add</a>
</div>
</div><div class="left product prod65"
        data-name="Uovo Walcor Pasqui' Fond 200gr"
        data-price="2.99"
        data-id="27358"
        data-available="yes"
        data-category="4748"
        data-bestselling="">
    <a href="../uovo-walcor-pasqui-fond-200gr.html">
        <div style="background-image: url('../../cdn.spesati.com/images/products/000132158/sweetie-uovo-cioccolato-extrafondente-200-g-01.png')">
            <div class="hover"></div>
            
            <div class="stickers"></div>
        </div>
    </a>
    <div>
        <h4><a href="../uovo-walcor-pasqui-fond-200gr.html"><b>Uovo Walcor Pasqui' Fond 200gr</b></a></h4>
        <p class="description">Sweetie Uovo Cioccolato Extrafondente 200 g</p>
        <p class="right price"><b>2.99 €</b></p>
        <p class="right unitPrice">14.95 € per kg</p>
    </div>
    <div class="contButton">
    <a class="button bgRed white addToCart" href="#">Add</a>
</div>
</div><div class="left product prod66"
        data-name="Uovo Walcor Pasqui' Latte 200g"
        data-price="2.99"
        data-id="27357"
        data-available="yes"
        data-category="4748"
        data-bestselling="">
    <a href="../uovo-walcor-pasqui-latte-200g.html">
        <div style="background-image: url('../../cdn.spesati.com/images/products/000132157/sweetie-uovo-cioccolato-al-latte-200-g-01.png')">
            <div class="hover"></div>
            
            <div class="stickers"></div>
        </div>
    </a>
    <div>
        <h4><a href="../uovo-walcor-pasqui-latte-200g.html"><b>Uovo Walcor Pasqui' Latte 200g</b></a></h4>
        <p class="description">Sweetie Uovo Cioccolato al Latte 200 g</p>
        <p class="right price"><b>2.99 €</b></p>
        <p class="right unitPrice">14.95 € per kg</p>
    </div>
    <div class="contButton">
    <a class="button bgRed white addToCart" href="#">Add</a>
</div>
</div><div class="left product prod67"
        data-name="Ovetti Perugina Baci Assortiti 150"
        data-price="3.99"
        data-id="65631"
        data-available="yes"
        data-category="4748"
        data-bestselling="">
    <a href="../ovetti-perugina-baci-assortiti-150.html">
        <div style="background-image: url('../../cdn.spesati.com/images/products/000132100/baci-perugina-ovetti-di-cioccolato-gusti-assortiti-sacchetto-150-g-01.png')">
            <div class="hover"></div>
            
            <div class="stickers"></div>
        </div>
    </a>
    <div>
        <h4><a href="../ovetti-perugina-baci-assortiti-150.html"><b>Ovetti Perugina Baci Assortiti 150</b></a></h4>
        <p class="description">BACI PERUGINA Ovetti di cioccolato gusti assortiti sacchetto 150 g</p>
        <p class="right price"><b>3.99 €</b></p>
        <p class="right unitPrice">26.60 € per kg</p>
    </div>
    <div class="contButton">
    <a class="button bgRed white addToCart" href="#">Add</a>
</div>
</div><div class="left product prod68"
        data-name="Uova Balocco Bimbo/bimba 150gr"
        data-price="5.85"
        data-id="67095"
        data-available="yes"
        data-category="4748"
        data-bestselling="">
    <a href="../uova-balocco-bimbobimba-150gr.html">
        <div style="background-image: url('../../cdn.spesati.com/images/products/000132071/balocco-uovo-di-cioccolato-finissimo-al-latte-bimbo-150-g-01.png')">
            <div class="hover"></div>
            
            <div class="stickers"></div>
        </div>
    </a>
    <div>
        <h4><a href="../uova-balocco-bimbobimba-150gr.html"><b>Uova Balocco Bimbo/bimba 150gr</b></a></h4>
        <p class="description">Balocco Uovo di Cioccolato Finissimo al Latte Bimbo 150 g</p>
        <p class="right price"><b>5.85 €</b></p>
        <p class="right unitPrice">39.02 € per kg</p>
    </div>
    <div class="contButton">
    <a class="button bgRed white addToCart" href="#">Add</a>
</div>
</div><div class="left product prod69"
        data-name="Uova Balocco Juventus 240gr"
        data-price="10.99"
        data-id="27344"
        data-available="yes"
        data-category="4748"
        data-bestselling="">
    <a href="../uova-balocco-juventus-240gr.html">
        <div style="background-image: url('../../cdn.spesati.com/images/products/000132069/balocco-uovo-di-cioccolato-finissimo-al-latte-juventus-240-g-01.png')">
            <div class="hover"></div>
            
            <div class="stickers"></div>
        </div>
    </a>
    <div>
        <h4><a href="../uova-balocco-juventus-240gr.html"><b>Uova Balocco Juventus 240gr</b></a></h4>
        <p class="description">Balocco Uovo di Cioccolato Finissimo al Latte Juventus 240 g</p>
        <p class="right price"><b>10.99 €</b></p>
        <p class="right unitPrice">45.79 € per kg</p>
    </div>
    <div class="contButton">
    <a class="button bgRed white addToCart" href="#">Add</a>
</div>
</div><div class="left product prod70"
        data-name="Uova Pernigotti Cremino 350gr"
        data-price="16.99"
        data-id="27316"
        data-available="yes"
        data-category="4748"
        data-bestselling="">
    <a href="../uova-pernigotti-cremino-350gr.html">
        <div style="background-image: url('../../cdn.spesati.com/images/products/000131466/pernigotti-uovo-cremino-350-g-01.png')">
            <div class="hover"></div>
            
            <div class="stickers"></div>
        </div>
    </a>
    <div>
        <h4><a href="../uova-pernigotti-cremino-350gr.html"><b>Uova Pernigotti Cremino 350gr</b></a></h4>
        <p class="description">Pernigotti Uovo Cremino 350 g</p>
        <p class="right price"><b>16.99 €</b></p>
        <p class="right unitPrice">48.54 € per kg</p>
    </div>
    <div class="contButton">
    <a class="button bgRed white addToCart" href="#">Add</a>
</div>
</div><div class="left product prod71"
        data-name="Colomba Balocco Gocciolot 750g"
        data-price="7.89"
        data-id="27315"
        data-available="yes"
        data-category="4748"
        data-bestselling="">
    <a href="../colomba-balocco-gocciolot-750g.html">
        <div style="background-image: url('../../cdn.spesati.com/images/products/000131456/balocco-gocciolotta-colomba-cioccolato-750-g-01.png')">
            <div class="hover"></div>
            
            <div class="stickers"></div>
        </div>
    </a>
    <div>
        <h4><a href="../colomba-balocco-gocciolot-750g.html"><b>Colomba Balocco Gocciolot 750g</b></a></h4>
        <p class="description">Balocco Gocciolotta Colomba & Cioccolato 750 g</p>
        <p class="right price"><b>7.89 €</b></p>
        <p class="right unitPrice">10.52 € per kg</p>
    </div>
    <div class="contButton">
    <a class="button bgRed white addToCart" href="#">Add</a>
</div>
</div><div class="left product prod72"
        data-name="Uovo Walcor Decorato 800gr"
        data-price="17.49"
        data-id="83276"
        data-available="yes"
        data-category="4748"
        data-bestselling="">
    <a href="../uovo-walcor-decorato-800gr.html">
        <div style="background-image: url('../../cdn.spesati.com/images/products/000131067/walcor-uovo-decorazione-artigianale-cioccolato-al-latte-800-g-01.png')">
            <div class="hover"></div>
            
            <div class="stickers"></div>
        </div>
    </a>
    <div>
        <h4><a href="../uovo-walcor-decorato-800gr.html"><b>Uovo Walcor Decorato 800gr</b></a></h4>
        <p class="description">Walcor Uovo Decorazione Artigianale Cioccolato al Latte 800 g</p>
        <p class="right price"><b>17.49 €</b></p>
        <p class="right unitPrice">21.87 € per kg</p>
    </div>
    <div class="contButton">
    <a class="button bgRed white addToCart" href="#">Add</a>
</div>
</div><div class="left product prod73"
        data-name="Uova Dolfin Barbie 220gr"
        data-price="9.99"
        data-id="27287"
        data-available="yes"
        data-category="4748"
        data-bestselling="">
    <a href="../uova-dolfin-barbie-220gr.html">
        <div style="background-image: url('../../cdn.spesati.com/images/products/000130967/dolfin-uovo-di-cioccolato-al-latte-finissimo-barbie-220-g-01.png')">
            <div class="hover"></div>
            
            <div class="stickers"></div>
        </div>
    </a>
    <div>
        <h4><a href="../uova-dolfin-barbie-220gr.html"><b>Uova Dolfin Barbie 220gr</b></a></h4>
        <p class="description">dolfin Uovo di Cioccolato al Latte Finissimo Barbie 220 g</p>
        <p class="right price"><b>9.99 €</b></p>
        <p class="right unitPrice">45.41 € per kg</p>
    </div>
    <div class="contButton">
    <a class="button bgRed white addToCart" href="#">Add</a>
</div>
</div><div class="left product prod74"
        data-name="Uova Motta Bimbi Latte 150gr"
        data-price="4.99"
        data-id="27286"
        data-available="yes"
        data-category="4748"
        data-bestselling="">
    <a href="../uova-motta-bimbi-latte-150gr.html">
        <div style="background-image: url('../../cdn.spesati.com/images/products/000130920/motta-uovo-bimba-cioccolato-al-latte-finissimo-150-g-01.png')">
            <div class="hover"></div>
            
            <div class="stickers"></div>
        </div>
    </a>
    <div>
        <h4><a href="../uova-motta-bimbi-latte-150gr.html"><b>Uova Motta Bimbi Latte 150gr</b></a></h4>
        <p class="description">Motta Uovo Bimba Cioccolato al Latte Finissimo 150 g</p>
        <p class="right price"><b>4.99 €</b></p>
        <p class="right unitPrice">33.26 € per kg</p>
    </div>
    <div class="contButton">
    <a class="button bgRed white addToCart" href="#">Add</a>
</div>
</div><div class="left product prod75"
        data-name="Colomba Bauli Profiteroles 750"
        data-price="9.90"
        data-id="27226"
        data-available="yes"
        data-category="4748"
        data-bestselling="">
    <a href="../colomba-bauli-profiteroles-750.html">
        <div style="background-image: url('../../cdn.spesati.com/images/products/000130380/bauli-profiteroles-750-g-01.png')">
            <div class="hover"></div>
            
            <div class="stickers"></div>
        </div>
    </a>
    <div>
        <h4><a href="../colomba-bauli-profiteroles-750.html"><b>Colomba Bauli Profiteroles 750</b></a></h4>
        <p class="description">Bauli Profiteroles 750 g</p>
        <p class="right price"><b>9.90 €</b></p>
        <p class="right unitPrice">13.20 € per kg</p>
    </div>
    <div class="contButton">
    <a class="button bgRed white addToCart" href="#">Add</a>
</div>
</div><div class="left product prod76"
        data-name="Uova Balocco Motogp 240gr"
        data-price="13.04"
        data-id="27215"
        data-available="yes"
        data-category="4748"
        data-bestselling="">
    <a href="../uova-balocco-motogp-240gr.html">
        <div style="background-image: url('../../cdn.spesati.com/images/products/000130313/balocco-uovo-cioccolato-finissimo-al-latte-motogp-240-g-01.png')">
            <div class="hover"></div>
            
            <div class="stickers"></div>
        </div>
    </a>
    <div>
        <h4><a href="../uova-balocco-motogp-240gr.html"><b>Uova Balocco Motogp 240gr</b></a></h4>
        <p class="description">Balocco Uovo Cioccolato Finissimo al Latte motoGP 240 g</p>
        <p class="right price"><b>13.04 €</b></p>
        <p class="right unitPrice">54.32 € per kg</p>
    </div>
    <div class="contButton">
    <a class="button bgRed white addToCart" href="#">Add</a>
</div>
</div><div class="left product prod77"
        data-name="Uova Bauli Transformers 240gr"
        data-price="14.90"
        data-id="27211"
        data-available="yes"
        data-category="4748"
        data-bestselling="">
    <a href="../uova-bauli-transformers-240gr.html">
        <div style="background-image: url('../../cdn.spesati.com/images/products/000130266/bauli-uovo-cioccolato-superiore-al-latte-transformers-240-g-01.png')">
            <div class="hover"></div>
            
            <div class="stickers"></div>
        </div>
    </a>
    <div>
        <h4><a href="../uova-bauli-transformers-240gr.html"><b>Uova Bauli Transformers 240gr</b></a></h4>
        <p class="description">Bauli Uovo Cioccolato superiore al latte Transformers 240 g</p>
        <p class="right price"><b>14.90 €</b></p>
        <p class="right unitPrice">62.08 € per kg</p>
    </div>
    <div class="contButton">
    <a class="button bgRed white addToCart" href="#">Add</a>
</div>
</div><div class="left product prod78"
        data-name="Uova Balocco Puffi 150gr"
        data-price="6.49"
        data-id="27207"
        data-available="yes"
        data-category="4748"
        data-bestselling="">
    <a href="../uova-balocco-puffi-150gr.html">
        <div style="background-image: url('../../cdn.spesati.com/images/products/000130218/balocco-uovo-di-cioccolato-finissimo-al-latte-i-puffi-150-g-01.png')">
            <div class="hover"></div>
            
            <div class="stickers"></div>
        </div>
    </a>
    <div>
        <h4><a href="../uova-balocco-puffi-150gr.html"><b>Uova Balocco Puffi 150gr</b></a></h4>
        <p class="description">Balocco Uovo di Cioccolato Finissimo al Latte i Puffi 150 g</p>
        <p class="right price"><b>6.49 €</b></p>
        <p class="right unitPrice">43.26 € per kg</p>
    </div>
    <div class="contButton">
    <a class="button bgRed white addToCart" href="#">Add</a>
</div>
</div><div class="left product prod79"
        data-name="Colomba Balocco Classica 750gr"
        data-price="6.86"
        data-id="27206"
        data-available="yes"
        data-category="4748"
        data-bestselling="">
    <a href="../colomba-balocco-classica-750gr.html">
        <div style="background-image: url('../../cdn.spesati.com/images/products/000130217/balocco-la-colomba-classica-750-g-01.png')">
            <div class="hover"></div>
            
            <div class="stickers"></div>
        </div>
    </a>
    <div>
        <h4><a href="../colomba-balocco-classica-750gr.html"><b>Colomba Balocco Classica 750gr</b></a></h4>
        <p class="description">Balocco la Colomba Classica 750 g</p>
        <p class="right price"><b>6.86 €</b></p>
        <p class="right unitPrice">9.15 € per kg</p>
    </div>
    <div class="contButton">
    <a class="button bgRed white addToCart" href="#">Add</a>
</div>
</div><div class="left product prod80"
        data-name="Colomba Pula Frutti Bosco 900g"
        data-price="12.99"
        data-id="27204"
        data-available="yes"
        data-category="4748"
        data-bestselling="">
    <a href="../colomba-pula-frutti-bosco-900g.html">
        <div style="background-image: url('../../cdn.spesati.com/images/products/000130204/la-forneria-colomba-artigianale-bonta-di-pula-ai-frutti-di-bosco-900-g-01.png')">
            <div class="hover"></div>
            
            <div class="stickers"></div>
        </div>
    </a>
    <div>
        <h4><a href="../colomba-pula-frutti-bosco-900g.html"><b>Colomba Pula Frutti Bosco 900g</b></a></h4>
        <p class="description">la Forneria Colomba Artigianale Bontà di Pula ai Frutti di Bosco 900 g</p>
        <p class="right price"><b>12.99 €</b></p>
        <p class="right unitPrice">14.43 € per kg</p>
    </div>
    <div class="contButton">
    <a class="button bgRed white addToCart" href="#">Add</a>
</div>
</div><div class="left product prod81"
        data-name="Colomba Bauli Cioccosoffice 750Gr"
        data-price="9.90"
        data-id="6697"
        data-available="yes"
        data-category="4748"
        data-bestselling="">
    <a href="../colomba-bauli-cioccosoffice-750gr.html">
        <div style="background-image: url('../../cdn.spesati.com/images/products/000130186/bauli-ciocosoffice-la-colomba-cioccolato-extrafondente-e-mandorle-750-g-01.png')">
            <div class="hover"></div>
            
            <div class="stickers"></div>
        </div>
    </a>
    <div>
        <h4><a href="../colomba-bauli-cioccosoffice-750gr.html"><b>Colomba Bauli Cioccosoffice 750Gr</b></a></h4>
        <p class="description">Bauli CiocoSoffice la Colomba Cioccolato Extrafondente e Mandorle 750 g</p>
        <p class="right price"><b>9.90 €</b></p>
        <p class="right unitPrice">13.20 € per kg</p>
    </div>
    <div class="contButton">
    <a class="button bgRed white addToCart" href="#">Add</a>
</div>
</div><div class="left product prod82"
        data-name="Uova Bauli Kucciolot Lat 190gr"
        data-price="14.36"
        data-id="27201"
        data-available="yes"
        data-category="4748"
        data-bestselling="1">
    <a href="../uova-bauli-kucciolot-lat-190gr.html">
        <div style="background-image: url('../../cdn.spesati.com/images/products/000130168/bauli-uovo-cioccolato-superiore-al-latte-kucciolotti-family-190-g-01.png')">
            <div class="hover"></div>
            <p class="arrow bgRed white">Best Seller</p>
            <div class="stickers"></div>
        </div>
    </a>
    <div>
        <h4><a href="../uova-bauli-kucciolot-lat-190gr.html"><b>Uova Bauli Kucciolot Lat 190gr</b></a></h4>
        <p class="description">Bauli Uovo Cioccolato superiore al latte Kucciolotti Family 190 g</p>
        <p class="right price"><b>14.36 €</b></p>
        <p class="right unitPrice">75.58 € per kg</p>
    </div>
    <div class="contButton">
    <a class="button bgRed white addToCart" href="#">Add</a>
</div>
</div><div class="left product prod83"
        data-name="Colomba Bauli Verona 1kg"
        data-price="7.99"
        data-id="27198"
        data-available="yes"
        data-category="4748"
        data-bestselling="">
    <a href="../colomba-bauli-verona-1kg.html">
        <div style="background-image: url('../../cdn.spesati.com/images/products/000130162/bauli-la-colomba-di-verona-zero-canditi-con-glassa-e-mandorle-1-kg-01.png')">
            <div class="hover"></div>
            
            <div class="stickers"></div>
        </div>
    </a>
    <div>
        <h4><a href="../colomba-bauli-verona-1kg.html"><b>Colomba Bauli Verona 1kg</b></a></h4>
        <p class="description">Bauli la Colomba di Verona Zero Canditi con Glassa e Mandorle 1 kg</p>
        <p class="right price"><b>7.99 €</b></p>
        <p class="right unitPrice">7.99 € per kg</p>
    </div>
    <div class="contButton">
    <a class="button bgRed white addToCart" href="#">Add</a>
</div>
</div><div class="left product prod84"
        data-name="Colomba Balocco Lemondoro 750g"
        data-price="7.49"
        data-id="27196"
        data-available="yes"
        data-category="4748"
        data-bestselling="">
    <a href="../colomba-balocco-lemondoro-750g.html">
        <div style="background-image: url('../../cdn.spesati.com/images/products/000130149/balocco-colomba-lemondoro-750-g-01.png')">
            <div class="hover"></div>
            
            <div class="stickers"></div>
        </div>
    </a>
    <div>
        <h4><a href="../colomba-balocco-lemondoro-750g.html"><b>Colomba Balocco Lemondoro 750g</b></a></h4>
        <p class="description">Balocco Colomba Lemondoro 750 g</p>
        <p class="right price"><b>7.49 €</b></p>
        <p class="right unitPrice">9.99 € per kg</p>
    </div>
    <div class="contButton">
    <a class="button bgRed white addToCart" href="#">Add</a>
</div>
</div><div class="left product prod85"
        data-name="Colomba Tre Marie Classica 1kg"
        data-price="15.99"
        data-id="27194"
        data-available="yes"
        data-category="4748"
        data-bestselling="">
    <a href="../colomba-tre-marie-classica-1kg.html">
        <div style="background-image: url('../../cdn.spesati.com/images/products/000130140/tre-marie-colomba-tradizionale-1000-g-01.png')">
            <div class="hover"></div>
            
            <div class="stickers"></div>
        </div>
    </a>
    <div>
        <h4><a href="../colomba-tre-marie-classica-1kg.html"><b>Colomba Tre Marie Classica 1kg</b></a></h4>
        <p class="description">Tre Marie Colomba Tradizionale 1000 g</p>
        <p class="right price"><b>15.99 €</b></p>
        <p class="right unitPrice">15.99 € per kg</p>
    </div>
    <div class="contButton">
    <a class="button bgRed white addToCart" href="#">Add</a>
</div>
</div><div class="left product prod86"
        data-name="Agnello Motta Tartufone 650gr"
        data-price="10.30"
        data-id="27192"
        data-available="yes"
        data-category="4748"
        data-bestselling="">
    <a href="../agnello-motta-tartufone-650gr.html">
        <div style="background-image: url('../../cdn.spesati.com/images/products/000130119/motta-tartufone-lagnello-650-g-01.png')">
            <div class="hover"></div>
            
            <div class="stickers"></div>
        </div>
    </a>
    <div>
        <h4><a href="../agnello-motta-tartufone-650gr.html"><b>Agnello Motta Tartufone 650gr</b></a></h4>
        <p class="description">Motta Tartufone l'Agnello 650 g</p>
        <p class="right price"><b>10.30 €</b></p>
        <p class="right unitPrice">15.84 € per kg</p>
    </div>
    <div class="contButton">
    <a class="button bgRed white addToCart" href="#">Add</a>
</div>
</div><div class="left product prod87"
        data-name="Uova Dolfin Alysel 220gr"
        data-price="8.49"
        data-id="83273"
        data-available="yes"
        data-category="4748"
        data-bestselling="">
    <a href="../uova-dolfin-alysel-220gr.html">
        <div style="background-image: url('../../cdn.spesati.com/images/products/000130108/dolfin-alysel-la-principessa-dei-sogni-uovo-di-cioccolato-al-latte-finissimo-220-g-01.png')">
            <div class="hover"></div>
            
            <div class="stickers"></div>
        </div>
    </a>
    <div>
        <h4><a href="../uova-dolfin-alysel-220gr.html"><b>Uova Dolfin Alysel 220gr</b></a></h4>
        <p class="description">dolfin Alysel la Principessa dei Sogni Uovo di Cioccolato al Latte Finissimo 220 g</p>
        <p class="right price"><b>8.49 €</b></p>
        <p class="right unitPrice">38.59 € per kg</p>
    </div>
    <div class="contButton">
    <a class="button bgRed white addToCart" href="#">Add</a>
</div>
</div><div class="left product prod88"
        data-name="Uova Novi Nocciol Gia/fond 450"
        data-price="26.74"
        data-id="75191"
        data-available="yes"
        data-category="4748"
        data-bestselling="">
    <a href="../uova-novi-nocciol-giafond-450.html">
        <div style="background-image: url('../../cdn.spesati.com/images/products/000111125/novi-uovo-nocciolato-fondente-450-g-01.png')">
            <div class="hover"></div>
            
            <div class="stickers"></div>
        </div>
    </a>
    <div>
        <h4><a href="../uova-novi-nocciol-giafond-450.html"><b>Uova Novi Nocciol Gia/fond 450</b></a></h4>
        <p class="description">Novi Uovo Nocciolato Fondente 450 g</p>
        <p class="right price"><b>26.74 €</b></p>
        <p class="right unitPrice">59.43 € per kg</p>
    </div>
    <div class="contButton">
    <a class="button bgRed white addToCart" href="#">Add</a>
</div>
</div><div class="left product prod89"
        data-name="Ovetti Lindor Latte 180gr"
        data-price="5.49"
        data-id="25638"
        data-available="yes"
        data-category="4748"
        data-bestselling="">
    <a href="../ovetti-lindor-latte-180gr.html">
        <div style="background-image: url('../../cdn.spesati.com/images/products/000111115/lindt-lindor-ovetti-di-cioccolato-pasqua-cioccolato-al-latte-180g-01.png')">
            <div class="hover"></div>
            
            <div class="stickers"></div>
        </div>
    </a>
    <div>
        <h4><a href="../ovetti-lindor-latte-180gr.html"><b>Ovetti Lindor Latte 180gr</b></a></h4>
        <p class="description">Lindt Lindor Ovetti di cioccolato Pasqua Cioccolato al latte 180g</p>
        <p class="right price"><b>5.49 €</b></p>
        <p class="right unitPrice">30.50 € per kg</p>
    </div>
    <div class="contButton">
    <a class="button bgRed white addToCart" href="#">Add</a>
</div>
</div><div class="left product prod90"
        data-name="Ovetti Lindor Assortiti 180gr"
        data-price="5.49"
        data-id="25637"
        data-available="yes"
        data-category="4748"
        data-bestselling="1">
    <a href="../ovetti-lindor-assortiti-180gr.html">
        <div style="background-image: url('../../cdn.spesati.com/images/products/000111114/lindt-lindor-ovetti-di-cioccolato-pasqua-cioccolatini-assortiti-180g-01.png')">
            <div class="hover"></div>
            <p class="arrow bgRed white">Best Seller</p>
            <div class="stickers"></div>
        </div>
    </a>
    <div>
        <h4><a href="../ovetti-lindor-assortiti-180gr.html"><b>Ovetti Lindor Assortiti 180gr</b></a></h4>
        <p class="description">Lindt Lindor Ovetti di cioccolato Pasqua Cioccolatini assortiti 180g</p>
        <p class="right price"><b>5.49 €</b></p>
        <p class="right unitPrice">30.50 € per kg</p>
    </div>
    <div class="contButton">
    <a class="button bgRed white addToCart" href="#">Add</a>
</div>
</div><div class="left product prod91"
        data-name="Uova Lindor Latte 320gr"
        data-price="19.99"
        data-id="25636"
        data-available="yes"
        data-category="4748"
        data-bestselling="">
    <a href="../uova-lindor-latte-320gr.html">
        <div style="background-image: url('../../cdn.spesati.com/images/products/000111112/lindt-lindor-uova-di-cioccolato-pasqua-cioccolato-al-latte-320g-01.png')">
            <div class="hover"></div>
            
            <div class="stickers"></div>
        </div>
    </a>
    <div>
        <h4><a href="../uova-lindor-latte-320gr.html"><b>Uova Lindor Latte 320gr</b></a></h4>
        <p class="description">Lindt Lindor Uova di cioccolato Pasqua Cioccolato al latte 320g</p>
        <p class="right price"><b>19.99 €</b></p>
        <p class="right unitPrice">62.47 € per kg</p>
    </div>
    <div class="contButton">
    <a class="button bgRed white addToCart" href="#">Add</a>
</div>
</div><div class="left product prod92"
        data-name="Uovo Walcor Elite Latte 2kg"
        data-price="33.58"
        data-id="33811"
        data-available="yes"
        data-category="4748"
        data-bestselling="">
    <a href="../uovo-walcor-elite-latte-2kg.html">
        <div style="background-image: url('../../cdn.spesati.com/images/products/missing-image/missing-image.jpg')">
            <div class="hover"></div>
            
            <div class="stickers"></div>
        </div>
    </a>
    <div>
        <h4><a href="../uovo-walcor-elite-latte-2kg.html"><b>Uovo Walcor Elite Latte 2kg</b></a></h4>
        <p class="description">2 Kg</p>
        <p class="right price"><b>33.58 €</b></p>
        <p class="right unitPrice">16.79 € per kg</p>
    </div>
    <div class="contButton">
    <a class="button bgRed white addToCart" href="#">Add</a>
</div>
</div><div class="left product prod93"
        data-name="Uovo Walcor Elite Extrafon 2kg"
        data-price="29.99"
        data-id="33812"
        data-available="yes"
        data-category="4748"
        data-bestselling="">
    <a href="../uovo-walcor-elite-extrafon-2kg.html">
        <div style="background-image: url('../../cdn.spesati.com/images/products/missing-image/missing-image.jpg')">
            <div class="hover"></div>
            
            <div class="stickers"></div>
        </div>
    </a>
    <div>
        <h4><a href="../uovo-walcor-elite-extrafon-2kg.html"><b>Uovo Walcor Elite Extrafon 2kg</b></a></h4>
        <p class="description">2 Kg</p>
        <p class="right price"><b>29.99 €</b></p>
        <p class="right unitPrice">14.99 € per kg</p>
    </div>
    <div class="contButton">
    <a class="button bgRed white addToCart" href="#">Add</a>
</div>
</div><div class="left product prod94"
        data-name="Uovo Walcor Elite Latte 5kg"
        data-price="75.99"
        data-id="33813"
        data-available="yes"
        data-category="4748"
        data-bestselling="">
    <a href="../uovo-walcor-elite-latte-5kg.html">
        <div style="background-image: url('../../cdn.spesati.com/images/products/missing-image/missing-image.jpg')">
            <div class="hover"></div>
            
            <div class="stickers"></div>
        </div>
    </a>
    <div>
        <h4><a href="../uovo-walcor-elite-latte-5kg.html"><b>Uovo Walcor Elite Latte 5kg</b></a></h4>
        <p class="description">5 Kg</p>
        <p class="right price"><b>75.99 €</b></p>
        <p class="right unitPrice">15.20 € per kg</p>
    </div>
    <div class="contButton">
    <a class="button bgRed white addToCart" href="#">Add</a>
</div>
</div><div class="left product prod95"
        data-name="Uovo Walcor Elite Extrafond 5k"
        data-price="75.99"
        data-id="33814"
        data-available="yes"
        data-category="4748"
        data-bestselling="">
    <a href="../uovo-walcor-elite-extrafond-5k.html">
        <div style="background-image: url('../../cdn.spesati.com/images/products/missing-image/missing-image.jpg')">
            <div class="hover"></div>
            
            <div class="stickers"></div>
        </div>
    </a>
    <div>
        <h4><a href="../uovo-walcor-elite-extrafond-5k.html"><b>Uovo Walcor Elite Extrafond 5k</b></a></h4>
        <p class="description">5 Kg</p>
        <p class="right price"><b>75.99 €</b></p>
        <p class="right unitPrice">15.20 € per kg</p>
    </div>
    <div class="contButton">
    <a class="button bgRed white addToCart" href="#">Add</a>
</div>
</div><div class="left product prod96"
        data-name="Uovo Walcor Elite Latte 10kg"
        data-price="129.99"
        data-id="33815"
        data-available="yes"
        data-category="4748"
        data-bestselling="">
    <a href="../uovo-walcor-elite-latte-10kg.html">
        <div style="background-image: url('../../cdn.spesati.com/images/products/missing-image/missing-image.jpg')">
            <div class="hover"></div>
            
            <div class="stickers"></div>
        </div>
    </a>
    <div>
        <h4><a href="../uovo-walcor-elite-latte-10kg.html"><b>Uovo Walcor Elite Latte 10kg</b></a></h4>
        <p class="description">10 Kg</p>
        <p class="right price"><b>129.99 €</b></p>
        <p class="right unitPrice">13.00 € per kg</p>
    </div>
    <div class="contButton">
    <a class="button bgRed white addToCart" href="#">Add</a>
</div>
</div><div class="left product prod97"
        data-name="Uovo Walcor Elite Extrafon 10k"
        data-price="129.99"
        data-id="33816"
        data-available="yes"
        data-category="4748"
        data-bestselling="">
    <a href="../uovo-walcor-elite-extrafon-10k.html">
        <div style="background-image: url('../../cdn.spesati.com/images/products/missing-image/missing-image.jpg')">
            <div class="hover"></div>
            
            <div class="stickers"></div>
        </div>
    </a>
    <div>
        <h4><a href="../uovo-walcor-elite-extrafon-10k.html"><b>Uovo Walcor Elite Extrafon 10k</b></a></h4>
        <p class="description">10 Kg</p>
        <p class="right price"><b>129.99 €</b></p>
        <p class="right unitPrice">13.00 € per kg</p>
    </div>
    <div class="contButton">
    <a class="button bgRed white addToCart" href="#">Add</a>
</div>
</div><div class="left product prod98"
        data-name="Colomba Vergani Classica Inc Kg1"
        data-price="19.75"
        data-id="65898"
        data-available="yes"
        data-category="4748"
        data-bestselling="">
    <a href="../colomba-vergani-classica-inc-kg1.html">
        <div style="background-image: url('../../cdn.spesati.com/images/products/missing-image/missing-image.jpg')">
            <div class="hover"></div>
            
            <div class="stickers"></div>
        </div>
    </a>
    <div>
        <h4><a href="../colomba-vergani-classica-inc-kg1.html"><b>Colomba Vergani Classica Inc Kg1</b></a></h4>
        <p class="description">1 Kg</p>
        <p class="right price"><b>19.75 €</b></p>
        <p class="right unitPrice">19.75 € per kg</p>
    </div>
    <div class="contButton">
    <a class="button bgRed white addToCart" href="#">Add</a>
</div>
</div><div class="left product prod99"
        data-name="Uova Paluani Thun Latte"
        data-price="13.03"
        data-id="65916"
        data-available="yes"
        data-category="4748"
        data-bestselling="">
    <a href="../uova-paluani-thun-latte.html">
        <div style="background-image: url('../../cdn.spesati.com/images/products/missing-image/missing-image.jpg')">
            <div class="hover"></div>
            
            <div class="stickers"></div>
        </div>
    </a>
    <div>
        <h4><a href="../uova-paluani-thun-latte.html"><b>Uova Paluani Thun Latte</b></a></h4>
        <p class="description">0.24 Kg</p>
        <p class="right price"><b>13.03 €</b></p>
        <p class="right unitPrice">54.31 € per kg</p>
    </div>
    <div class="contButton">
    <a class="button bgRed white addToCart" href="#">Add</a>
</div>
</div><div class="left product prod100"
        data-name="Uova Paluani Thun Fondente"
        data-price="13.03"
        data-id="65919"
        data-available="yes"
        data-category="4748"
        data-bestselling="">
    <a href="../uova-paluani-thun-fondente.html">
        <div style="background-image: url('../../cdn.spesati.com/images/products/missing-image/missing-image.jpg')">
            <div class="hover"></div>
            
            <div class="stickers"></div>
        </div>
    </a>
    <div>
        <h4><a href="../uova-paluani-thun-fondente.html"><b>Uova Paluani Thun Fondente</b></a></h4>
        <p class="description">0.24 Kg</p>
        <p class="right price"><b>13.03 €</b></p>
        <p class="right unitPrice">54.30 € per kg</p>
    </div>
    <div class="contButton">
    <a class="button bgRed white addToCart" href="#">Add</a>
</div>
</div><div class="left product prod101"
        data-name="Uova Pernig Nocciol Class 400g"
        data-price="19.90"
        data-id="75381"
        data-available="yes"
        data-category="4748"
        data-bestselling="">
    <a href="../uova-pernig-nocciol-class-400g.html">
        <div style="background-image: url('../../cdn.spesati.com/images/products/missing-image/missing-image.jpg')">
            <div class="hover"></div>
            
            <div class="stickers"></div>
        </div>
    </a>
    <div>
        <h4><a href="../uova-pernig-nocciol-class-400g.html"><b>Uova Pernig Nocciol Class 400g</b></a></h4>
        <p class="description">0.4 Kg</p>
        <p class="right price"><b>19.90 €</b></p>
        <p class="right unitPrice">49.75 € per kg</p>
    </div>
    <div class="contButton">
    <a class="button bgRed white addToCart" href="#">Add</a>
</div>
</div><div class="left product prod102"
        data-name="Colomba Pula Mandorl Cell 750g"
        data-price="8.99"
        data-id="83312"
        data-available="yes"
        data-category="4748"
        data-bestselling="">
    <a href="../colomba-pula-mandorl-cell-750g.html">
        <div style="background-image: url('../../cdn.spesati.com/images/products/missing-image/missing-image.jpg')">
            <div class="hover"></div>
            
            <div class="stickers"></div>
        </div>
    </a>
    <div>
        <h4><a href="../colomba-pula-mandorl-cell-750g.html"><b>Colomba Pula Mandorl Cell 750g</b></a></h4>
        <p class="description">0.75 Kg</p>
        <p class="right price"><b>8.99 €</b></p>
        <p class="right unitPrice">11.99 € per kg</p>
    </div>
    <div class="contButton">
    <a class="button bgRed white addToCart" href="#">Add</a>
</div>
</div><div class="left product prod103"
        data-name="Campana Dolcerie Venez 150gr"
        data-price="7.90"
        data-id="27355"
        data-available="yes"
        data-category="4748"
        data-bestselling="">
    <a href="../campana-dolcerie-venez-150gr.html">
        <div style="background-image: url('../../cdn.spesati.com/images/products/missing-image/missing-image.jpg')">
            <div class="hover"></div>
            
            <div class="stickers"></div>
        </div>
    </a>
    <div>
        <h4><a href="../campana-dolcerie-venez-150gr.html"><b>Campana Dolcerie Venez 150gr</b></a></h4>
        <p class="description">0.15 Kg</p>
        <p class="right price"><b>7.90 €</b></p>
        <p class="right unitPrice">52.69 € per kg</p>
    </div>
    <div class="contButton">
    <a class="button bgRed white addToCart" href="#">Add</a>
</div>
</div><div class="left product prod104"
        data-name="Uovo Walcor Pasqui' Latte 800g"
        data-price="8.99"
        data-id="27361"
        data-available="yes"
        data-category="4748"
        data-bestselling="">
    <a href="../uovo-walcor-pasqui-latte-800g.html">
        <div style="background-image: url('../../cdn.spesati.com/images/products/missing-image/missing-image.jpg')">
            <div class="hover"></div>
            
            <div class="stickers"></div>
        </div>
    </a>
    <div>
        <h4><a href="../uovo-walcor-pasqui-latte-800g.html"><b>Uovo Walcor Pasqui' Latte 800g</b></a></h4>
        <p class="description">0.8 Kg</p>
        <p class="right price"><b>8.99 €</b></p>
        <p class="right unitPrice">11.24 € per kg</p>
    </div>
    <div class="contButton">
    <a class="button bgRed white addToCart" href="#">Add</a>
</div>
</div><div class="left product prod105"
        data-name="Uovo Walcor Pasqui' Fond 800g"
        data-price="8.99"
        data-id="27362"
        data-available="yes"
        data-category="4748"
        data-bestselling="">
    <a href="../uovo-walcor-pasqui-fond-800g.html">
        <div style="background-image: url('../../cdn.spesati.com/images/products/missing-image/missing-image.jpg')">
            <div class="hover"></div>
            
            <div class="stickers"></div>
        </div>
    </a>
    <div>
        <h4><a href="../uovo-walcor-pasqui-fond-800g.html"><b>Uovo Walcor Pasqui' Fond 800g</b></a></h4>
        <p class="description">0.8 Kg</p>
        <p class="right price"><b>8.99 €</b></p>
        <p class="right unitPrice">11.24 € per kg</p>
    </div>
    <div class="contButton">
    <a class="button bgRed white addToCart" href="#">Add</a>
</div>
</div><div class="left product prod106"
        data-name="Uovo Pavoncell Cagliar Lat 180"
        data-price="11.99"
        data-id="27424"
        data-available="yes"
        data-category="4748"
        data-bestselling="">
    <a href="../uovo-pavoncell-cagliar-lat-180.html">
        <div style="background-image: url('../../cdn.spesati.com/images/products/missing-image/missing-image.jpg')">
            <div class="hover"></div>
            
            <div class="stickers"></div>
        </div>
    </a>
    <div>
        <h4><a href="../uovo-pavoncell-cagliar-lat-180.html"><b>Uovo Pavoncell Cagliar Lat 180</b></a></h4>
        <p class="description">0.18 Kg</p>
        <p class="right price"><b>11.99 €</b></p>
        <p class="right unitPrice">66.62 € per kg</p>
    </div>
    <div class="contButton">
    <a class="button bgRed white addToCart" href="#">Add</a>
</div>
</div><div class="left product prod107"
        data-name="Cioc Ferr K Sorpresa Maxi T2,5"
        data-price="4.99"
        data-id="33853"
        data-available="no"
        data-category="4748"
        data-bestselling="">
    <a href="../cioc-ferr-k-sorpresa-maxi-t25.html">
        <div style="background-image: url('../../cdn.spesati.com/images/products/000502623/kinder-sorpresa-maxi-100-g-01.png')">
            <div class="hover"></div>
            
            <div class="stickers"></div>
        </div>
    </a>
    <div>
        <h4><a href="../cioc-ferr-k-sorpresa-maxi-t25.html"><b>Cioc Ferr K Sorpresa Maxi T2,5</b></a></h4>
        <p class="description">Kinder Sorpresa Maxi 100 g</p>
        <p class="right price"><b>4.99 €</b></p>
        <p class="right unitPrice">49.90 € per kg</p>
    </div>
    <div class="notAvailable">
    <a class="button bgDarkGrey white" href="../cioc-ferr-k-sorpresa-maxi-t25.html">Not available</a>
</div>
</div><div class="left product prod108"
        data-name="Uovo Baloc Latt Casa Carta 320"
        data-price="14.90"
        data-id="75408"
        data-available="no"
        data-category="4748"
        data-bestselling="">
    <a href="../uovo-baloc-latt-casa-carta-320.html">
        <div style="background-image: url('../../cdn.spesati.com/images/products/000472636/balocco-uovo-cioccolato-finissimo-al-latte-la-casa-de-papel-320-g-01.png')">
            <div class="hover"></div>
            
            <div class="stickers"></div>
        </div>
    </a>
    <div>
        <h4><a href="../uovo-baloc-latt-casa-carta-320.html"><b>Uovo Baloc Latt Casa Carta 320</b></a></h4>
        <p class="description">Balocco Uovo Cioccolato Finissimo al Latte la Casa de Papel 320 g</p>
        <p class="right price"><b>14.90 €</b></p>
        <p class="right unitPrice">46.56 € per kg</p>
    </div>
    <div class="notAvailable">
    <a class="button bgDarkGrey white" href="../uovo-baloc-latt-casa-carta-320.html">Not available</a>
</div>
</div><div class="left product prod109"
        data-name="Ovetti Pr Me Contro Te Tripack"
        data-price="3.23"
        data-id="71334"
        data-available="no"
        data-category="4748"
        data-bestselling="">
    <a href="../ovetti-pr-me-contro-te-tripack.html">
        <div style="background-image: url('../../cdn.spesati.com/images/products/000472345/dolci-preziosi-3-ovetti-di-cioccolato-finissimo-al-latte-con-sorpresa-me-contro-te-3-x-20-g-01.png')">
            <div class="hover"></div>
            
            <div class="stickers"></div>
        </div>
    </a>
    <div>
        <h4><a href="../ovetti-pr-me-contro-te-tripack.html"><b>Ovetti Pr Me Contro Te Tripack</b></a></h4>
        <p class="description">Dolci Preziosi 3 Ovetti di Cioccolato Finissimo al Latte con Sorpresa Me Contro Te 3 x 20 g</p>
        <p class="right price"><b>3.23 €</b></p>
        <p class="right unitPrice">53.88 € per kg</p>
    </div>
    <div class="notAvailable">
    <a class="button bgDarkGrey white" href="../ovetti-pr-me-contro-te-tripack.html">Not available</a>
</div>
</div><div class="left product prod110"
        data-name="Uovo Ferrero Bing 150gr"
        data-price="12.99"
        data-id="84128"
        data-available="no"
        data-category="4748"
        data-bestselling="">
    <a href="../uovo-ferrero-bing-150gr.html">
        <div style="background-image: url('../../cdn.spesati.com/images/products/000444042/kinder-gransorpresa-bing-150-g-01.png')">
            <div class="hover"></div>
            
            <div class="stickers"></div>
        </div>
    </a>
    <div>
        <h4><a href="../uovo-ferrero-bing-150gr.html"><b>Uovo Ferrero Bing 150gr</b></a></h4>
        <p class="description">Kinder GranSorpresa Bing 150 g</p>
        <p class="right price"><b>12.99 €</b></p>
        <p class="right unitPrice">86.60 € per kg</p>
    </div>
    <div class="notAvailable">
    <a class="button bgDarkGrey white" href="../uovo-ferrero-bing-150gr.html">Not available</a>
</div>
</div><div class="left product prod111"
        data-name="Ovett Vial Mand/aran Fond 150"
        data-price="3.99"
        data-id="84125"
        data-available="no"
        data-category="4748"
        data-bestselling="">
    <a href="../ovett-vial-mandaran-fond-150.html">
        <div style="background-image: url('../../cdn.spesati.com/images/products/000444041/vialetto-gli-ovetti-di-pino-il-pulcino-fondente-con-crema-al-cacao-mandorla-e-arancia-150-g-01.png')">
            <div class="hover"></div>
            
            <div class="stickers"></div>
        </div>
    </a>
    <div>
        <h4><a href="../ovett-vial-mandaran-fond-150.html"><b>Ovett Vial Mand/aran Fond 150</b></a></h4>
        <p class="description">Vialetto gli Ovetti di Pino il Pulcino Fondente con Crema al Cacao, Mandorla e Arancia 150 g</p>
        <p class="right price"><b>3.99 €</b></p>
        <p class="right unitPrice">26.60 € per kg</p>
    </div>
    <div class="notAvailable">
    <a class="button bgDarkGrey white" href="../ovett-vial-mandaran-fond-150.html">Not available</a>
</div>
</div><div class="left product prod112"
        data-name="Ovetti Perugin After Eight 150"
        data-price="3.99"
        data-id="84092"
        data-available="no"
        data-category="4748"
        data-bestselling="">
    <a href="../ovetti-perugin-after-eight-150.html">
        <div style="background-image: url('../../cdn.spesati.com/images/products/000444017/nestle-after-eight-ovetti-di-cioccolato-fondente-ripieno-alla-menta-153-g-01.png')">
            <div class="hover"></div>
            
            <div class="stickers"></div>
        </div>
    </a>
    <div>
        <h4><a href="../ovetti-perugin-after-eight-150.html"><b>Ovetti Perugin After Eight 150</b></a></h4>
        <p class="description">NESTLÉ AFTER EIGHT Ovetti di Cioccolato Fondente Ripieno alla Menta 153 g</p>
        <p class="right price"><b>3.99 €</b></p>
        <p class="right unitPrice">26.60 € per kg</p>
    </div>
    <div class="notAvailable">
    <a class="button bgDarkGrey white" href="../ovetti-perugin-after-eight-150.html">Not available</a>
</div>
</div><div class="left product prod113"
        data-name="Ovetti Prez Minions Trip 128pz"
        data-price="3.23"
        data-id="80756"
        data-available="no"
        data-category="4748"
        data-bestselling="">
    <a href="../ovetti-prez-minions-trip-128pz.html">
        <div style="background-image: url('../../cdn.spesati.com/images/products/000443051/dolci-preziosi-3-ovetti-di-cioccolato-finissimo-al-latte-con-sorpresa-minions-3-x-20-g-01.png')">
            <div class="hover"></div>
            
            <div class="stickers"></div>
        </div>
    </a>
    <div>
        <h4><a href="../ovetti-prez-minions-trip-128pz.html"><b>Ovetti Prez Minions Trip 128pz</b></a></h4>
        <p class="description">Dolci Preziosi 3 Ovetti di Cioccolato Finissimo al Latte con Sorpresa minions 3 x 20 g</p>
        <p class="right price"><b>3.23 €</b></p>
        <p class="right unitPrice">53.88 € per kg</p>
    </div>
    <div class="notAvailable">
    <a class="button bgDarkGrey white" href="../ovetti-prez-minions-trip-128pz.html">Not available</a>
</div>
</div><div class="left product prod114"
        data-name="Uovo Ferrero Rocher Dark 175gr"
        data-price="10.99"
        data-id="75378"
        data-available="no"
        data-category="4748"
        data-bestselling="">
    <a href="../uovo-ferrero-rocher-dark-175gr.html">
        <div style="background-image: url('../../cdn.spesati.com/images/products/000136541/ferrero-rocher-pasqua-doro-cioccolato-fondente-con-nocciole-2125-g-01.png')">
            <div class="hover"></div>
            
            <div class="stickers"></div>
        </div>
    </a>
    <div>
        <h4><a href="../uovo-ferrero-rocher-dark-175gr.html"><b>Uovo Ferrero Rocher Dark 175gr</b></a></h4>
        <p class="description">Ferrero Rocher Pasqua d'Oro Cioccolato Fondente con Nocciole 212,5 g</p>
        <p class="right price"><b>10.99 €</b></p>
        <p class="right unitPrice">61.06 € per kg</p>
    </div>
    <div class="notAvailable">
    <a class="button bgDarkGrey white" href="../uovo-ferrero-rocher-dark-175gr.html">Not available</a>
</div>
</div><div class="left product prod115"
        data-name="Colomba Nutrif S-g S-l Cio 550"
        data-price="8.49"
        data-id="27445"
        data-available="no"
        data-category="4748"
        data-bestselling="">
    <a href="../colomba-nutrif-s-g-s-l-cio-550.html">
        <div style="background-image: url('../../cdn.spesati.com/images/products/000133017/nutrifree-colomba-con-gocce-di-cioccolato-550-g-01.png')">
            <div class="hover"></div>
            
            <div class="stickers"></div>
        </div>
    </a>
    <div>
        <h4><a href="../colomba-nutrif-s-g-s-l-cio-550.html"><b>Colomba Nutrif S-g S-l Cio 550</b></a></h4>
        <p class="description">Nutrifree Colomba con Gocce di Cioccolato 550 g</p>
        <p class="right price"><b>8.49 €</b></p>
        <p class="right unitPrice">15.43 € per kg</p>
    </div>
    <div class="notAvailable">
    <a class="button bgDarkGrey white" href="../colomba-nutrif-s-g-s-l-cio-550.html">Not available</a>
</div>
</div><div class="left product prod116"
        data-name="Colomba Nutrifr S-g S-l 550gr"
        data-price="8.49"
        data-id="27444"
        data-available="no"
        data-category="4748"
        data-bestselling="">
    <a href="../colomba-nutrifr-s-g-s-l-550gr.html">
        <div style="background-image: url('../../cdn.spesati.com/images/products/000133016/nutrifree-colomba-classica-550-g-01.png')">
            <div class="hover"></div>
            
            <div class="stickers"></div>
        </div>
    </a>
    <div>
        <h4><a href="../colomba-nutrifr-s-g-s-l-550gr.html"><b>Colomba Nutrifr S-g S-l 550gr</b></a></h4>
        <p class="description">Nutrifree Colomba Classica 550 g</p>
        <p class="right price"><b>8.49 €</b></p>
        <p class="right unitPrice">15.43 € per kg</p>
    </div>
    <div class="notAvailable">
    <a class="button bgDarkGrey white" href="../colomba-nutrifr-s-g-s-l-550gr.html">Not available</a>
</div>
</div><div class="left product prod117"
        data-name="Mini Ovetti Witors Fon/noc 500"
        data-price="3.99"
        data-id="65640"
        data-available="no"
        data-category="4748"
        data-bestselling="">
    <a href="../mini-ovetti-witors-fonnoc-500.html">
        <div style="background-image: url('../../cdn.spesati.com/images/products/000132827/witors-mini-ovetti-fondente-con-ripieno-di-crema-alla-nocciola-500-g-01.png')">
            <div class="hover"></div>
            
            <div class="stickers"></div>
        </div>
    </a>
    <div>
        <h4><a href="../mini-ovetti-witors-fonnoc-500.html"><b>Mini Ovetti Witors Fon/noc 500</b></a></h4>
        <p class="description">Witor's Mini Ovetti Fondente con Ripieno di Crema alla Nocciola 500 g</p>
        <p class="right price"><b>3.99 €</b></p>
        <p class="right unitPrice">7.98 € per kg</p>
    </div>
    <div class="notAvailable">
    <a class="button bgDarkGrey white" href="../mini-ovetti-witors-fonnoc-500.html">Not available</a>
</div>
</div><div class="left product prod118"
        data-name="Colomba Maina Classica 750gr"
        data-price="6.45"
        data-id="27389"
        data-available="no"
        data-category="4748"
        data-bestselling="">
    <a href="../colomba-maina-classica-750gr.html">
        <div style="background-image: url('../../cdn.spesati.com/images/products/000132517/maina-la-gran-colomba-classica-750-g-01.png')">
            <div class="hover"></div>
            
            <div class="stickers"></div>
        </div>
    </a>
    <div>
        <h4><a href="../colomba-maina-classica-750gr.html"><b>Colomba Maina Classica 750gr</b></a></h4>
        <p class="description">Maina la Gran Colomba Classica 750 g</p>
        <p class="right price"><b>6.45 €</b></p>
        <p class="right unitPrice">8.60 € per kg</p>
    </div>
    <div class="notAvailable">
    <a class="button bgDarkGrey white" href="../colomba-maina-classica-750gr.html">Not available</a>
</div>
</div><div class="left product prod119"
        data-name="Mini Ovetti Witors Lat-lat 500"
        data-price="3.99"
        data-id="27350"
        data-available="no"
        data-category="4748"
        data-bestselling="">
    <a href="../mini-ovetti-witors-lat-lat-500.html">
        <div style="background-image: url('../../cdn.spesati.com/images/products/000132122/witors-mini-ovetti-latte-con-ripieno-di-crema-al-latte-500-g-01.png')">
            <div class="hover"></div>
            
            <div class="stickers"></div>
        </div>
    </a>
    <div>
        <h4><a href="../mini-ovetti-witors-lat-lat-500.html"><b>Mini Ovetti Witors Lat-lat 500</b></a></h4>
        <p class="description">Witor's Mini Ovetti Latte con Ripieno di Crema al Latte 500 g</p>
        <p class="right price"><b>3.99 €</b></p>
        <p class="right unitPrice">7.98 € per kg</p>
    </div>
    <div class="notAvailable">
    <a class="button bgDarkGrey white" href="../mini-ovetti-witors-lat-lat-500.html">Not available</a>
</div>
</div><div class="left product prod120"
        data-name="Mini Ovetti Witors Lat-noc 500"
        data-price="3.99"
        data-id="27349"
        data-available="no"
        data-category="4748"
        data-bestselling="">
    <a href="../mini-ovetti-witors-lat-noc-500.html">
        <div style="background-image: url('../../cdn.spesati.com/images/products/000132121/witors-mini-ovetti-latte-con-ripieno-di-crema-alla-nocciola-500-g-01.png')">
            <div class="hover"></div>
            
            <div class="stickers"></div>
        </div>
    </a>
    <div>
        <h4><a href="../mini-ovetti-witors-lat-noc-500.html"><b>Mini Ovetti Witors Lat-noc 500</b></a></h4>
        <p class="description">Witor's Mini Ovetti Latte con Ripieno di Crema alla Nocciola 500 g</p>
        <p class="right price"><b>3.99 €</b></p>
        <p class="right unitPrice">7.98 € per kg</p>
    </div>
    <div class="notAvailable">
    <a class="button bgDarkGrey white" href="../mini-ovetti-witors-lat-noc-500.html">Not available</a>
</div>
</div><div class="left product prod121"
        data-name="Colomba Balocco Clas Latta 750"
        data-price="10.99"
        data-id="27209"
        data-available="no"
        data-category="4748"
        data-bestselling="">
    <a href="../colomba-balocco-clas-latta-750.html">
        <div style="background-image: url('../../cdn.spesati.com/images/products/000130226/balocco-la-colomba-classica-750-g-01.png')">
            <div class="hover"></div>
            
            <div class="stickers"></div>
        </div>
    </a>
    <div>
        <h4><a href="../colomba-balocco-clas-latta-750.html"><b>Colomba Balocco Clas Latta 750</b></a></h4>
        <p class="description">Balocco la Colomba Classica 750 g</p>
        <p class="right price"><b>10.99 €</b></p>
        <p class="right unitPrice">14.65 € per kg</p>
    </div>
    <div class="notAvailable">
    <a class="button bgDarkGrey white" href="../colomba-balocco-clas-latta-750.html">Not available</a>
</div>
</div><div class="left product prod122"
        data-name="Conf Balocco Colomba C-uovo"
        data-price="10.99"
        data-id="27208"
        data-available="no"
        data-category="4748"
        data-bestselling="">
    <a href="../conf-balocco-colomba-c-uovo.html">
        <div style="background-image: url('../../cdn.spesati.com/images/products/000130225/balocco-dolce-pasqua-la-colomba-750-g-uovo-di-cioccolato-al-latte-150-g-01.png')">
            <div class="hover"></div>
            
            <div class="stickers"></div>
        </div>
    </a>
    <div>
        <h4><a href="../conf-balocco-colomba-c-uovo.html"><b>Conf Balocco Colomba C-uovo</b></a></h4>
        <p class="description">Balocco Dolce Pasqua la Colomba 750 g & Uovo di Cioccolato al Latte 150 g</p>
        <p class="right price"><b>10.99 €</b></p>
        <p class="right unitPrice">12.21 € per kg</p>
    </div>
    <div class="notAvailable">
    <a class="button bgDarkGrey white" href="../conf-balocco-colomba-c-uovo.html">Not available</a>
</div>
</div><div class="left product prod123"
        data-name="Colomba Maina Tuttifrutti 1kg"
        data-price="13.48"
        data-id="27197"
        data-available="no"
        data-category="4748"
        data-bestselling="">
    <a href="../colomba-maina-tuttifrutti-1kg.html">
        <div style="background-image: url('../../cdn.spesati.com/images/products/000130150/maina-colomba-tutti-frutti-1000-g-01.png')">
            <div class="hover"></div>
            
            <div class="stickers"></div>
        </div>
    </a>
    <div>
        <h4><a href="../colomba-maina-tuttifrutti-1kg.html"><b>Colomba Maina Tuttifrutti 1kg</b></a></h4>
        <p class="description">Maina Colomba Tutti Frutti 1000 g</p>
        <p class="right price"><b>13.48 €</b></p>
        <p class="right unitPrice">13.48 € per kg</p>
    </div>
    <div class="notAvailable">
    <a class="button bgDarkGrey white" href="../colomba-maina-tuttifrutti-1kg.html">Not available</a>
</div>
</div><div class="left product prod124"
        data-name="Colomba Maina Classica Cell 500Gr"
        data-price="5.28"
        data-id="6694"
        data-available="no"
        data-category="4748"
        data-bestselling="">
    <a href="../colomba-maina-classica-cell-500gr.html">
        <div style="background-image: url('../../cdn.spesati.com/images/products/missing-image/missing-image.jpg')">
            <div class="hover"></div>
            
            <div class="stickers"></div>
        </div>
    </a>
    <div>
        <h4><a href="../colomba-maina-classica-cell-500gr.html"><b>Colomba Maina Classica Cell 500Gr</b></a></h4>
        <p class="description">0.5 Kg</p>
        <p class="right price"><b>5.28 €</b></p>
        <p class="right unitPrice">10.56 € per kg</p>
    </div>
    <div class="notAvailable">
    <a class="button bgDarkGrey white" href="../colomba-maina-classica-cell-500gr.html">Not available</a>
</div>
</div><div class="left product prod125"
        data-name="Colomba Maina Senza Canditi Cell 500Gr"
        data-price="5.28"
        data-id="6696"
        data-available="no"
        data-category="4748"
        data-bestselling="">
    <a href="../colomba-maina-senza-canditi-cell-500gr.html">
        <div style="background-image: url('../../cdn.spesati.com/images/products/missing-image/missing-image.jpg')">
            <div class="hover"></div>
            
            <div class="stickers"></div>
        </div>
    </a>
    <div>
        <h4><a href="../colomba-maina-senza-canditi-cell-500gr.html"><b>Colomba Maina Senza Canditi Cell 500Gr</b></a></h4>
        <p class="description">0.5 Kg</p>
        <p class="right price"><b>5.28 €</b></p>
        <p class="right unitPrice">10.56 € per kg</p>
    </div>
    <div class="notAvailable">
    <a class="button bgDarkGrey white" href="../colomba-maina-senza-canditi-cell-500gr.html">Not available</a>
</div>
</div><div class="left product prod126"
        data-name="Colomba Rdg Pera Ciocc 1000gr"
        data-price="11.99"
        data-id="75384"
        data-available="no"
        data-category="4748"
        data-bestselling="">
    <a href="../colomba-rdg-pera-ciocc-1000gr.html">
        <div style="background-image: url('../../cdn.spesati.com/images/products/missing-image/missing-image.jpg')">
            <div class="hover"></div>
            
            <div class="stickers"></div>
        </div>
    </a>
    <div>
        <h4><a href="../colomba-rdg-pera-ciocc-1000gr.html"><b>Colomba Rdg Pera Ciocc 1000gr</b></a></h4>
        <p class="description">1 Kg</p>
        <p class="right price"><b>11.99 €</b></p>
        <p class="right unitPrice">11.99 € per kg</p>
    </div>
    <div class="notAvailable">
    <a class="button bgDarkGrey white" href="../colomba-rdg-pera-ciocc-1000gr.html">Not available</a>
</div>
</div><div class="left product prod127"
        data-name="Colomba Rdg Cioc Agrumi 1000gr"
        data-price="11.99"
        data-id="75387"
        data-available="no"
        data-category="4748"
        data-bestselling="">
    <a href="../colomba-rdg-cioc-agrumi-1000gr.html">
        <div style="background-image: url('../../cdn.spesati.com/images/products/missing-image/missing-image.jpg')">
            <div class="hover"></div>
            
            <div class="stickers"></div>
        </div>
    </a>
    <div>
        <h4><a href="../colomba-rdg-cioc-agrumi-1000gr.html"><b>Colomba Rdg Cioc Agrumi 1000gr</b></a></h4>
        <p class="description">1 Kg</p>
        <p class="right price"><b>11.99 €</b></p>
        <p class="right unitPrice">11.99 € per kg</p>
    </div>
    <div class="notAvailable">
    <a class="button bgDarkGrey white" href="../colomba-rdg-cioc-agrumi-1000gr.html">Not available</a>
</div>
</div><div class="left product prod128"
        data-name="Colomba Rdg S/canditi 1000gr"
        data-price="10.99"
        data-id="75393"
        data-available="no"
        data-category="4748"
        data-bestselling="">
    <a href="../colomba-rdg-scanditi-1000gr.html">
        <div style="background-image: url('../../cdn.spesati.com/images/products/missing-image/missing-image.jpg')">
            <div class="hover"></div>
            
            <div class="stickers"></div>
        </div>
    </a>
    <div>
        <h4><a href="../colomba-rdg-scanditi-1000gr.html"><b>Colomba Rdg S/canditi 1000gr</b></a></h4>
        <p class="description">1 Kg</p>
        <p class="right price"><b>10.99 €</b></p>
        <p class="right unitPrice">10.99 € per kg</p>
    </div>
    <div class="notAvailable">
    <a class="button bgDarkGrey white" href="../colomba-rdg-scanditi-1000gr.html">Not available</a>
</div>
</div><div class="left product prod129"
        data-name="Colomba Rdg Cioccolato 1000gr"
        data-price="14.45"
        data-id="75396"
        data-available="no"
        data-category="4748"
        data-bestselling="">
    <a href="../colomba-rdg-cioccolato-1000gr.html">
        <div style="background-image: url('../../cdn.spesati.com/images/products/missing-image/missing-image.jpg')">
            <div class="hover"></div>
            
            <div class="stickers"></div>
        </div>
    </a>
    <div>
        <h4><a href="../colomba-rdg-cioccolato-1000gr.html"><b>Colomba Rdg Cioccolato 1000gr</b></a></h4>
        <p class="description">1 Kg</p>
        <p class="right price"><b>14.45 €</b></p>
        <p class="right unitPrice">14.45 € per kg</p>
    </div>
    <div class="notAvailable">
    <a class="button bgDarkGrey white" href="../colomba-rdg-cioccolato-1000gr.html">Not available</a>
</div>
</div><div class="left product prod130"
        data-name="Uovo Rdg Total Black 250g"
        data-price="15.99"
        data-id="75429"
        data-available="no"
        data-category="4748"
        data-bestselling="">
    <a href="../uovo-rdg-total-black-250g.html">
        <div style="background-image: url('../../cdn.spesati.com/images/products/missing-image/missing-image.jpg')">
            <div class="hover"></div>
            
            <div class="stickers"></div>
        </div>
    </a>
    <div>
        <h4><a href="../uovo-rdg-total-black-250g.html"><b>Uovo Rdg Total Black 250g</b></a></h4>
        <p class="description">0.25 Kg</p>
        <p class="right price"><b>15.99 €</b></p>
        <p class="right unitPrice">63.95 € per kg</p>
    </div>
    <div class="notAvailable">
    <a class="button bgDarkGrey white" href="../uovo-rdg-total-black-250g.html">Not available</a>
</div>
</div><div class="left product prod131"
        data-name="Uovo Rdg Sale Hawaii 250g"
        data-price="15.99"
        data-id="75432"
        data-available="no"
        data-category="4748"
        data-bestselling="">
    <a href="../uovo-rdg-sale-hawaii-250g.html">
        <div style="background-image: url('../../cdn.spesati.com/images/products/missing-image/missing-image.jpg')">
            <div class="hover"></div>
            
            <div class="stickers"></div>
        </div>
    </a>
    <div>
        <h4><a href="../uovo-rdg-sale-hawaii-250g.html"><b>Uovo Rdg Sale Hawaii 250g</b></a></h4>
        <p class="description">0.25 Kg</p>
        <p class="right price"><b>15.99 €</b></p>
        <p class="right unitPrice">63.95 € per kg</p>
    </div>
    <div class="notAvailable">
    <a class="button bgDarkGrey white" href="../uovo-rdg-sale-hawaii-250g.html">Not available</a>
</div>
</div><div class="left product prod132"
        data-name="Uovo Rdg Marmor 3 Ciocc 250gr"
        data-price="15.99"
        data-id="75435"
        data-available="no"
        data-category="4748"
        data-bestselling="">
    <a href="../uovo-rdg-marmor-3-ciocc-250gr.html">
        <div style="background-image: url('../../cdn.spesati.com/images/products/missing-image/missing-image.jpg')">
            <div class="hover"></div>
            
            <div class="stickers"></div>
        </div>
    </a>
    <div>
        <h4><a href="../uovo-rdg-marmor-3-ciocc-250gr.html"><b>Uovo Rdg Marmor 3 Ciocc 250gr</b></a></h4>
        <p class="description">0.25 Kg</p>
        <p class="right price"><b>15.99 €</b></p>
        <p class="right unitPrice">63.95 € per kg</p>
    </div>
    <div class="notAvailable">
    <a class="button bgDarkGrey white" href="../uovo-rdg-marmor-3-ciocc-250gr.html">Not available</a>
</div>
</div><div class="left product prod133"
        data-name="Colomba Rau Classica 1kg"
        data-price="25.99"
        data-id="27330"
        data-available="no"
        data-category="4748"
        data-bestselling="">
    <a href="../colomba-rau-classica-1kg.html">
        <div style="background-image: url('../../cdn.spesati.com/images/products/missing-image/missing-image.jpg')">
            <div class="hover"></div>
            
            <div class="stickers"></div>
        </div>
    </a>
    <div>
        <h4><a href="../colomba-rau-classica-1kg.html"><b>Colomba Rau Classica 1kg</b></a></h4>
        <p class="description">1 Kg</p>
        <p class="right price"><b>25.99 €</b></p>
        <p class="right unitPrice">25.99 € per kg</p>
    </div>
    <div class="notAvailable">
    <a class="button bgDarkGrey white" href="../colomba-rau-classica-1kg.html">Not available</a>
</div>
</div><div class="left product prod134"
        data-name="Uovo Rdg Cioc Bco Pistacch 340"
        data-price="19.99"
        data-id="83507"
        data-available="no"
        data-category="4748"
        data-bestselling="">
    <a href="../uovo-rdg-cioc-bco-pistacch-340.html">
        <div style="background-image: url('../../cdn.spesati.com/images/products/missing-image/missing-image.jpg')">
            <div class="hover"></div>
            
            <div class="stickers"></div>
        </div>
    </a>
    <div>
        <h4><a href="../uovo-rdg-cioc-bco-pistacch-340.html"><b>Uovo Rdg Cioc Bco Pistacch 340</b></a></h4>
        <p class="description">0.34 Kg</p>
        <p class="right price"><b>19.99 €</b></p>
        <p class="right unitPrice">58.80 € per kg</p>
    </div>
    <div class="notAvailable">
    <a class="button bgDarkGrey white" href="../uovo-rdg-cioc-bco-pistacch-340.html">Not available</a>
</div>
</div><div class="left product prod135"
        data-name="Uovo Rdg Latte Granel Nocc 340"
        data-price="19.99"
        data-id="83510"
        data-available="no"
        data-category="4748"
        data-bestselling="">
    <a href="../uovo-rdg-latte-granel-nocc-340.html">
        <div style="background-image: url('../../cdn.spesati.com/images/products/missing-image/missing-image.jpg')">
            <div class="hover"></div>
            
            <div class="stickers"></div>
        </div>
    </a>
    <div>
        <h4><a href="../uovo-rdg-latte-granel-nocc-340.html"><b>Uovo Rdg Latte Granel Nocc 340</b></a></h4>
        <p class="description">0.34 Kg</p>
        <p class="right price"><b>19.99 €</b></p>
        <p class="right unitPrice">58.80 € per kg</p>
    </div>
    <div class="notAvailable">
    <a class="button bgDarkGrey white" href="../uovo-rdg-latte-granel-nocc-340.html">Not available</a>
</div>
</div>        </div>
    </div>
</section>
<div class="footer">
    <div class="bgDarkGrey"></div>
    <footer>
        <div class="left bgDarkGrey">
            <a id="logoFooter" href="../index.html" class="estDynamic">
                <img src="../../cdn.spesati.com/images/layout/logo-eng.png" alt="Spesati.com" />
                <h2 class="red">Grocery Delivery</h2>
            </a>
            <a class="button bgRed white mobile" href="tel:390707968318">Phone order</a>
            <a class="button bgRed white desktop" href="../news/2020-04-07/news-on-spesati-the-telephone-order-service-is-active.html">Phone order</a>
            <a class="button bgRed white" href="../cdn-cgi/l/email-protection.html#cea7a0a8a18ebdbeabbdafbaa7e0ada1a3">Send mail</a>
            <div id="social">
                <a class="left" href="https://www.facebook.com/spesati/" rel="external" target="_blank">
                    <span class="facebook bgRed fa-stack fa-lg">
                        <i class="fa fa-facebook fa-stack-1x "></i>
                    </span>
                </a>
                <a class="right" href="https://twitter.com/spesati" rel="external" target="_blank">
                    <span class="twitter bgRed fa-stack fa-lg">
                        <i class="fa fa-twitter fa-stack-1x "></i>
                    </span>
                </a>
            </div>
            <p>Copyright 2024 Spesati.com </p>
            
                    <p>All rights reserved</p>
                    <p>SPESATI SRL</p>
                    <p>Corso Vittorio Veneto 15/I, 07026, Olbia</p>
                    <p>CF e P.Iva: 02772380909</p>
                        </div>
        <div class="center bgRed">
            <div class="top">
                <h3>Categories</h3>
                <div class="col">
                    <ul>
                        <li>
                            <a href="#" class="estDynamic">On sale</a>
                        </li>
                        <li>
                            <a href="../fruit-and-vegetables.html" class="estDynamic">Fruit and vegetables</a>
                        </li>
                        <li>
                            <a href="../fresh-products.html" class="estDynamic">Fresh products</a>
                        </li>
                        <li>
                            <a href="../frozen-foods.html" class="estDynamic">Frozen foods</a>
                        </li>
                        <li>
                            <a href="../bread-and-pasta.html" class="estDynamic">Bread and pasta</a>
                        </li>
                        <li>
                            <a href="../meat.html" class="estDynamic">Meat</a>
                        </li>
                        <li>
                            <a href="../fish.html" class="estDynamic">Fish</a>
                        </li>
                    </ul>
                </div>
                <div class="col">
                    <ul>
                        <li>
                            <a href="../wine-beer-and-spirits.html" class="estDynamic">Wine beer and spirits</a>
                        </li>
                        <li>
                            <a href="../water-and-drinks.html" class="estDynamic">Water and drinks</a>
                        </li>
                        <li>
                            <a href="../sweets.html" class="estDynamic">Sweets</a>
                        </li>
                        <li>
                            <a href="../shelf.html" class="estDynamic">Cupboard</a>
                        </li>
                        <li>
                            <a href="../personal-care.html" class="estDynamic">Personal care</a>
                        </li>
                        <li>
                            <a href="../household-and-outdoors.html" class="estDynamic">Home and outdoors</a>
                        </li>
                        <li>
                            <a href="../pet.html" class="estDynamic">Pets</a>
                        </li>
                    </ul>
                </div>
                <div class="col">
                    <ul>
                        <li>
                            <a href="../technology.html" class="estDynamic">Technology</a>
                        </li>
                        <li>
                            <a href="../gluten-free.html" class="estDynamic">Gluten free</a>
                        </li>
                        <li>
                            <a href="../lactose-free.html" class="estDynamic">Lactose free</a>
                        </li>
                        <li>
                            <a href="../special.html" class="estDynamic">Special</a>
                        </li>
                        <li>
                            <a href="../sardinian-products.html" class="estDynamic">Sardinian products</a>
                        </li>
                    </ul>
                </div>
            </div>
            <div class="bottom bgRed">
                <div class="left">
                    <h3>Delivery payment</h3>
                    <div>
                        <i class="fa fa-money fa-3x" aria-hidden="true"></i>
                        <p>Cash</p>
                    </div>
                    <div>
                        <i class="fa fa-credit-card fa-3x" aria-hidden="true"></i>
                        <p>Bancomat or card</p>
                    </div>
                </div>
                <div class="right">
                    <h3>Online payment</h3>
                    <div>
                        <i class="fa fa-credit-card fa-3x" aria-hidden="true"></i>
                        <p>Credit or debit card <span class="red">online</span></p>
                    </div>
                    <div>
                        <i class="fa fa-paypal fa-3x" aria-hidden="true"></i>
                        <p>PayPal</p>
                    </div>
                    <div>
                        <i class="fa fa-university fa-3x" aria-hidden="true"></i>
                        <p>Bank transfer</p>
                    </div>
                </div>
            </div>
        </div>
        <div class="right bgRed">
            <div>
                <i class="fa fa-truck fa-flip-horizontal"></i>
                <a class="button bgYellow white" href="../delivery-prices.html">Delivery prices</a>
                
                    <h3>Home delivery:</h3>
                    <p><b>Monday to Saturday</b></p>
                    <p><b>9:00 to 20:00</b></p>
                    <p><b>Minimum order:</b> 29€</p>
                    <p><b>Delivery starting from:</b> 3,50€</p>
                            </div>
            <ul>
                <li>
                    <a href="../delivery-prices.html">Delivery prices</a>
                </li>
                <li>
                    <a href="../about.html">About</a>
                </li>
                <li>
                    <a href="../faq.html">Faq</a>
                </li>
                <li>
                    <a href="../customer-care.html">Support</a>
                </li>
                <li>
                    <a href="../news.html">Blog</a>
                </li>
                <li>
                    <a href="../terms-and-conditions.html">Conditions</a>
                </li>
                <li>
                    <a href="../privacy-policy.html">Privacy policy</a>
                </li>
                <li>
                    <a href="../legal-warranty.html">Legal guarantee</a>
                </li>
            </ul>
        </div>
    </footer>
    <div class="bgRed"></div>
</div>
<!--Start of Tawk.to Script-->
<script data-cfasync="false" src="../cdn-cgi/scripts/5c5dd728/cloudflare-static/email-decode.min.js"></script><script type="text/javascript">
var Tawk_API=Tawk_API||{}, Tawk_LoadStart=new Date();
(function(){
var s1=document.createElement("script"),s0=document.getElementsByTagName("script")[0];
s1.async=true;
s1.src='https://embed.tawk.to/59e86945c28eca75e4626ed9/default';
s1.charset='UTF-8';
s1.setAttribute('crossorigin','*');
s0.parentNode.insertBefore(s1,s0);
})();
</script>
<!--End of Tawk.to Script-->

<!-- Here are parked a few translatable strings, useful for Javascript rendering -->
<div id="js-texts" hidden>
    <input type="hidden" name="save_cart_notice" value="Saving your cart it will be possible to reload it next time you come for shopping">
    <input type="hidden" name="save_cart_notice_title" value="Want to save your cart?">
    <input type="hidden" name="save_cart_ok" value="Save">
    <input type="hidden" name="save_cart_ko" value="Don't Save">
    <input type="hidden" name="reload_cart" value="The Reload Order function allows you to top up your last cart to make a New Order. Warning: do not use this function to add products to the last order. At this time it is not possible to modify an order placed previously.">
</div>

<!-- new site and login popup -->
</body>
<!-- Mirrored from www.spesati.com/sweets/easter-eggs-and-doves by HTTrack Website Copier/3.x [XR&CO'2014], Fri, 23 Feb 2024 18:43:59 GMT -->
</html>