<!DOCTYPE html><html lang="en">
<!-- Mirrored from www.spesati.com/sweets/jam by HTTrack Website Copier/3.x [XR&CO'2014], Fri, 23 Feb 2024 18:36:04 GMT -->
<!-- Added by HTTrack --><meta http-equiv="content-type" content="text/html;charset=utf-8" /><!-- /Added by HTTrack -->
<head>
    <title>Jam - Sweets - Spesati.com</title>
    <meta http-equiv="Content-Type" content="text/html; charset=UTF-8" />
    <meta name="description" content="" />
    <meta name="keywords" content="" />
    <link href="../images/favicon.ico" rel="shortcut icon" type="image/x-icon" />
    <meta name="author" content="www.dodify.com" /><link rel="canonical" href="jam.html" /><link rel="alternate" hreflang="en" href="jam.html" /><link rel="alternate" hreflang="it" href="https://www.spesati.it/dolci/marmellate-e-confetture" /><link href="../../cdnjs.cloudflare.com/ajax/libs/meyer-reset/2.0/reset.min.css" rel="stylesheet" type="text/css" /><link href="../../cdnjs.cloudflare.com/ajax/libs/font-awesome/6.5.1/css/all.min.css" rel="stylesheet" type="text/css" /><link href="https://fonts.googleapis.com/css?family=Montserrat:400,700" rel="stylesheet" type="text/css" /><link href="../../cdnjs.cloudflare.com/ajax/libs/fancybox/2.1.5/jquery.fancybox.min.css" rel="stylesheet" type="text/css" /><link href="../style/mainbea6.css?v=7" rel="stylesheet" type="text/css" /><link href="../style/lightslider.css" rel="stylesheet" type="text/css" /><link href="../style/categories.css" rel="stylesheet" type="text/css" /><script src="../../cdnjs.cloudflare.com/ajax/libs/jquery/3.6.1/jquery.min.js" type="text/javascript"></script><script src="../../ajax.googleapis.com/ajax/libs/jquery/1.11.0/jquery.min.js" type="text/javascript"></script><script src="http://unpkg.com/@floating-ui/core@0.4.0" type="text/javascript"></script><script src="http://unpkg.com/@floating-ui/dom@0.2.0" type="text/javascript"></script><script src="../../cdnjs.cloudflare.com/ajax/libs/fancybox/2.1.5/jquery.fancybox.min.js" type="text/javascript"></script><script src="../js/menu.js" type="text/javascript"></script><script src="../js/interfaceb6f5.js?v=10" type="text/javascript"></script><script src="../js/spesati.lightslider.min.js" type="text/javascript"></script><meta name="viewport" content="width=device-width, initial-scale=1, maximum-scale=1" /><meta name = "format-detection" content = "telephone=no">
<!-- Facebook Pixel Code -->
<script>
  !function(f,b,e,v,n,t,s)
  {if(f.fbq)return;n=f.fbq=function(){n.callMethod?
  n.callMethod.apply(n,arguments):n.queue.push(arguments)};
  if(!f._fbq)f._fbq=n;n.push=n;n.loaded=!0;n.version='2.0';
  n.queue=[];t=b.createElement(e);t.async=!0;
  t.src=v;s=b.getElementsByTagName(e)[0];
  s.parentNode.insertBefore(t,s)}(window, document,'script',
  '../../connect.facebook.net/en_US/fbevents.js');
  fbq('init', '792335014180667');
  fbq('track', 'PageView');
</script>
<noscript>
    <img height="1" width="1" style="display:none" src="https://www.facebook.com/tr?id=792335014180667&amp;ev=PageView&amp;noscript=1" />
</noscript>
<!-- End Facebook Pixel Code -->

<!-- GA4 -->
<script async src="https://www.googletagmanager.com/gtag/js?id=G-SSS6NRNXL0"></script>
<script>
  window.dataLayer = window.dataLayer || [];
  function gtag(){dataLayer.push(arguments);}
  gtag('js', new Date());
  gtag('config', 'AW-976671669');
  gtag('config', 'G-SSS6NRNXL0');
</script>
<!-- Elements for PWA deploy -->
<link rel="manifest" href="../manifest.json">
<meta name="theme-color" media="(prefers-color-scheme: light)" content="white">
<meta name="theme-color" media="(prefers-color-scheme: dark)"  content="black">
<link href=../images/icon-192.png rel=apple-touch-icon sizes="192x192">
<!-- Establishment logic -->
<script>var pageEstablishment = "Olbia"; var estDefaultPages = true</script>
    <!--[if lt IE 9]>
        <script src="https://cdnjs.cloudflare.com/ajax/libs/html5shiv/3.7.3/html5shiv.min.js" type="text/javascript"></script>
    <![endif]--><script type="text/javascript">
$(document).ready(function() {
    // Check if exists cookie
    if(document.cookie.indexOf("cookieAccepted") < 0) {
        var cookieText = '<div id=\"cookie\"><p>This site uses cookies. Cookies are used for ads personalisation. <a href=\"/privacy-policy\">More info</a></p><button id=\"cookieConsent\" type=\"button\">Accept</button></div>';
        $("body").append($(
            cookieText
        ));
        $('#cookie').css({
            'width'           : '100%',
            'text-align'      : 'center',
            'color'           : '#FFFFFF',
            'background-color': '#000000', 
            'opacity'         : '.8', 
            'position'        : 'fixed', 
            'bottom'          : '0',
            'padding'         : '.5em 0',
            'z-index'         : '999'
        });
        $('#cookie > *').css({
            'display': 'inline'
        });
        $('#cookie a').css({
            'color'          : '#FFFFFF',
            'text-decoration': 'underline',
            'margin-right'   : '2%'
        });
        $('#cookieConsent').click(function() {
            // Set cookie
            var expiry = new Date();
            expiry.setTime(expiry.getTime() + (365 * 24 * 60 * 60 * 1000));
            document.cookie = "cookieAccepted=yes; expires=" + expiry.toGMTString() + "; path=/; domain=.spesati.com";
            $('#cookie').css({'display': 'none'});
        });
    }
});
</script></head><body><script type="text/javascript">
    var addText = "Add";
    var slider  = null;
    $(document).ready(function() {
        slider = $('#cartSlider').lightSlider({
            controls: false,
            item:13,
            loop:false,
            slideMove:1,
            easing: 'cubic-bezier(0.25, 0, 0.25, 1)',
            speed:600,
            responsive : [
                {
                    breakpoint:1400,
                    settings: {
                        item:12,
                        slideMove:1,
                    }
                },
                {
                    breakpoint:1200,
                    settings: {
                        item:11,
                        slideMove:1,
                    }
                },
                {
                    breakpoint:1080,
                    settings: {
                        item:14,
                        slideMove:1,
                    }
                },
                {
                    breakpoint:800,
                    settings: {
                        item:12,
                        slideMove:1,
                    }
                }
            ]
        });
        $('.lSPager').css("display","none");
        $('.lSAction').css("display","block");
        $('#goToPrevSlide').on('click', function () {
            slider.goToPrevSlide();
        });
        $('#goToNextSlide').on('click', function () {
            slider.goToNextSlide();
        });
    });

</script>
<div id="header" class="bgYellow">
    <header>
        <a class="menu" href="#"><i class="fa red fa-bars fa-2x"></i></a>
        <a id="logo" class="colLeft estDynamic" href="../index.html">
            <img src="../../cdn.spesati.com/images/layout/logo-eng.png" alt="Spesati.com" />
            <h2 class="red">Grocery Delivery</h2>
        </a>
        <div class="colRight">
            <div id="controls" class="right">
                <p id="establishmentControls">
                    <span class="establishmentWarning"><i class="fa-solid fa-triangle-exclamation red" title="Stai visualizzando i prodotti disponibili in una zona diversa. Se vuoi cambiare zona, cliccan qui"></i>&nbsp;&nbsp;</span>
                    Shopping from <b><a id="establishment" href="#"></a></b> <span id="estAddress">for </span> <a href="../change-establishment.html">(<i class="fa-solid fa-pencil"></i> Change)</a> <span class="establishmentWarning">but viewing <b>Olbia</b></span>
                </p>
                <p><a href="https://www.spesati.it/dolci/marmellate-e-confetture" class="black switch-site">Versione italiana</a></p>                
            </div>
            <div>
                <form id="search" action="https://www.spesati.com/search" method="post" class="left">
                    <fieldset>
                        <div>
                            <input type="text" name="searchBox" id="searchBox" placeholder="Search for a product"></input>
                            <input id="searchButton" type="submit" name="searchButton" class="button bgRed white left" value="Find" />
                        </div>
                    </fieldset>
                </form>
                <div class="center left">
                    <a class="button bgRed white log-in" href="../login.html">Login</a>
                    <a class="button bgRed white sign-up" href="../sign-up.html">Sign up</a>
                    <a class="button bgRed white profile" href="../profile.html">Profile</a>
                    <a class="button bgRed white log-out" href="../index.html" data-endpoint-check-cart="https://api.spesati.com/cart/check">Logout</a>
                </div>
                <div class="right user-function-icons">
                    <a class="red left account"><i class="fa fa-user fa-3x"></i></a>
                    <div id="dropdown">
                        <a class="log-in button bgRed white" href="../login.html">Login</a>
                        <a class="sign-up button bgRed white" href="../sign-up.html">Sign up</a>
                        <a class="profile button bgRed white" href="../profile.html">Profile</a>
                        <a class="log-out button bgRed white" href="../index.html">Logout</a>
                    </div>

                    <div class="cart left">
                        <i class="fa fa-sm fa-shopping-cart red" aria-hidden="true" id="shipping-cart-button"></i>
                        <p id="cartQuantity"></p>
                    </div>

                    <a class="right" href="../cart.html"><p class="black" id="cartTotal"></p></a>
                </div>
            </div>
                            <div id="previewCart">
                    <i id="goToPrevSlide" class="yellow fa fa-angle-left fa-2x" aria-hidden="true"></i>
                    <div><ul id="cartSlider"></ul></div>
                    <i id="goToNextSlide" class="yellow fa fa-angle-right fa-2x" aria-hidden="true"></i>
                </div>
                    </div>
    </header>

    <div id="shipping-cart-options" data-inited="false">
        <a href="../cart.html" class="goto-cart">checkout</a>
        <a href="#" data-endpoint-auth="https://api.spesati.com/cart/save" data-endpoint-noauth="/login" class="save-cart">save</a>
        <a href="#" data-endpoint-auth="https://api.spesati.com/cart/load" class="load-cart">load</a>
    </div>
</div>
<div id="menuCategoriesMobile" class="mobile bgRed">
    <div class="closeMenu">
        <i class="fa fa-times fa-2x white"></i>
        Close
    </div>
    <ul class="bgRed white">
        <div id="langMobile" class="right">
        <a href="https://www.spesati.it/dolci/marmellate-e-confetture" class="white switch-site"><p>Versione italiana</p></a>    </div>
        <li><a>Categories</a>
            <ul class="bgWhite">
                <li>
                    <img src="../../cdn.spesati.com/images/menu/on-sale.png"/>
                    On sale                    <i class="fa fa-angle-down" aria-hidden="true"></i>
                    <ul class="sub-menu">
                    <li>
    <a href="../tacchino-fesa-a-fette.html">Tacchino Fesa A Fette</a>
</li><li>
    <a href="../amaro-montenegro-15lt.html">Amaro Montenegro 1,5lt</a>
</li><li>
    <a href="../carbone-di-legna-sacco-10kg.html">Carbone Di Legna Sacco 10Kg</a>
</li><li>
    <a href="../filu-e-ferru-silvio-carta-70cl.html">Filu E Ferru Silvio Carta 70Cl</a>
</li><li>
    <a href="../braciole-suino-con-cotenna.html">Braciole Suino Con Cotenna</a>
</li><li>
    <a href="../bovino-adulto-polpa.html">Bovino Adulto Polpa</a>
</li><li>
    <a href="../vino-la-palma-cannonau-le-bombarde.html">Vino La Palma Cannonau Le Bombarde</a>
</li><li>
    <a href="../fettine-sceltissime-bovino-adulto.html">Fettine Sceltissime Bovino Adulto</a>
</li><li>
    <a href="../suino-fettine-scelte.html">Suino Fettine Scelte</a>
</li><li>
    <a href="../lavazza-caffe-qualita-rossa-2x250gr.html">Lavazza Caffé Qualità Rossa 2x250gr</a>
</li>                        <li>
                            <a class="estDynamic" href="../on-offer.html">All products on sale</a>
                        </li>
                    </ul>
                </li>
                <li>
                    <img src="../../cdn.spesati.com/images/menu/gift.png"/>
                    Gifts                    <i class="fa fa-angle-down" aria-hidden="true"></i>
                    <ul class="sub-menu">
                        <li>
    <a href="../gift-card-da-150.html">Gift Card Da 150</a>
</li><li>
    <a href="../gift-card-da-100.html">Gift Card Da 100</a>
</li><li>
    <a href="../gift-card-da-50.html">Gift Card Da 50</a>
</li><li>
    <a href="../gift-card-da-25.html">Gift Card Da 25</a>
</li>                        <li>
                            <a class="estDynamic" href="../gift.html">All products in the gifts category</a>
                        </li>
                    </ul>
                </li>
                <li>
                    <img src="../../cdn.spesati.com/images/menu/gift-card.png"/>
                    Gift card and discounts                    <i class="fa fa-angle-down" aria-hidden="true"></i>
                    <ul class="sub-menu">
                        <li>
    <a href="../gift-card-da-150.html">Gift Card Da 150</a>
</li><li>
    <a href="../gift-card-da-100.html">Gift Card Da 100</a>
</li><li>
    <a href="../gift-card-da-50.html">Gift Card Da 50</a>
</li><li>
    <a href="../gift-card-da-25.html">Gift Card Da 25</a>
</li>                    </ul>
                </li>
                <li>
                    <img src="../../cdn.spesati.com/images/menu/fuit-and-vegetables.png"/>
                    Fruit and vegetables                    <i class="fa fa-angle-down" aria-hidden="true"></i>
                    <ul class="sub-menu">
                        <li>
                            <a class="estDynamic" href="../fruit-and-vegetables/pulses-and-beans.html">Cereals and pulses and beans</a>
                        </li>
                        <li>
                            <a class="estDynamic" href="../fruit-and-vegetables/fruit.html">Fruit</a>
                        </li>
                        <li>
                            <a class="estDynamic" href="../fruit-and-vegetables/canned-fruit.html">Canned fruit</a>
                        </li>
                        <li>
                            <a class="estDynamic" href="../fruit-and-vegetables/dried-fruit.html">Dried fruit</a>
                        </li>
                        <li>
                            <a class="estDynamic" href="../fruit-and-vegetables/ready-salads.html">Ready salads</a>
                        </li>
                        <li>
                            <a class="estDynamic" href="../fruit-and-vegetables/fresh-spices.html">Fresh spices</a>
                        </li>
                        <li>
                            <a class="estDynamic" href="../fruit-and-vegetables/vegetables.html">Vegetables and soy</a>
                        </li>
                    </ul>
                </li>
                <li>
                    <img src="../../cdn.spesati.com/images/menu/fresh-products.png"/>
                    Fresh products                    <i class="fa fa-angle-down" aria-hidden="true"></i>
                    <ul class="sub-menu">
                        <li>
                            <a class="estDynamic" href="../fresh-products/margarine-and-butter.html">Butter and margarine</a>
                        </li>
                        <li>
                            <a class="estDynamic" href="../fresh-products/danone.html">Danone</a>
                        </li>
                        <li>
                            <a class="estDynamic" href="../fresh-products/dessert.html">Dessert</a>
                        </li>
                        <li>
                            <a class="estDynamic" href="../fresh-products/sweets.html">Sweets</a>
                        </li>
                        <li>
                            <a class="estDynamic" href="../fresh-products/dairy-products.html">Dairy product</a>
                        </li>
                        <li>
                            <a class="estDynamic" href="../fresh-products/bakery.html">Yeast</a>
                        </li>
                        <li>
                            <a class="estDynamic" href="../fresh-products/mascarpone.html">Mascarpone</a>
                        </li>
                        <li>
                            <a class="estDynamic" href="../fresh-products/snacks.html">Snacks</a>
                        </li>
                        <li>
                            <a class="estDynamic" href="../fresh-products/mozzarella.html">Mozzarella</a>
                        </li>
                        <li>
                            <a class="estDynamic" href="../fresh-products/pasta.html">Pasta</a>
                        </li>
                        <li>
                            <a class="estDynamic" href="../fresh-products/pesto-and-sauces.html">Pesto and sauces</a>
                        </li>
                        <li>
                            <a class="estDynamic" href="../fresh-products/ricotta-and-cheese.html">Ricotta and cheese</a>
                        </li>
                        <li>
                            <a class="estDynamic" href="../fresh-products/cured-meat.html">Cured meat</a>
                        </li>
                        <li>
                            <a class="estDynamic" href="../fresh-products/wurstel.html">Würstel</a>
                        </li>
                        <li>
                            <a class="estDynamic" href="../fresh-products/yogurt.html">Yogurt</a>
                        </li>
                    </ul>
                </li>
                <li>
                    <img src="../../cdn.spesati.com/images/menu/frozen-foods.png"/>
                    Frozen foods                    <i class="fa fa-angle-down" aria-hidden="true"></i>
                    <ul class="sub-menu">
                        <li>
                            <a class="estDynamic" href="../frozen-foods/meat.html">Meat</a>
                        </li>
                        <li>
                            <a class="estDynamic" href="../frozen-foods/ice-creams.html">Ice cream and sweet</a>
                        </li>
                        <li>
                            <a class="estDynamic" href="../frozen-foods/pasta.html">Pasta</a>
                        </li>
                        <li>
                            <a class="estDynamic" href="../frozen-foods/fish.html">Fish</a>
                        </li>
                        <li>
                            <a class="estDynamic" href="../frozen-foods/ready-meals.html">Ready meals</a>
                        </li>
                        <li>
                            <a class="estDynamic" href="../frozen-foods/pizzas.html">Pizzas</a>
                        </li>
                        <li>
                            <a class="estDynamic" href="../frozen-foods/vegetables.html">Vegetables and soy</a>
                        </li>
                    </ul>
                </li>
                <li>
                    <img src="../../cdn.spesati.com/images/menu/bread-and-pasta.png"/>
                    Bread and pasta                    <i class="fa fa-angle-down" aria-hidden="true"></i>
                    <ul class="sub-menu">
                        <li>
                            <a class="estDynamic" href="../bread-and-pasta/crackers.html">Crackers</a>
                        </li>
                        <li>
                            <a class="estDynamic" href="../bread-and-pasta/rusks.html">Rusks</a>
                        </li>
                        <li>
                            <a class="estDynamic" href="../bread-and-pasta/white-bread.html">White bread</a>
                        </li>
                        <li>
                            <a class="estDynamic" href="../bread-and-pasta/local-bread.html">Local bread</a>
                        </li>
                        <li>
                            <a class="estDynamic" href="../bread-and-pasta/soft-bread.html">Soft bread</a>
                        </li>
                        <li>
                            <a class="estDynamic" href="../bread-and-pasta/sardinian-bread.html">Sardinian bread</a>
                        </li>
                        <li>
                            <a class="estDynamic" href="../bread-and-pasta/bakery.html">Bakery</a>
                        </li>
                        <li>
                            <a class="estDynamic" href="../bread-and-pasta/pasta.html">Pasta</a>
                        </li>
                        <li>
                            <a class="estDynamic" href="../bread-and-pasta/fresh-pasta.html">Fresh pasta</a>
                        </li>
                    </ul>
                </li>
                <li>
                    <img src="../../cdn.spesati.com/images/menu/meat.png"/>
                    Meat                    <i class="fa fa-angle-down" aria-hidden="true"></i>
                    <ul class="sub-menu">
                        <li>
                            <a class="estDynamic" href="../meat/beef.html">Beef</a>
                        </li>
                        <li>
                            <a class="estDynamic" href="../meat/goat.html">Goat</a>
                        </li>
                        <li>
                            <a class="estDynamic" href="../meat/packaged-meat.html">Packaged meat</a>
                        </li>
                        <li>
                            <a class="estDynamic" href="../meat/rabbit.html">Rabbit</a>
                        </li>
                        <li>
                            <a class="estDynamic" href="../meat/horse.html">Horse</a>
                        </li>
                        <li>
                            <a class="estDynamic" href="../meat/pork.html">Pork</a>
                        </li>
                        <li>
                            <a class="estDynamic" href="../meat/lamb.html">Lamb</a>
                        </li>
                        <li>
                            <a class="estDynamic" href="../meat/poultry.html">Poultry</a>
                        </li>
                    </ul>
                </li>
                <li>
                    <img src="../../cdn.spesati.com/images/menu/fish.png"/>
                    Fish                    <i class="fa fa-angle-down" aria-hidden="true"></i>
                    <ul class="sub-menu">
                        <li>
                            <a class="estDynamic" href="../fish/fresh-water.html">Fresh water</a>
                        </li>
                        <li>
                            <a class="estDynamic" href="../fish/salt-water.html">Salt water</a>
                        </li>
                        <li>
                            <a class="estDynamic" href="../fish/mussels.html">Mussels</a>
                        </li>
                        <li>
                            <a class="estDynamic" href="../fish/dried-and-salted.html">Dried and salted</a>
                        </li>
                        <li>
                            <a class="estDynamic" href="../fish/seafood-salad.html">Seafood salad</a>
                        </li>
                        <li>
                            <a class="estDynamic" href="../fish/prepared.html">Prepared</a>
                        </li>
                        <li>
                            <a class="estDynamic" href="../fish/specialty.html">Specialty</a>
                        </li>   
                        <li>
                            <a class="estDynamic" href="../fish/tuna-and-salmon.html">Tuna and salmon</a>
                        </li>
                    </ul>
                </li>
                <li>
                    <img src="../../cdn.spesati.com/images/menu/alcohol.png"/>
                    Wine beer and spirits                    <i class="fa fa-angle-down" aria-hidden="true"></i>
                    <ul class="sub-menu">
                        <li>
                            <a class="estDynamic" href="../wine-beer-and-spirits/spirits-and-liquors.html">Alcohol</a>
                        </li>
                        <li>
                            <a class="estDynamic" href="../wine-beer-and-spirits/bitters.html">Bitters</a>
                        </li>
                        <li>
                            <a class="estDynamic" href="../wine-beer-and-spirits/aperatif.html">Aperatifs</a>
                        </li>
                        <li>
                            <a class="estDynamic" href="../wine-beer-and-spirits/beer.html">Beer</a>
                        </li>
                        <li>
                            <a class="estDynamic" href="../wine-beer-and-spirits/creams.html">Creams</a>
                        </li>
                        <li>
                            <a class="estDynamic" href="../wine-beer-and-spirits/spirits.html">Spirits</a>
                        </li>
                        <li>
                            <a class="estDynamic" href="../wine-beer-and-spirits/liquors.html">Liquors</a>
                        </li>
                        <li>
                            <a class="estDynamic" href="../wine-beer-and-spirits/white-wine.html">White wine</a>
                        </li>
                        <li>
                            <a class="estDynamic" href="../wine-beer-and-spirits/prosecco-wine.html">Prosecco wine</a>
                        </li>
                        <li>
                            <a class="estDynamic" href="../wine-beer-and-spirits/rose-wine.html">Rose wine</a>
                        </li>
                        <li>
                            <a class="estDynamic" href="../wine-beer-and-spirits/red-wine.html">Red wine</a>
                        </li>
                        <li>
                            <a class="estDynamic" href="../wine-beer-and-spirits/specialty-wine.html">Special wine</a>
                        </li>
                        <li>
                            <a class="estDynamic" href="../wine-beer-and-spirits/sparkling-wine.html">Sparkling wine</a>
                        </li>
                        <li>
                            <a class="estDynamic" href="../wine-beer-and-spirits/vermentino-wine.html">Vermentino wine</a>
                        </li>
                    </ul>
                </li>
                <li>
                    <img src="../../cdn.spesati.com/images/menu/water-and-drinks.png"/>
                    Water and drinks                    <i class="fa fa-angle-down" aria-hidden="true"></i>
                    <ul class="sub-menu">
                        <li>
                            <a class="estDynamic" href="../water-and-drinks/san-martino.html">San Martino</a>
                        </li>
                        <li>
                            <a class="estDynamic" href="../water-and-drinks/water.html">Water</a>
                        </li>
                        <li>
                            <a class="estDynamic" href="../water-and-drinks/alpro.html">Alpro</a>
                        </li>
                        <li>
                            <a class="estDynamic" href="../water-and-drinks/fizzy-drinks.html">Fizzy drinks</a>
                        </li>
                        <li>
                            <a class="estDynamic" href="../water-and-drinks/coca-cola.html">Coca-Cola</a>
                        </li>
                        <li>
                            <a class="estDynamic" href="../water-and-drinks/energy-drink.html">Energy drink</a>
                        </li>
                        <li>
                            <a class="estDynamic" href="../water-and-drinks/syrups.html">Syrups</a>
                        </li>
                        <li>
                            <a class="estDynamic" href="../water-and-drinks/supplements.html">Supplements</a>
                        </li>
                        <li>
                            <a class="estDynamic" href="../water-and-drinks/instant-drinks.html">Instant drinks</a>
                        </li>
                        <li>
                            <a class="estDynamic" href="../water-and-drinks/juice.html">Juice</a>
                        </li>
                        <li>
                            <a class="estDynamic" href="../water-and-drinks/tea.html">Tea</a>
                        </li>
                    </ul>
                </li>
                <li>
                    <img src="../../cdn.spesati.com/images/menu/sweets.png"/>
                    Sweets                    <i class="fa fa-angle-down" aria-hidden="true"></i>
                    <ul class="sub-menu">
                        <li>
                            <a class="estDynamic" href="bars-and-snacks.html">Bars and snacks</a>
                        </li>
                        <li>
                            <a class="estDynamic" href="biscuits.html">Biscuits</a>
                        </li>
                        <li>
                            <a class="estDynamic" href="brioches.html">Brioches</a>
                        </li>
                        <li>
                            <a class="estDynamic" href="candy-and-chewing-gum.html">Candy and chewing gum</a>
                        </li>
                        <li>
                            <a class="estDynamic" href="cereals.html">Cereals</a>
                        </li>
                        <li>
                            <a class="estDynamic" href="chocolate.html">Chocolate</a>
                        </li>
                        <li>
                            <a class="estDynamic" href="spreadable-creams.html">Spreads</a>
                        </li>
                        <li>
                            <a class="estDynamic" href="dessert-toppings.html">Dessert toppings</a>
                        </li>
                        <li>
                            <a class="estDynamic" href="jam.html">Jam</a>
                        </li>
                        <li>
                            <a class="estDynamic" href="honey.html">Honey</a>
                        </li>
                        <li>
                            <a class="estDynamic" href="panettoni-and-pandoro.html">Panettone and pandoro</a>
                        </li>
                        <li>
                            <a class="estDynamic" href="pastry.html">Pastry</a>
                        </li>
                        <li>
                            <a class="estDynamic" href="instant-dessert.html">Prepared</a>
                        </li>
                        <li>
                            <a class="estDynamic" href="cakes-and-pies.html">Cakes and pies</a>
                        </li>
                        <li>
                            <a class="estDynamic" href="easter-eggs-and-doves.html">Easter eggs and doves</a>
                        </li>
                    </ul>
                </li>
                <li>
                    <img src="../../cdn.spesati.com/images/menu/shelf.png"/>
                    Cupboard                    <i class="fa fa-angle-down" aria-hidden="true"></i>
                    <ul class="sub-menu">
                        <li>
                            <a class="estDynamic" href="../shelf/coffee.html">Coffee</a>
                        </li>
                        <li>
                            <a class="estDynamic" href="../shelf/gift-baskets.html">Gift baskets</a>
                        </li>
                        <li>
                            <a class="estDynamic" href="../shelf/stock-cubes.html">Nuts and preparations</a>
                        </li>
                        <li>
                            <a class="estDynamic" href="../shelf/flour-and-baking.html">Flour and baking</a>
                        </li>
                        <li>
                            <a class="estDynamic" href="../shelf/milk.html">Milk</a>
                        </li>
                        <li>
                            <a class="estDynamic" href="../shelf/oil-salt-vinegar.html">Oil, vinegar and salt</a>
                        </li>
                        <li>
                            <a class="estDynamic" href="../shelf/cream-and-bechamel.html">Cream and bechamel</a>
                        </li>
                        <li>
                            <a class="estDynamic" href="../shelf/crisps-and-pretzels.html">Crisps and pretzels</a>
                        </li>
                        <li>
                            <a class="estDynamic" href="../shelf/baby-and-infants-products.html">Early childhood products</a>
                        </li>
                        <li>
                            <a class="estDynamic" href="../shelf/rice.html">Rice</a>
                        </li>
                        <li>
                            <a class="estDynamic" href="../shelf/tins-and-preserves.html">Tins and Preserves</a>
                        </li>
                        <li>
                            <a class="estDynamic" href="../shelf/spices.html">Spices</a>
                        </li>
                        <li>
                            <a class="estDynamic" href="../shelf/sauces.html">Sauces</a>
                        </li>
                        <li>
                            <a class="estDynamic" href="../shelf/tea-and-infusions.html">Tea and infusions</a>
                        </li>
                        <li>
                            <a class="estDynamic" href="../shelf/eggs.html">Eggs</a>
                        </li>
                        <li>
                            <a class="estDynamic" href="../shelf/sugar-and-sweeteners.html">Sugar and sweeteners</a>
                        </li>
                    </ul>
                </li>
                <li>
                    <img src="../../cdn.spesati.com/images/menu/personal-care.png"/>
                    Personal care                    <i class="fa fa-angle-down" aria-hidden="true"></i>
                    <ul class="sub-menu">
                        <li>
                            <a class="estDynamic" href="../personal-care/accessories-and-cotton.html">Accessories and cotton</a>
                        </li>
                        <li>
                            <a class="estDynamic" href="../personal-care/feminine-care-incontinence-and-baby-diapers.html">Feminine incontinence and diapers</a>
                        </li>
                        <li>
                            <a class="estDynamic" href="../personal-care/shower-gel.html">Shower gel</a>
                        </li>
                        <li>
                            <a class="estDynamic" href="../personal-care/creams.html">Creams</a>
                        </li>
                        <li>
                            <a class="estDynamic" href="../personal-care/deodorant.html">Deodorant</a>
                        </li>
                        <li>
                            <a class="estDynamic" href="../personal-care/hair-removal.html">Hair removal</a>
                        </li>
                        <li>
                            <a class="estDynamic" href="../personal-care/disinfectants.html">Disinfectants</a>
                        </li>
                        <li>
                            <a class="estDynamic" href="../personal-care/oral-hygiene.html">Oral hygiene</a>
                        </li>
                        <li>
                            <a class="estDynamic" href="../personal-care/supplements-and-multivitamins.html">Supplements and multivitamins</a>
                        </li>
                        <li>
                            <a class="estDynamic" href="../personal-care/first-aid.html">First aid label</a>
                        </li>
                        <li>
                            <a class="estDynamic" href="../personal-care/beard-products.html">Beard products</a>
                        </li>
                        <li>
                            <a class="estDynamic" href="../personal-care/hairs-products.html">Hair products</a>
                        </li>
                        <li>
                            <a class="estDynamic" href="../personal-care/perfume.html">Perfumes</a>
                        </li>
                        <li>
                            <a class="estDynamic" href="../personal-care/wipes.html">Wipes</a>
                        </li>
                        <li>
                            <a class="estDynamic" href="../personal-care/soaps-and-body-wash.html">Soaps and body wash</a>
                        </li>
                        <li>
                            <a class="estDynamic" href="../personal-care/shampoo-and-conditioner.html">Shampoo and conditioner</a>
                        </li>
                    </ul>
                </li>
                <li>
                    <img src="../../cdn.spesati.com/images/menu/pellet-and-home.png"/>
                    Home and outdoors                    <i class="fa fa-angle-down" aria-hidden="true"></i>
                    <ul class="sub-menu">
                        <li>
                            <a class="estDynamic" href="../household-and-outdoors/distilled-water.html">Distilled water</a>
                        </li>
                        <li>
                            <a class="estDynamic" href="../household-and-outdoors/car-products.html">Cars</a>
                        </li>
                        <li>
                            <a class="estDynamic" href="../household-and-outdoors/bin-bags-and-buckets.html">Bin bags and buckets</a>
                        </li>
                        <li>
                            <a class="estDynamic" href="../household-and-outdoors/bleach-and-stain-removers.html">Bleach and stain removers</a>
                        </li>
                        <li>
                            <a class="estDynamic" href="../household-and-outdoors/candles.html">Candles</a>
                        </li>
                        <li>
                            <a class="estDynamic" href="../household-and-outdoors/kitchen-roll.html">Kitchen roll</a>
                        </li>
                        <li>
                            <a class="estDynamic" href="../household-and-outdoors/air-fresheners.html">Air fresheners</a>
                        </li>
                        <li>
                            <a class="estDynamic" href="../household-and-outdoors/laundry-accessories-and-detergent.html">Laundry detergent</a>
                        </li>
                        <li>
                            <a class="estDynamic" href="../household-and-outdoors/dishwasher-and-washing-up.html">Dishwasher and washing up</a>
                        </li>
                        <li>
                            <a class="estDynamic" href="../household-and-outdoors/gardening.html">Gardening</a>
                        </li>
                        <li>
                            <a class="estDynamic" href="../household-and-outdoors/light-bulbs-and-batteries.html">Lightbulbs and batteries</a>
                        </li>
                        <li>
                            <a class="estDynamic" href="../household-and-outdoors/pellet-and-bbq.html">Pellet and BBQ</a>
                        </li>
                        <li>
                            <a class="estDynamic" href="../household-and-outdoors/bathroom-products.html">Bathroom products</a>
                        </li>
                        <li>
                            <a class="estDynamic" href="../household-and-outdoors/home-and-furniture-products.html">Home and furniture products</a>
                        </li>
                        <li>
                            <a class="estDynamic" href="../household-and-outdoors/kitchen-products.html">Kitchen products</a>
                        </li>
                        <li>
                            <a class="estDynamic" href="../household-and-outdoors/window-and-floor-cleaners.html">Window and floor cleaner</a>
                        </li>
                        <li>
                            <a class="estDynamic" href="../household-and-outdoors/repellents.html">Repellents</a>
                        </li>
                        <li>
                            <a class="estDynamic" href="../household-and-outdoors/disposable-tableware.html">Disposable tableware</a>
                        </li>
                    </ul>
                </li>
                <li>
                    <img src="../../cdn.spesati.com/images/menu/animals.png"/>
                    Pets                    <i class="fa fa-angle-down" aria-hidden="true"></i>
                    <ul class="sub-menu">
                        <li>
                            <a class="estDynamic" href="../pets/pet-food-other-animals.html">Other animals pet food</a>
                        </li>
                        <li>
                            <a class="estDynamic" href="../pets/pet-food-dogs.html">Pet food dogs</a>
                        </li>
                        <li>
                            <a class="estDynamic" href="../pets/pet-food-cats.html">Pet food cats</a>
                        </li>
                        <li>
                            <a class="estDynamic" href="../pets/hygiene-and-cleaning.html">Hygiene and cleaning</a>
                        </li>
                    </ul>
                </li>
                <li>
                    <img src="../../cdn.spesati.com/images/menu/technology.png"/>
                    Technology                    <i class="fa fa-angle-down" aria-hidden="true"></i>
                    <ul class="sub-menu">
                        <li>
                            <a class="estDynamic" href="../technology/accessories.html">Accessories</a>
                        </li>
                        <li>
                            <a class="estDynamic" href="../technology/computer.html">Computer</a>
                        </li>
                        <li>
                            <a class="estDynamic" href="../technology/telephones.html">Telephones</a>
                        </li>
                        <li>
                            <a class="estDynamic" href="../technology/tv.html">TV</a>
                        </li>
                    </ul>
                </li>
                <li>
                    <img src="../../cdn.spesati.com/images/menu/gluten-free.png"/>
                    Gluten free                    <i class="fa fa-angle-down" aria-hidden="true"></i>
                    <ul class="sub-menu">
                        <li>
                            <a class="estDynamic" href="../gluten-free/frozen-foods.html">Frozen foods</a>
                        </li>
                        <li>
                            <a class="estDynamic" href="../gluten-free/beer.html">Beer</a>
                        </li>
                        <li>
                            <a class="estDynamic" href="../gluten-free/sweets.html">Sweets</a>
                        </li>
                        <li>
                            <a class="estDynamic" href="../gluten-free/bread-and-pasta.html">Bread and pasta</a>
                        </li>
                        <li>
                            <a class="estDynamic" href="../gluten-free/shelf.html">Cupboard</a>
                        </li>
                    </ul>
                </li>
                <li>
                    <img src="../../cdn.spesati.com/images/menu/lactose-free.png"/>
                    Lactose free                    <i class="fa fa-angle-down" aria-hidden="true"></i>
                    <ul class="sub-menu">
                        <li>
                            <a class="estDynamic" href="../lactose-free/frozen-foods.html">Frozen foods</a>
                        </li>
                        <li>
                            <a class="estDynamic" href="../lactose-free/sweets.html">Sweets</a>
                        </li>
                        <li>
                            <a class="estDynamic" href="../lactose-free/dairy-product.html">Dairy product</a>
                        </li>
                        <li>
                            <a class="estDynamic" href="../lactose-free/shelf.html">Cupboard</a>
                        </li>
                    </ul>
                </li>
                <li>
                    <img src="../../cdn.spesati.com/images/menu/special.png"/>
                    Special                    <i class="fa fa-angle-down" aria-hidden="true"></i>
                    <ul class="sub-menu">
                        <li>
                            <a class="estDynamic" href="../special/alpro.html">Alpro</a>
                        </li>
                        <li>
                            <a class="estDynamic" href="../special/organic.html">Biological</a>
                        </li>
                        <li>
                            <a class="estDynamic" href="../special/meat.html">Meat</a>
                        </li>
                        <li>
                            <a class="estDynamic" href="../special/wholegrain.html">Wholegrain</a>
                        </li>
                        <li>
                            <a class="estDynamic" href="../special/bread-and-pasta.html">Bread and pasta</a>
                        </li>
                        <li>
                            <a class="estDynamic" href="../special/vegan.html">Vegan</a>
                        </li>
                    </ul>
                </li>
                <li>
                    <img src="../../cdn.spesati.com/images/menu/sardinian-products.png"/>
                    Sardinian products                    <i class="fa fa-angle-down" aria-hidden="true"></i>
                    <ul class="sub-menu">
                        <li>
                            <a class="estDynamic" href="../sardinian-products/drinks.html">Drinks</a>
                        </li>
                        <li>
                            <a class="estDynamic" href="../sardinian-products/meat.html">Meat</a>
                        </li>
                        <li>
                            <a class="estDynamic" href="../sardinian-products/sweets.html">Sweets</a>
                        </li>
                        <li>
                            <a class="estDynamic" href="../sardinian-products/fruit-and-vegetables.html">Fruit and vegetables</a>
                        </li>
                        <li>
                            <a class="estDynamic" href="../sardinian-products/ichnusa.html">Ichnusa</a>
                        </li>
                        <li>
                            <a class="estDynamic" href="../sardinian-products/dairy-product.html">Dairy product</a>
                        </li>
                        <li>
                            <a class="estDynamic" href="../sardinian-products/bread-and-pasta.html">Bread and pasta</a>
                        </li>
                        <li>
                            <a class="estDynamic" href="../sardinian-products/fish.html">Fish</a>
                        </li>
                        <li>
                            <a class="estDynamic" href="../sardinian-products/cured-meat.html">Cured meat</a>
                        </li>
                        <li>
                            <a class="estDynamic" href="../sardinian-products/shelf.html">Cupboard</a>
                        </li>
                        <li>
                            <a class="estDynamic" href="../sardinian-products/vermentino-wine.html">Vermentino wine</a>
                        </li>
                        <li>
                            <a class="estDynamic" href="../sardinian-products/wine-beer-and-spirits.html">Wine beer and spirits</a>
                        </li>
                    </ul>
                </li>
            </ul>
        </li>
        <li>
            <a href="../about.html">About</a>
        </li>
        <li>
            <a href="../faq.html">Faq</a>
        </li>
        <li>
            <a href="../customer-care.html">Support</a>
        </li>
        <li>
            <a href="../news.html">Blog</a>
        </li>
        <li>
            <a href="../terms-and-conditions.html">Conditions</a>
        </li>
        <li>
            <a href="../privacy-policy.html">Privacy policy</a>
        </li>
        <li>
            <a href="../login.html">Login</a>
        </li>
        <li>
             <a href="../sign-up.html">Sign up</a>
        </li>
    </ul>
</div><section class="first">
    <div id="menuCategories" class="colLeft">
    <ul id="main_nav" >
        <li>
            <a class="estDynamic" href="../on-offer.html">
               <img src="../../cdn.spesati.com/images/menu/on-sale.png"/>
               On sale            </a>
            <i class="fa fa-angle-right" aria-hidden="true"></i>
            <ul class="sub-menu">
                <li>
    <a href="../tacchino-fesa-a-fette.html" class="estDynamic">Tacchino Fesa A Fette</a>
</li><li>
    <a href="../amaro-montenegro-15lt.html" class="estDynamic">Amaro Montenegro 1,5lt</a>
</li><li>
    <a href="../carbone-di-legna-sacco-10kg.html" class="estDynamic">Carbone Di Legna Sacco 10Kg</a>
</li><li>
    <a href="../filu-e-ferru-silvio-carta-70cl.html" class="estDynamic">Filu E Ferru Silvio Carta 70Cl</a>
</li><li>
    <a href="../braciole-suino-con-cotenna.html" class="estDynamic">Braciole Suino Con Cotenna</a>
</li><li>
    <a href="../bovino-adulto-polpa.html" class="estDynamic">Bovino Adulto Polpa</a>
</li><li>
    <a href="../vino-la-palma-cannonau-le-bombarde.html" class="estDynamic">Vino La Palma Cannonau Le Bombarde</a>
</li><li>
    <a href="../fettine-sceltissime-bovino-adulto.html" class="estDynamic">Fettine Sceltissime Bovino Adulto</a>
</li><li>
    <a href="../suino-fettine-scelte.html" class="estDynamic">Suino Fettine Scelte</a>
</li><li>
    <a href="../lavazza-caffe-qualita-rossa-2x250gr.html" class="estDynamic">Lavazza Caffé Qualità Rossa 2x250gr</a>
</li>                <li>
                    <a class="estDynamic" href="../on-offer.html">All products on sale</a>
                </li>
            </ul>
        </li>
        <li>
            <a class="estDynamic" href="../gift.html">
               <img src="../../cdn.spesati.com/images/menu/gift.png"/>
               Gifts            </a>
            <i class="fa fa-angle-right" aria-hidden="true"></i>
            <ul class="sub-menu">
                <li>
    <a href="../gift-card-da-150.html" class="estDynamic">Gift Card Da 150</a>
</li><li>
    <a href="../gift-card-da-100.html" class="estDynamic">Gift Card Da 100</a>
</li><li>
    <a href="../gift-card-da-50.html" class="estDynamic">Gift Card Da 50</a>
</li><li>
    <a href="../gift-card-da-25.html" class="estDynamic">Gift Card Da 25</a>
</li>                <li>
                    <a class="estDynamic" href="../gift.html">All products in the gifts category</a>
                </li>
            </ul>
        </li>
        <li>
            <a class="estDynamic" href="../gift-card.html">
               <img src="../../cdn.spesati.com/images/menu/gift-card.png"/>
               Gift card and discounts            </a>
            <i class="fa fa-angle-right" aria-hidden="true"></i>
            <ul class="sub-menu">
                <li>
    <a href="../gift-card-da-150.html">Gift Card Da 150</a>
</li><li>
    <a href="../gift-card-da-100.html">Gift Card Da 100</a>
</li><li>
    <a href="../gift-card-da-50.html">Gift Card Da 50</a>
</li><li>
    <a href="../gift-card-da-25.html">Gift Card Da 25</a>
</li>            </ul>
        </li>
        <li>
            <a class="estDynamic" href="../fruit-and-vegetables.html">
               <img src="../../cdn.spesati.com/images/menu/fuit-and-vegetables.png"/>
               Fruit and vegetables           </a>
            <i class="fa fa-angle-right" aria-hidden="true"></i>
            <ul class="sub-menu">
                <li>
                    <a class="estDynamic" href="../fruit-and-vegetables/pulses-and-beans.html">Cereals and pulses and beans</a>
                </li>
                <li>
                    <a class="estDynamic" href="../fruit-and-vegetables/fruit.html">Fruit</a>
                </li>
                <li>
                    <a class="estDynamic" href="../fruit-and-vegetables/canned-fruit.html">Canned fruit</a>
                </li>
                <li>
                    <a class="estDynamic" href="../fruit-and-vegetables/dried-fruit.html">Dried fruit</a>
                </li>
                <li>
                    <a class="estDynamic" href="../fruit-and-vegetables/ready-salads.html">Ready salads</a>
                </li>
                <li>
                    <a class="estDynamic" href="../fruit-and-vegetables/fresh-spices.html">Fresh spices</a>
                </li>
                <li>
                    <a class="estDynamic" href="../fruit-and-vegetables/vegetables.html">Vegetables and soy</a>
                </li>
            </ul>
        </li>
        <li>
            <a class="estDynamic" href="../fresh-products.html">
                <img src="../../cdn.spesati.com/images/menu/fresh-products.png"/>
                Fresh products            </a>
            <i class="fa fa-angle-right" aria-hidden="true"></i>
            <ul class="sub-menu">
                <li>
                    <a class="estDynamic" href="../fresh-products/margarine-and-butter.html">Butter and margarine</a>
                </li>
                <li>
                    <a class="estDynamic" href="../fresh-products/danone.html">Danone</a>
                </li>
                <li>
                    <a class="estDynamic" href="../fresh-products/dessert.html">Dessert</a>
                </li>
                <li>
                    <a class="estDynamic" href="../fresh-products/sweets.html">Sweets</a>
                </li>
                <li>
                    <a class="estDynamic" href="../fresh-products/dairy-products.html">Dairy product</a>
                </li>
                <li>
                    <a class="estDynamic" href="../fresh-products/bakery.html">Yeast</a>
                </li>
                <li>
                    <a class="estDynamic" href="../fresh-products/mascarpone.html">Mascarpone</a>
                </li>
                <li>
                    <a class="estDynamic" href="../fresh-products/snacks.html">Snacks</a>
                </li>
                <li>
                    <a class="estDynamic" href="../fresh-products/mozzarella.html">Mozzarella</a>
                </li>
                <li>
                    <a class="estDynamic" href="../fresh-products/pasta.html">Pasta</a>
                </li>
                <li>
                    <a class="estDynamic" href="../fresh-products/pesto-and-sauces.html">Pesto and sauces</a>
                </li>
                <li>
                    <a class="estDynamic" href="../fresh-products/ricotta-and-cheese.html">Ricotta and cheese</a>
                </li>
                <li>
                    <a class="estDynamic" href="../fresh-products/cured-meat.html">Cured meat</a>
                </li>
                <li>
                    <a class="estDynamic" href="../fresh-products/wurstel.html">Würstel</a>
                </li>
                <li>
                    <a class="estDynamic" href="../fresh-products/yogurt.html">Yogurt</a>
                </li>
            </ul>
        </li>
        <li>
            <a class="estDynamic" href="../frozen-foods.html">
                <img src="../../cdn.spesati.com/images/menu/frozen-foods.png"/>
                Frozen foods            </a>
            <i class="fa fa-angle-right" aria-hidden="true"></i>
            <ul class="sub-menu">
                <li>
                    <a class="estDynamic" href="../frozen-foods/meat.html">Meat</a>
                </li>
                <li>
                    <a class="estDynamic" href="../frozen-foods/ice-creams.html">Ice cream and sweet</a>
                </li>
                <li>
                    <a class="estDynamic" href="../frozen-foods/pasta.html">Pasta</a>
                </li>
                <li>
                    <a class="estDynamic" href="../frozen-foods/fish.html">Fish</a>
                </li>
                <li>
                    <a class="estDynamic" href="../frozen-foods/ready-meals.html">Ready meals</a>
                </li>
                <li>
                    <a class="estDynamic" href="../frozen-foods/pizzas.html">Pizzas</a>
                </li>
                <li>
                    <a class="estDynamic" href="../frozen-foods/vegetables.html">Vegetables and soy</a>
                </li>
            </ul>
        </li>
        <li>
            <a class="estDynamic" href="../bread-and-pasta.html">
                <img src="../../cdn.spesati.com/images/menu/bread-and-pasta.png"/>
                Bread and pasta            </a>
            <i class="fa fa-angle-right" aria-hidden="true"></i>
            <ul class="sub-menu">
                <li>
                    <a class="estDynamic" href="../bread-and-pasta/crackers.html">Crackers</a>
                </li>
                <li>
                    <a class="estDynamic" href="../bread-and-pasta/rusks.html">Rusks</a>
                </li>
                <li>
                    <a class="estDynamic" href="../bread-and-pasta/white-bread.html">White bread</a>
                </li>
                <li>
                    <a class="estDynamic" href="../bread-and-pasta/local-bread.html">Local bread</a>
                </li>
                <li>
                    <a class="estDynamic" href="../bread-and-pasta/soft-bread.html">Soft bread</a>
                </li>
                <li>
                    <a class="estDynamic" href="../bread-and-pasta/sardinian-bread.html">Sardinian bread</a>
                </li>
                <li>
                    <a class="estDynamic" href="../bread-and-pasta/bakery.html">Bakery</a>
                </li>
                <li>
                    <a class="estDynamic" href="../bread-and-pasta/pasta.html">Pasta</a>
                </li>
                <li>
                    <a class="estDynamic" href="../bread-and-pasta/fresh-pasta.html">Fresh pasta</a>
                </li>
            </ul>
        </li>
        <li>
            <a class="estDynamic" href="../meat.html">
                <img src="../../cdn.spesati.com/images/menu/meat.png"/>
                Meat            </a>
            <i class="fa fa-angle-right" aria-hidden="true"></i>
            <ul class="sub-menu">
                <li>
                    <a class="estDynamic" href="../meat/beef.html">Beef</a>
                </li>
                <li>
                    <a class="estDynamic" href="../meat/goat.html">Goat</a>
                </li>
                <li>
                    <a class="estDynamic" href="../meat/packaged-meat.html">Packaged meat</a>
                </li>
                <li>
                    <a class="estDynamic" href="../meat/rabbit.html">Rabbit</a>
                </li>
                <li>
                    <a class="estDynamic" href="../meat/horse.html">Horse</a>
                </li>
                <li>
                    <a class="estDynamic" href="../meat/pork.html">Pork</a>
                </li>
                <li>
                    <a class="estDynamic" href="../meat/lamb.html">Lamb</a>
                </li>
                <li>
                    <a class="estDynamic" href="../meat/poultry.html">Poultry</a>
                </li>
            </ul>
        </li>
        <li>
            <a class="estDynamic" href="../fish.html">
                <img src="../../cdn.spesati.com/images/menu/fish.png"/>
                Fish            </a>
            <i class="fa fa-angle-right" aria-hidden="true"></i>
            <ul class="sub-menu">
                <li>
                    <a class="estDynamic" href="../fish/fresh-water.html">Fresh water</a>
                </li>
                <li>
                    <a class="estDynamic" href="../fish/salt-water.html">Salt water</a>
                </li>
                <li>
                    <a class="estDynamic" href="../fish/mussels.html">Mussels</a>
                </li>
                <li>
                    <a class="estDynamic" href="../fish/dried-and-salted.html">Dried and salted</a>
                </li>
                <li>
                    <a class="estDynamic" href="../fish/seafood-salad.html">Seafood salad</a>
                </li>
                <li>
                    <a class="estDynamic" href="../fish/prepared.html">Prepared</a>
                </li>
                <li>
                    <a class="estDynamic" href="../fish/specialty.html">Specialty</a>
                </li>   
                <li>
                    <a class="estDynamic" href="../fish/tuna-and-salmon.html">Tuna and salmon</a>
                </li>
            </ul>
        </li>
        <li>
            <a class="estDynamic" href="../wine-beer-and-spirits.html">
                <img src="../../cdn.spesati.com/images/menu/alcohol.png"/>
                Wine beer and spirits            </a>
            <i class="fa fa-angle-right" aria-hidden="true"></i>
            <ul class="sub-menu">
                <li>
                    <a class="estDynamic" href="../wine-beer-and-spirits/spirits-and-liquors.html">Alcohol</a>
                </li>
                <li>
                    <a class="estDynamic" href="../wine-beer-and-spirits/bitters.html">Bitters</a>
                </li>
                <li>
                    <a class="estDynamic" href="../wine-beer-and-spirits/aperatif.html">Aperatifs</a>
                </li>
                <li>
                    <a class="estDynamic" href="../wine-beer-and-spirits/beer.html">Beer</a>
                </li>
                <li>
                    <a class="estDynamic" href="../wine-beer-and-spirits/creams.html">Creams</a>
                </li>
                <li>
                    <a class="estDynamic" href="../wine-beer-and-spirits/spirits.html">Spirits</a>
                </li>
                <li>
                    <a class="estDynamic" href="../wine-beer-and-spirits/liquors.html">Liquors</a>
                </li>
                <li>
                    <a class="estDynamic" href="../wine-beer-and-spirits/white-wine.html">White wine</a>
                </li>
                <li>
                    <a class="estDynamic" href="../wine-beer-and-spirits/prosecco-wine.html">Prosecco wine</a>
                </li>
                <li>
                    <a class="estDynamic" href="../wine-beer-and-spirits/rose-wine.html">Rose wine</a>
                </li>
                <li>
                    <a class="estDynamic" href="../wine-beer-and-spirits/red-wine.html">Red wine</a>
                </li>
                <li>
                    <a class="estDynamic" href="../wine-beer-and-spirits/specialty-wine.html">Special wine</a>
                </li>
                <li>
                    <a class="estDynamic" href="../wine-beer-and-spirits/sparkling-wine.html">Sparkling wine</a>
                </li>
                <li>
                    <a class="estDynamic" href="../wine-beer-and-spirits/vermentino-wine.html">Vermentino wine</a>
                </li>
            </ul>
        </li>
        <li>
            <a class="estDynamic" href="../water-and-drinks.html">
                <img src="../../cdn.spesati.com/images/menu/water-and-drinks.png"/>
                Water and drinks            </a>
            <i class="fa fa-angle-right" aria-hidden="true"></i>
            <ul class="sub-menu">
                <li>
                    <a class="estDynamic" href="../water-and-drinks/san-martino.html">San Martino</a>
                </li>
                <li>
                    <a class="estDynamic" href="../water-and-drinks/water.html">Water</a>
                </li>
                <li>
                    <a class="estDynamic" href="../water-and-drinks/alpro.html">Alpro</a>
                </li>
                <li>
                    <a class="estDynamic" href="../water-and-drinks/fizzy-drinks.html">Fizzy drinks</a>
                </li>
                <li>
                    <a class="estDynamic" href="../water-and-drinks/coca-cola.html">Coca-Cola</a>
                </li>
                <li>
                    <a class="estDynamic" href="../water-and-drinks/energy-drink.html">Energy drink</a>
                </li>
                <li>
                    <a class="estDynamic" href="../water-and-drinks/syrups.html">Syrups</a>
                </li>
                <li>
                    <a class="estDynamic" href="../water-and-drinks/supplements.html">Supplements</a>
                </li>
                <li>
                    <a class="estDynamic" href="../water-and-drinks/instant-drinks.html">Instant drinks</a>
                </li>
                <li>
                    <a class="estDynamic" href="../water-and-drinks/juice.html">Juice</a>
                </li>
                <li>
                    <a class="estDynamic" href="../water-and-drinks/tea.html">Tea</a>
                </li>
            </ul>
        </li>
        <li>
            <a class="estDynamic" href="../sweets.html">
                <img src="../../cdn.spesati.com/images/menu/sweets.png"/>
                Sweets            </a>
            <i class="fa fa-angle-right" aria-hidden="true"></i>
            <ul class="sub-menu">
                <li>
                    <a class="estDynamic" href="bars-and-snacks.html">Bars and snacks</a>
                </li>
                <li>
                    <a class="estDynamic" href="biscuits.html">Biscuits</a>
                </li>
                <li>
                    <a class="estDynamic" href="brioches.html">Brioches</a>
                </li>
                <li>
                    <a class="estDynamic" href="candy-and-chewing-gum.html">Candy and chewing gum</a>
                </li>
                <li>
                    <a class="estDynamic" href="cereals.html">Cereals</a>
                </li>
                <li>
                    <a class="estDynamic" href="chocolate.html">Chocolate</a>
                </li>
                <li>
                    <a class="estDynamic" href="spreadable-creams.html">Spreads</a>
                </li>
                <li>
                    <a class="estDynamic" href="dessert-toppings.html">Dessert toppings</a>
                </li>
                <li>
                    <a class="estDynamic" href="jam.html">Jam</a>
                </li>
                <li>
                    <a class="estDynamic" href="honey.html">Honey</a>
                </li>
                <li>
                    <a class="estDynamic" href="panettoni-and-pandoro.html">Panettone and pandoro</a>
                </li>
                <li>
                    <a class="estDynamic" href="pastry.html">Pastry</a>
                </li>
                <li>
                    <a class="estDynamic" href="instant-dessert.html">Prepared</a>
                </li>
                <li>
                    <a class="estDynamic" href="cakes-and-pies.html">Cakes and pies</a>
                </li>
                <li>
                    <a class="estDynamic" href="easter-eggs-and-doves.html">Easter eggs and doves</a>
                </li>
            </ul>
        </li>
        <li>
            <a class="estDynamic" href="../shelf.html">
                <img src="../../cdn.spesati.com/images/menu/shelf.png"/>
                Cupboard            </a>
            <i class="fa fa-angle-right" aria-hidden="true"></i>
            <ul class="sub-menu">
                <li>
                    <a class="estDynamic" href="../shelf/coffee.html">Coffee</a>
                </li>
                <li>
                    <a class="estDynamic" href="../shelf/gift-baskets.html">Gift baskets</a>
                </li>
                <li>
                    <a class="estDynamic" href="../shelf/stock-cubes.html">Nuts and preparations</a>
                </li>
                <li>
                    <a class="estDynamic" href="../shelf/flour-and-baking.html">Flour and baking</a>
                </li>
                <li>
                    <a class="estDynamic" href="../shelf/milk.html">Milk</a>
                </li>
                <li>
                    <a class="estDynamic" href="../shelf/oil-salt-vinegar.html">Oil, vinegar and salt</a>
                </li>
                <li>
                    <a class="estDynamic" href="../shelf/cream-and-bechamel.html">Cream and bechamel</a>
                </li>
                <li>
                    <a class="estDynamic" href="../shelf/crisps-and-pretzels.html">Crisps and pretzels</a>
                </li>
                <li>
                    <a class="estDynamic" href="../shelf/baby-and-infants-products.html">Early childhood products</a>
                </li>
                <li>
                    <a class="estDynamic" href="../shelf/rice.html">Rice</a>
                </li>
                <li>
                    <a class="estDynamic" href="../shelf/tins-and-preserves.html">Tins and Preserves</a>
                </li>
                <li>
                    <a class="estDynamic" href="../shelf/spices.html">Spices</a>
                </li>
                <li>
                    <a class="estDynamic" href="../shelf/sauces.html">Sauces</a>
                </li>
                <li>
                    <a class="estDynamic" href="../shelf/tea-and-infusions.html">Tea and infusions</a>
                </li>
                <li>
                    <a class="estDynamic" href="../shelf/eggs.html">Eggs</a>
                </li>
                <li>
                    <a class="estDynamic" href="../shelf/sugar-and-sweeteners.html">Sugar and sweeteners</a>
                </li>
            </ul>
        </li>
        <li>
            <a class="estDynamic" href="../personal-care.html">
                <img src="../../cdn.spesati.com/images/menu/personal-care.png"/>
                Personal care            </a>
            <i class="fa fa-angle-right" aria-hidden="true"></i>
            <ul class="sub-menu">
                <li>
                    <a class="estDynamic" href="../personal-care/accessories-and-cotton.html">Accessories and cotton</a>
                </li>
                <li>
                    <a class="estDynamic" href="../personal-care/feminine-care-incontinence-and-baby-diapers.html">Feminine incontinence and diapers</a>
                </li>
                <li>
                    <a class="estDynamic" href="../personal-care/shower-gel.html">Shower gel</a>
                </li>
                <li>
                    <a class="estDynamic" href="../personal-care/creams.html">Creams</a>
                </li>
                <li>
                    <a class="estDynamic" href="../personal-care/deodorant.html">Deodorant</a>
                </li>
                <li>
                    <a class="estDynamic" href="../personal-care/hair-removal.html">Hair removal</a>
                </li>
                <li>
                    <a class="estDynamic" href="../personal-care/disinfectants.html">Disinfectants</a>
                </li>
                <li>
                    <a class="estDynamic" href="../personal-care/oral-hygiene.html">Oral hygiene</a>
                </li>
                <li>
                    <a class="estDynamic" href="../personal-care/supplements-and-multivitamins.html">Supplements and multivitamins</a>
                </li>
                <li>
                    <a class="estDynamic" href="../personal-care/first-aid.html">First aid label</a>
                </li>
                <li>
                    <a class="estDynamic" href="../personal-care/beard-products.html">Beard products</a>
                </li>
                <li>
                    <a class="estDynamic" href="../personal-care/hairs-products.html">Hair products</a>
                </li>
                <li>
                    <a class="estDynamic" href="../personal-care/perfume.html">Perfumes</a>
                </li>
                <li>
                    <a class="estDynamic" href="../personal-care/wipes.html">Wipes</a>
                </li>
                <li>
                    <a class="estDynamic" href="../personal-care/soaps-and-body-wash.html">Soaps and body wash</a>
                </li>
                <li>
                    <a class="estDynamic" href="../personal-care/shampoo-and-conditioner.html">Shampoo and conditioner</a>
                </li>
            </ul>
        </li>
        <li>
            <a class="estDynamic" href="../household-and-outdoors.html">
                <img src="../../cdn.spesati.com/images/menu/pellet-and-home.png"/>
                Home and outdoors 
            </a>
            <i class="fa fa-angle-right" aria-hidden="true"></i>
            <ul class="sub-menu">
                <li>
                    <a class="estDynamic" href="../household-and-outdoors/distilled-water.html">Distilled water</a>
                </li>
                <li>
                    <a class="estDynamic" href="../household-and-outdoors/car-products.html">Cars</a>
                </li>
                <li>
                    <a class="estDynamic" href="../household-and-outdoors/bin-bags-and-buckets.html">Bin bags and buckets</a>
                </li>
                <li>
                    <a class="estDynamic" href="../household-and-outdoors/bleach-and-stain-removers.html">Bleach and stain removers</a>
                </li>
                <li>
                    <a class="estDynamic" href="../household-and-outdoors/candles.html">Candles</a>
                </li>
                <li>
                    <a class="estDynamic" href="../household-and-outdoors/kitchen-roll.html">Kitchen roll</a>
                </li>
                <li>
                    <a class="estDynamic" href="../household-and-outdoors/air-fresheners.html">Air fresheners</a>
                </li>
                <li>
                    <a class="estDynamic" href="../household-and-outdoors/laundry-accessories-and-detergent.html">Laundry detergent</a>
                </li>
                <li>
                    <a class="estDynamic" href="../household-and-outdoors/dishwasher-and-washing-up.html">Dishwasher and washing up</a>
                </li>
                <li>
                    <a class="estDynamic" href="../household-and-outdoors/gardening.html">Gardening</a>
                </li>
                <li>
                    <a class="estDynamic" href="../household-and-outdoors/light-bulbs-and-batteries.html">Lightbulbs and batteries</a>
                </li>
                <li>
                    <a class="estDynamic" href="../household-and-outdoors/pellet-and-bbq.html">Pellet and BBQ</a>
                </li>
                <li>
                    <a class="estDynamic" href="../household-and-outdoors/bathroom-products.html">Bathroom products</a>
                </li>
                <li>
                    <a class="estDynamic" href="../household-and-outdoors/home-and-furniture-products.html">Home and furniture products</a>
                </li>
                <li>
                    <a class="estDynamic" href="../household-and-outdoors/kitchen-products.html">Kitchen products</a>
                </li>
                <li>
                    <a class="estDynamic" href="../household-and-outdoors/window-and-floor-cleaners.html">Window and floor cleaner</a>
                </li>
                <li>
                    <a class="estDynamic" href="../household-and-outdoors/repellents.html">Repellents</a>
                </li>
                <li>
                    <a class="estDynamic" href="../household-and-outdoors/disposable-tableware.html">Disposable tableware</a>
                </li>
            </ul>
        </li>
        <li>
            <a class="estDynamic" href="../pet.html">
                <img src="../../cdn.spesati.com/images/menu/animals.png"/>
                Pets            </a>
            <i class="fa fa-angle-right" aria-hidden="true"></i>
            <ul class="sub-menu">
                <li>
                    <a class="estDynamic" href="../pets/pet-food-other-animals.html">Other animals pet food</a>
                </li>
                <li>
                    <a class="estDynamic" href="../pets/pet-food-dogs.html">Pet food dogs</a>
                </li>
                <li>
                    <a class="estDynamic" href="../pets/pet-food-cats.html">Pet food cats</a>
                </li>
                <li>
                    <a class="estDynamic" href="../pets/hygiene-and-cleaning.html">Hygiene and cleaning</a>
                </li>
            </ul>
        </li>
        <li>
            <a class="estDynamic" href="../technology.html">
                <img src="../../cdn.spesati.com/images/menu/technology.png"/>
                Technology            </a>
            <i class="fa fa-angle-right" aria-hidden="true"></i>
            <ul class="sub-menu">
                <li>
                    <a class="estDynamic" href="../technology/accessories.html">Accessories</a>
                </li>
                <li>
                    <a class="estDynamic" href="../technology/computer.html">Computer</a>
                </li>
                <li>
                    <a class="estDynamic" href="../technology/telephones.html">Telephones</a>
                </li>
                <li>
                    <a class="estDynamic" href="../technology/tv.html">TV</a>
                </li>
            </ul>
        </li>
        <li>
            <a class="estDynamic" href="../gluten-free.html">
                <img src="../../cdn.spesati.com/images/menu/gluten-free.png"/>
                Gluten free            </a>
            <i class="fa fa-angle-right" aria-hidden="true"></i>
            <ul class="sub-menu">
                <li>
                    <a class="estDynamic" href="../gluten-free/frozen-foods.html">Frozen foods</a>
                </li>
                <li>
                    <a class="estDynamic" href="../gluten-free/beer.html">Beer</a>
                </li>
                <li>
                    <a class="estDynamic" href="../gluten-free/sweets.html">Sweets</a>
                </li>
                <li>
                    <a class="estDynamic" href="../gluten-free/bread-and-pasta.html">Bread and pasta</a>
                </li>
                <li>
                    <a class="estDynamic" href="../gluten-free/shelf.html">Cupboard</a>
                </li>
            </ul>
        </li>
        <li>
            <a class="estDynamic" href="../lactose-free.html">
                <img src="../../cdn.spesati.com/images/menu/lactose-free.png"/>
                Lactose free            </a>
            <i class="fa fa-angle-right" aria-hidden="true"></i>
            <ul class="sub-menu">
                <li>
                    <a class="estDynamic" href="../lactose-free/frozen-foods.html">Frozen foods</a>
                </li>
                <li>
                    <a class="estDynamic" href="../lactose-free/sweets.html">Sweets</a>
                </li>
                <li>
                    <a class="estDynamic" href="../lactose-free/dairy-product.html">Dairy product</a>
                </li>
                <li>
                    <a class="estDynamic" href="../lactose-free/shelf.html">Cupboard</a>
                </li>
            </ul>
        </li>
        <li>
            <a class="estDynamic" href="../special.html">
                <img src="../../cdn.spesati.com/images/menu/special.png"/>
                Special            </a>
            <i class="fa fa-angle-right" aria-hidden="true"></i>
            <ul class="sub-menu">
                <li>
                    <a class="estDynamic" href="../special/alpro.html">Alpro</a>
                </li>
                <li>
                    <a class="estDynamic" href="../special/organic.html">Biological</a>
                </li>
                <li>
                    <a class="estDynamic" href="../special/meat.html">Meat</a>
                </li>
                <li>
                    <a class="estDynamic" href="../special/wholegrain.html">Wholegrain</a>
                </li>
                <li>
                    <a class="estDynamic" href="../special/bread-and-pasta.html">Bread and pasta</a>
                </li>
                <li>
                    <a class="estDynamic" href="../special/vegan.html">Vegan</a>
                </li>
            </ul>
        </li>
        <li>
            <a class="estDynamic" href="../sardinian-products.html">
                <img src="../../cdn.spesati.com/images/menu/sardinian-products.png"/>
                Sardinian products            </a>
            <i class="fa fa-angle-right" aria-hidden="true"></i>
            <ul class="sub-menu">
                <li>
                    <a class="estDynamic" href="../sardinian-products/drinks.html">Drinks</a>
                </li>
                <li>
                    <a class="estDynamic" href="../sardinian-products/meat.html">Meat</a>
                </li>
                <li>
                    <a class="estDynamic" href="../sardinian-products/sweets.html">Sweets</a>
                </li>
                <li>
                    <a class="estDynamic" href="../sardinian-products/fruit-and-vegetables.html">Fruit and vegetables</a>
                </li>
                <li>
                    <a class="estDynamic" href="../sardinian-products/ichnusa.html">Ichnusa</a>
                </li>
                <li>
                    <a class="estDynamic" href="../sardinian-products/dairy-product.html">Dairy product</a>
                </li>
                <li>
                    <a class="estDynamic" href="../sardinian-products/bread-and-pasta.html">Bread and pasta</a>
                </li>
                <li>
                    <a class="estDynamic" href="../sardinian-products/fish.html">Fish</a>
                </li>
                <li>
                    <a class="estDynamic" href="../sardinian-products/cured-meat.html">Cured meat</a>
                </li>
                <li>
                    <a class="estDynamic" href="../sardinian-products/shelf.html">Cupboard</a>
                </li>
                <li>
                    <a class="estDynamic" href="../sardinian-products/vermentino-wine.html">Vermentino wine</a>
                </li>
                <li>
                    <a class="estDynamic" href="../sardinian-products/wine-beer-and-spirits.html">Wine beer and spirits</a>
                </li>
            </ul>
        </li>
    </ul>
</div>    <div class="colRight">
        <div class="title mobile">
	<a href="../sweets.html"><i class="fa red fa-angle-left fa-3x mobile" aria-hidden="true"></i></a>
	<h2>
		<b>
			jam		</b>
	</h2>
</div>

<div class="breadcrumb bgGrey internal">
	<p>
		<b>
			<a href="../index.html">Home</a>
												&gt; <a href="../sweets.html">Sweets</a>
																&gt; Jam									</b>
	</p>
	<div>
		<p>Order by</p>
		<select name="orderProd" id="orderProd">
			<option disabled="disabled" selected="selected">- Choose -</option>
			<option value="nameAsc">Name (A - Z)</option>
			<option value="nameDes">Name (Z - A)</option>
			<option value="priceHigh">Price - High to low</option>
			<option value="priceLow">Price - Low to high</option>
			<option value="soldAsc">Best Selling</option>
			<option value="available">Availability</option>
		</select>
	</div>
</div>
        <div class="containerProduct">
            <script type='text/javascript'>var track = '{"event":"ViewContent", "type":"category", "id":"Dolciumi", "subids":["Marmellata-Confetture"], "url":"https://www.spesati.com/sweets/jam"}';</script>
<script>
gtag('event', 'select_content', {content_type: 'category', item_id: 'Dolciumi'});gtag('event', 'select_content', {content_type: 'category', item_id: 'Marmellata-Confetture'});
</script>
<div class="left product prod1"
        data-name="Conf Zuegg Zero Zucc Mirt 220g"
        data-price="3.39"
        data-id="78994"
        data-available="yes"
        data-category="2188"
        data-bestselling="">
    <a href="../conf-zuegg-zero-zucc-mirt-220g.html">
        <div style="background-image: url('../../cdn.spesati.com/images/products/000472918/zuegg-zero-zuccheri-aggiunti-mirtilli-neri-220-g-01.png')">
            <div class="hover"></div>
            
            <div class="stickers"></div>
        </div>
    </a>
    <div>
        <h4><a href="../conf-zuegg-zero-zucc-mirt-220g.html"><b>Conf Zuegg Zero Zucc Mirt 220g</b></a></h4>
        <p class="description">Zuegg Zero Zuccheri Aggiunti* Mirtilli Neri 220 g</p>
        <p class="right price"><b>3.39 €</b></p>
        <p class="right unitPrice">15.41 € per kg</p>
    </div>
    <div class="contButton">
    <a class="button bgRed white addToCart" href="#">Add</a>
</div>
</div><div class="left product prod2"
        data-name="Conf Zuegg Zero Zucc Aran 220g"
        data-price="3.39"
        data-id="78991"
        data-available="yes"
        data-category="2188"
        data-bestselling="">
    <a href="../conf-zuegg-zero-zucc-aran-220g.html">
        <div style="background-image: url('../../cdn.spesati.com/images/products/000472917/zuegg-zero-zuccheri-aggiunti-arance-220-g-01.png')">
            <div class="hover"></div>
            
            <div class="stickers"></div>
        </div>
    </a>
    <div>
        <h4><a href="../conf-zuegg-zero-zucc-aran-220g.html"><b>Conf Zuegg Zero Zucc Aran 220g</b></a></h4>
        <p class="description">Zuegg Zero Zuccheri Aggiunti* Arance 220 g</p>
        <p class="right price"><b>3.39 €</b></p>
        <p class="right unitPrice">15.41 € per kg</p>
    </div>
    <div class="contButton">
    <a class="button bgRed white addToCart" href="#">Add</a>
</div>
</div><div class="left product prod3"
        data-name="Conf Rigoni Natu'mirt Ner 240g"
        data-price="3.75"
        data-id="81473"
        data-available="yes"
        data-category="2188"
        data-bestselling="">
    <a href="../conf-rigoni-natumirt-ner-240g.html">
        <div style="background-image: url('../../cdn.spesati.com/images/products/000443206/rigoni-di-asiago-natu-senza-zuccheri-aggiunti-mirtilli-neri-di-bosco-bio-240-g-01.png')">
            <div class="hover"></div>
            
            <div class="stickers"></div>
        </div>
    </a>
    <div>
        <h4><a href="../conf-rigoni-natumirt-ner-240g.html"><b>Conf Rigoni Natu'mirt Ner 240g</b></a></h4>
        <p class="description">Rigoni di Asiago Natù Senza Zuccheri Aggiunti* Mirtilli neri di bosco bio 240 g</p>
        <p class="right price"><b>3.75 €</b></p>
        <p class="right unitPrice">15.62 € per kg</p>
    </div>
    <div class="contButton">
    <a class="button bgRed white addToCart" href="#">Add</a>
</div>
</div><div class="left product prod4"
        data-name="Conf Zuegg Poker Pesca 4x25gr"
        data-price="1.55"
        data-id="60546"
        data-available="yes"
        data-category="2188"
        data-bestselling="">
    <a href="../conf-zuegg-poker-pesca-4x25gr.html">
        <div style="background-image: url('../../cdn.spesati.com/images/products/000437571/zuegg-i-frutteti-di-oswald-zuegg-pesche-4-x-25-g-01.png')">
            <div class="hover"></div>
            
            <div class="stickers"></div>
        </div>
    </a>
    <div>
        <h4><a href="../conf-zuegg-poker-pesca-4x25gr.html"><b>Conf Zuegg Poker Pesca 4x25gr</b></a></h4>
        <p class="description">Zuegg I frutteti di Oswald Zuegg Pesche 4 x 25 g</p>
        <p class="right price"><b>1.55 €</b></p>
        <p class="right unitPrice">15.50 € per kg</p>
    </div>
    <div class="contButton">
    <a class="button bgRed white addToCart" href="#">Add</a>
</div>
</div><div class="left product prod5"
        data-name="Conf Zuegg Poker Cilieg 4x25gr"
        data-price="1.55"
        data-id="60543"
        data-available="yes"
        data-category="2188"
        data-bestselling="">
    <a href="../conf-zuegg-poker-cilieg-4x25gr.html">
        <div style="background-image: url('../../cdn.spesati.com/images/products/000437570/zuegg-i-frutteti-di-oswald-zuegg-ciliegie-4-x-25-g-01.png')">
            <div class="hover"></div>
            
            <div class="stickers"></div>
        </div>
    </a>
    <div>
        <h4><a href="../conf-zuegg-poker-cilieg-4x25gr.html"><b>Conf Zuegg Poker Cilieg 4x25gr</b></a></h4>
        <p class="description">Zuegg I frutteti di Oswald Zuegg Ciliegie 4 x 25 g</p>
        <p class="right price"><b>1.55 €</b></p>
        <p class="right unitPrice">15.50 € per kg</p>
    </div>
    <div class="contButton">
    <a class="button bgRed white addToCart" href="#">Add</a>
</div>
</div><div class="left product prod6"
        data-name="Conf Zuegg Poker Albic 4x25gr"
        data-price="1.55"
        data-id="60540"
        data-available="yes"
        data-category="2188"
        data-bestselling="">
    <a href="../conf-zuegg-poker-albic-4x25gr.html">
        <div style="background-image: url('../../cdn.spesati.com/images/products/000437569/zuegg-albicocche-4-x-25-g-01.png')">
            <div class="hover"></div>
            
            <div class="stickers"></div>
        </div>
    </a>
    <div>
        <h4><a href="../conf-zuegg-poker-albic-4x25gr.html"><b>Conf Zuegg Poker Albic 4x25gr</b></a></h4>
        <p class="description">Zuegg Albicocche 4 x 25 g</p>
        <p class="right price"><b>1.55 €</b></p>
        <p class="right unitPrice">15.50 € per kg</p>
    </div>
    <div class="contButton">
    <a class="button bgRed white addToCart" href="#">Add</a>
</div>
</div><div class="left product prod7"
        data-name="Conf Zuegg Fr Bosc 100% Fr 250"
        data-price="3.65"
        data-id="27963"
        data-available="yes"
        data-category="2188"
        data-bestselling="">
    <a href="../conf-zuegg-fr-bosc-100-fr-250.html">
        <div style="background-image: url('../../cdn.spesati.com/images/products/000202483/zuegg-100-da-frutta-frutti-di-bosco-250-g-01.png')">
            <div class="hover"></div>
            
            <div class="stickers"></div>
        </div>
    </a>
    <div>
        <h4><a href="../conf-zuegg-fr-bosc-100-fr-250.html"><b>Conf Zuegg Fr Bosc 100% Fr 250</b></a></h4>
        <p class="description">Zuegg 100% da Frutta Frutti di Bosco 250 g</p>
        <p class="right price"><b>3.65 €</b></p>
        <p class="right unitPrice">14.60 € per kg</p>
    </div>
    <div class="contButton">
    <a class="button bgRed white addToCart" href="#">Add</a>
</div>
</div><div class="left product prod8"
        data-name="Conf Zuegg Zer Zucc Fragol 220"
        data-price="3.39"
        data-id="88002"
        data-available="yes"
        data-category="2188"
        data-bestselling="">
    <a href="../conf-zuegg-zer-zucc-fragol-220.html">
        <div style="background-image: url('../../cdn.spesati.com/images/products/000113922/zuegg-zero-zuccheri-aggiunti-fragole-e-fragoline-di-bosco-220-g-01.png')">
            <div class="hover"></div>
            
            <div class="stickers"></div>
        </div>
    </a>
    <div>
        <h4><a href="../conf-zuegg-zer-zucc-fragol-220.html"><b>Conf Zuegg Zer Zucc Fragol 220</b></a></h4>
        <p class="description">Zuegg Zero Zuccheri Aggiunti* Fragole e Fragoline di Bosco 220 g</p>
        <p class="right price"><b>3.39 €</b></p>
        <p class="right unitPrice">15.41 € per kg</p>
    </div>
    <div class="contButton">
    <a class="button bgRed white addToCart" href="#">Add</a>
</div>
</div><div class="left product prod9"
        data-name="Conf Zuegg Zer Zucc Cilieg 220"
        data-price="3.39"
        data-id="87999"
        data-available="yes"
        data-category="2188"
        data-bestselling="">
    <a href="../conf-zuegg-zer-zucc-cilieg-220.html">
        <div style="background-image: url('../../cdn.spesati.com/images/products/000113921/zuegg-zero-zuccheri-aggiunti-ciliegie-nere-220-g-01.png')">
            <div class="hover"></div>
            
            <div class="stickers"></div>
        </div>
    </a>
    <div>
        <h4><a href="../conf-zuegg-zer-zucc-cilieg-220.html"><b>Conf Zuegg Zer Zucc Cilieg 220</b></a></h4>
        <p class="description">Zuegg Zero Zuccheri Aggiunti* Ciliegie Nere 220 g</p>
        <p class="right price"><b>3.39 €</b></p>
        <p class="right unitPrice">15.41 € per kg</p>
    </div>
    <div class="contButton">
    <a class="button bgRed white addToCart" href="#">Add</a>
</div>
</div><div class="left product prod10"
        data-name="Conf Zuegg Zer Zucch Albic 220"
        data-price="3.39"
        data-id="87993"
        data-available="yes"
        data-category="2188"
        data-bestselling="">
    <a href="../conf-zuegg-zer-zucch-albic-220.html">
        <div style="background-image: url('../../cdn.spesati.com/images/products/000113919/zuegg-zero-zuccheri-aggiunti-albicocche-220-g-01.png')">
            <div class="hover"></div>
            
            <div class="stickers"></div>
        </div>
    </a>
    <div>
        <h4><a href="../conf-zuegg-zer-zucch-albic-220.html"><b>Conf Zuegg Zer Zucch Albic 220</b></a></h4>
        <p class="description">Zuegg Zero Zuccheri Aggiunti* Albicocche 220 g</p>
        <p class="right price"><b>3.39 €</b></p>
        <p class="right unitPrice">15.41 € per kg</p>
    </div>
    <div class="contButton">
    <a class="button bgRed white addToCart" href="#">Add</a>
</div>
</div><div class="left product prod11"
        data-name="Conf Zuegg Mirtilli Selv 320gr"
        data-price="3.26"
        data-id="88359"
        data-available="yes"
        data-category="2188"
        data-bestselling="">
    <a href="../conf-zuegg-mirtilli-selv-320gr.html">
        <div style="background-image: url('../../cdn.spesati.com/images/products/000112803/zuegg-i-frutteti-di-oswald-zuegg-mirtilli-neri-selvatici-320-g-01.png')">
            <div class="hover"></div>
            
            <div class="stickers"></div>
        </div>
    </a>
    <div>
        <h4><a href="../conf-zuegg-mirtilli-selv-320gr.html"><b>Conf Zuegg Mirtilli Selv 320gr</b></a></h4>
        <p class="description">Zuegg I frutteti di Oswald Zuegg Mirtilli Neri Selvatici 320 g</p>
        <p class="right price"><b>3.26 €</b></p>
        <p class="right unitPrice">10.18 € per kg</p>
    </div>
    <div class="contButton">
    <a class="button bgRed white addToCart" href="#">Add</a>
</div>
</div><div class="left product prod12"
        data-name="Rigoni Confettura Senza Zucchero Bio Fragola"
        data-price="4.19"
        data-id="3828"
        data-available="yes"
        data-category="2188"
        data-bestselling="1">
    <a href="../rigoni-confettura-senza-zucchero-bio-fragola.html">
        <div style="background-image: url('../../cdn.spesati.com/images/products/000112298/rigoni-di-asiago-fiordifrutta-fragole-e-fragoline-di-bosco-bio-250-g-01.png')">
            <div class="hover"></div>
            <p class="arrow bgRed white">Best Seller</p>
            <div class="stickers"><img class="left" src="../../cdn.spesati.com/images/layout/bio.png" /></div>
        </div>
    </a>
    <div>
        <h4><a href="../rigoni-confettura-senza-zucchero-bio-fragola.html"><b>Rigoni Confettura Senza Zucchero Bio Fragola</b></a></h4>
        <p class="description">Rigoni di Asiago Fiordifrutta Fragole e fragoline di bosco bio 250 g</p>
        <p class="right price"><b>4.19 €</b></p>
        <p class="right unitPrice">16.76 € per kg</p>
    </div>
    <div class="contButton">
    <a class="button bgRed white addToCart" href="#">Add</a>
</div>
</div><div class="left product prod13"
        data-name="Conf Hero Prugne 120x25 Gr"
        data-price="51.52"
        data-id="25813"
        data-available="yes"
        data-category="2188"
        data-bestselling="">
    <a href="../conf-hero-prugne-120x25-gr.html">
        <div style="background-image: url('../../cdn.spesati.com/images/products/000111794/hero-confettura-extra-prugna-120-x-25-g-01.png')">
            <div class="hover"></div>
            
            <div class="stickers"></div>
        </div>
    </a>
    <div>
        <h4><a href="../conf-hero-prugne-120x25-gr.html"><b>Conf Hero Prugne 120x25 Gr</b></a></h4>
        <p class="description">Hero Confettura Extra Prugna 120 x 25 g</p>
        <p class="right price"><b>51.52 €</b></p>
        <p class="right unitPrice">17.17 € per kg</p>
    </div>
    <div class="contButton">
    <a class="button bgRed white addToCart" href="#">Add</a>
</div>
</div><div class="left product prod14"
        data-name="Conf Hero Albicocca 120x25 Gr"
        data-price="51.52"
        data-id="25811"
        data-available="yes"
        data-category="2188"
        data-bestselling="">
    <a href="../conf-hero-albicocca-120x25-gr.html">
        <div style="background-image: url('../../cdn.spesati.com/images/products/000111786/hero-confettura-extra-albicocca-120-x-25-g-01.png')">
            <div class="hover"></div>
            
            <div class="stickers"></div>
        </div>
    </a>
    <div>
        <h4><a href="../conf-hero-albicocca-120x25-gr.html"><b>Conf Hero Albicocca 120x25 Gr</b></a></h4>
        <p class="description">Hero Confettura Extra Albicocca 120 x 25 g</p>
        <p class="right price"><b>51.52 €</b></p>
        <p class="right unitPrice">17.17 € per kg</p>
    </div>
    <div class="contButton">
    <a class="button bgRed white addToCart" href="#">Add</a>
</div>
</div><div class="left product prod15"
        data-name="Conf Hero Fr Bosco 120x25 Gr"
        data-price="52.76"
        data-id="25810"
        data-available="yes"
        data-category="2188"
        data-bestselling="">
    <a href="../conf-hero-fr-bosco-120x25-gr.html">
        <div style="background-image: url('../../cdn.spesati.com/images/products/000111785/hero-confettura-extra-frutti-di-bosco-120-x-25-g-01.png')">
            <div class="hover"></div>
            
            <div class="stickers"></div>
        </div>
    </a>
    <div>
        <h4><a href="../conf-hero-fr-bosco-120x25-gr.html"><b>Conf Hero Fr Bosco 120x25 Gr</b></a></h4>
        <p class="description">Hero Confettura Extra Frutti di bosco 120 x 25 g</p>
        <p class="right price"><b>52.76 €</b></p>
        <p class="right unitPrice">17.59 € per kg</p>
    </div>
    <div class="contButton">
    <a class="button bgRed white addToCart" href="#">Add</a>
</div>
</div><div class="left product prod16"
        data-name="Conf Hero Ciliegia 120x25 Gr"
        data-price="51.52"
        data-id="25809"
        data-available="yes"
        data-category="2188"
        data-bestselling="">
    <a href="../conf-hero-ciliegia-120x25-gr.html">
        <div style="background-image: url('../../cdn.spesati.com/images/products/000111784/hero-confettura-extra-ciliegia-rossa-120-x-25-g-01.png')">
            <div class="hover"></div>
            
            <div class="stickers"></div>
        </div>
    </a>
    <div>
        <h4><a href="../conf-hero-ciliegia-120x25-gr.html"><b>Conf Hero Ciliegia 120x25 Gr</b></a></h4>
        <p class="description">Hero Confettura Extra Ciliegia rossa 120 x 25 g</p>
        <p class="right price"><b>51.52 €</b></p>
        <p class="right unitPrice">17.17 € per kg</p>
    </div>
    <div class="contButton">
    <a class="button bgRed white addToCart" href="#">Add</a>
</div>
</div><div class="left product prod17"
        data-name="Conf Hero Fragola 120x25 Gr"
        data-price="51.52"
        data-id="25808"
        data-available="yes"
        data-category="2188"
        data-bestselling="">
    <a href="../conf-hero-fragola-120x25-gr.html">
        <div style="background-image: url('../../cdn.spesati.com/images/products/000111783/hero-confettura-extra-fragola-120-x-25-g-01.png')">
            <div class="hover"></div>
            
            <div class="stickers"></div>
        </div>
    </a>
    <div>
        <h4><a href="../conf-hero-fragola-120x25-gr.html"><b>Conf Hero Fragola 120x25 Gr</b></a></h4>
        <p class="description">Hero Confettura Extra Fragola 120 x 25 g</p>
        <p class="right price"><b>51.52 €</b></p>
        <p class="right unitPrice">17.17 € per kg</p>
    </div>
    <div class="contButton">
    <a class="button bgRed white addToCart" href="#">Add</a>
</div>
</div><div class="left product prod18"
        data-name="Conf Hero Pesca 120x25 Gr"
        data-price="51.52"
        data-id="25807"
        data-available="yes"
        data-category="2188"
        data-bestselling="">
    <a href="../conf-hero-pesca-120x25-gr.html">
        <div style="background-image: url('../../cdn.spesati.com/images/products/000111782/hero-confettura-extra-pesca-120-x-25-g-01.png')">
            <div class="hover"></div>
            
            <div class="stickers"></div>
        </div>
    </a>
    <div>
        <h4><a href="../conf-hero-pesca-120x25-gr.html"><b>Conf Hero Pesca 120x25 Gr</b></a></h4>
        <p class="description">Hero Confettura Extra Pesca 120 x 25 g</p>
        <p class="right price"><b>51.52 €</b></p>
        <p class="right unitPrice">17.17 € per kg</p>
    </div>
    <div class="contButton">
    <a class="button bgRed white addToCart" href="#">Add</a>
</div>
</div><div class="left product prod19"
        data-name="Conf M&g Pesca Vas 48x28gr"
        data-price="25.49"
        data-id="25758"
        data-available="yes"
        data-category="2188"
        data-bestselling="">
    <a href="../conf-mg-pesca-vas-48x28gr.html">
        <div style="background-image: url('../../cdn.spesati.com/images/products/000111672/menz-gasser-confettura-extra-di-pesche-48-x-28-g-01.png')">
            <div class="hover"></div>
            
            <div class="stickers"></div>
        </div>
    </a>
    <div>
        <h4><a href="../conf-mg-pesca-vas-48x28gr.html"><b>Conf M&g Pesca Vas 48x28gr</b></a></h4>
        <p class="description">Menz & Gasser Confettura Extra di Pesche 48 x 28 g</p>
        <p class="right price"><b>25.49 €</b></p>
        <p class="right unitPrice">18.96 € per kg</p>
    </div>
    <div class="contButton">
    <a class="button bgRed white addToCart" href="#">Add</a>
</div>
</div><div class="left product prod20"
        data-name="Conf M&g Mirt Nero Vas 48x28gr"
        data-price="24.42"
        data-id="25757"
        data-available="yes"
        data-category="2188"
        data-bestselling="">
    <a href="../conf-mg-mirt-nero-vas-48x28gr.html">
        <div style="background-image: url('../../cdn.spesati.com/images/products/000111671/menz-gasser-confettura-extra-di-mirtilli-48-x-28-g-01.png')">
            <div class="hover"></div>
            
            <div class="stickers"></div>
        </div>
    </a>
    <div>
        <h4><a href="../conf-mg-mirt-nero-vas-48x28gr.html"><b>Conf M&g Mirt Nero Vas 48x28gr</b></a></h4>
        <p class="description">Menz & Gasser Confettura Extra di Mirtilli 48 x 28 g</p>
        <p class="right price"><b>24.42 €</b></p>
        <p class="right unitPrice">18.17 € per kg</p>
    </div>
    <div class="contButton">
    <a class="button bgRed white addToCart" href="#">Add</a>
</div>
</div><div class="left product prod21"
        data-name="Conf M&g Fr Bosco Vas 48x28gr"
        data-price="25.03"
        data-id="25746"
        data-available="yes"
        data-category="2188"
        data-bestselling="">
    <a href="../conf-mg-fr-bosco-vas-48x28gr.html">
        <div style="background-image: url('../../cdn.spesati.com/images/products/000111639/menz-gasser-confettura-extra-di-frutti-di-bosco-48-x-28-g-01.png')">
            <div class="hover"></div>
            
            <div class="stickers"></div>
        </div>
    </a>
    <div>
        <h4><a href="../conf-mg-fr-bosco-vas-48x28gr.html"><b>Conf M&g Fr Bosco Vas 48x28gr</b></a></h4>
        <p class="description">Menz & Gasser Confettura Extra di Frutti di Bosco 48 x 28 g</p>
        <p class="right price"><b>25.03 €</b></p>
        <p class="right unitPrice">18.62 € per kg</p>
    </div>
    <div class="contButton">
    <a class="button bgRed white addToCart" href="#">Add</a>
</div>
</div><div class="left product prod22"
        data-name="Conf M&g Fragola Vas 48x28gr"
        data-price="25.98"
        data-id="25745"
        data-available="yes"
        data-category="2188"
        data-bestselling="">
    <a href="../conf-mg-fragola-vas-48x28gr.html">
        <div style="background-image: url('../../cdn.spesati.com/images/products/000111638/menz-gasser-confettura-extra-di-fragole-48-x-28-g-01.png')">
            <div class="hover"></div>
            
            <div class="stickers"></div>
        </div>
    </a>
    <div>
        <h4><a href="../conf-mg-fragola-vas-48x28gr.html"><b>Conf M&g Fragola Vas 48x28gr</b></a></h4>
        <p class="description">Menz & Gasser Confettura Extra di Fragole 48 x 28 g</p>
        <p class="right price"><b>25.98 €</b></p>
        <p class="right unitPrice">19.33 € per kg</p>
    </div>
    <div class="contButton">
    <a class="button bgRed white addToCart" href="#">Add</a>
</div>
</div><div class="left product prod23"
        data-name="Conf M&g Ciliegia Vas 48x28gr"
        data-price="25.98"
        data-id="25744"
        data-available="yes"
        data-category="2188"
        data-bestselling="">
    <a href="../conf-mg-ciliegia-vas-48x28gr.html">
        <div style="background-image: url('../../cdn.spesati.com/images/products/000111637/menz-gasser-confettura-extra-di-ciliegie-48-x-28-g-01.png')">
            <div class="hover"></div>
            
            <div class="stickers"></div>
        </div>
    </a>
    <div>
        <h4><a href="../conf-mg-ciliegia-vas-48x28gr.html"><b>Conf M&g Ciliegia Vas 48x28gr</b></a></h4>
        <p class="description">Menz & Gasser Confettura Extra di Ciliegie 48 x 28 g</p>
        <p class="right price"><b>25.98 €</b></p>
        <p class="right unitPrice">19.33 € per kg</p>
    </div>
    <div class="contButton">
    <a class="button bgRed white addToCart" href="#">Add</a>
</div>
</div><div class="left product prod24"
        data-name="Conf M&g Arancia Vas 48x28gr"
        data-price="25.13"
        data-id="25743"
        data-available="yes"
        data-category="2188"
        data-bestselling="">
    <a href="../conf-mg-arancia-vas-48x28gr.html">
        <div style="background-image: url('../../cdn.spesati.com/images/products/000111636/menz-gasser-marmellata-di-arance-con-scorze-a-fettine-48-x-28-g-01.png')">
            <div class="hover"></div>
            
            <div class="stickers"></div>
        </div>
    </a>
    <div>
        <h4><a href="../conf-mg-arancia-vas-48x28gr.html"><b>Conf M&g Arancia Vas 48x28gr</b></a></h4>
        <p class="description">Menz & Gasser Marmellata di Arance con Scorze a Fettine 48 x 28 g</p>
        <p class="right price"><b>25.13 €</b></p>
        <p class="right unitPrice">18.70 € per kg</p>
    </div>
    <div class="contButton">
    <a class="button bgRed white addToCart" href="#">Add</a>
</div>
</div><div class="left product prod25"
        data-name="Conf M&g Albicocca Vas 48x28gr"
        data-price="25.13"
        data-id="25742"
        data-available="yes"
        data-category="2188"
        data-bestselling="">
    <a href="../conf-mg-albicocca-vas-48x28gr.html">
        <div style="background-image: url('../../cdn.spesati.com/images/products/000111635/menz-gasser-confettura-extra-di-albicocche-48-x-28-g-01.png')">
            <div class="hover"></div>
            
            <div class="stickers"></div>
        </div>
    </a>
    <div>
        <h4><a href="../conf-mg-albicocca-vas-48x28gr.html"><b>Conf M&g Albicocca Vas 48x28gr</b></a></h4>
        <p class="description">Menz & Gasser Confettura Extra di Albicocche 48 x 28 g</p>
        <p class="right price"><b>25.13 €</b></p>
        <p class="right unitPrice">18.70 € per kg</p>
    </div>
    <div class="contButton">
    <a class="button bgRed white addToCart" href="#">Add</a>
</div>
</div><div class="left product prod26"
        data-name="Rigoni Confettura Sz Bio Frutti Bosco"
        data-price="4.19"
        data-id="1779"
        data-available="yes"
        data-category="2188"
        data-bestselling="">
    <a href="../rigoni-confettura-sz-bio-frutti-bosco.html">
        <div style="background-image: url('../../cdn.spesati.com/images/products/000111508/rigoni-di-asiago-fiordifrutta-frutti-di-bosco-bio-250-g-01.png')">
            <div class="hover"></div>
            
            <div class="stickers"></div>
        </div>
    </a>
    <div>
        <h4><a href="../rigoni-confettura-sz-bio-frutti-bosco.html"><b>Rigoni Confettura Sz Bio Frutti Bosco</b></a></h4>
        <p class="description">Rigoni di Asiago Fiordifrutta Frutti di bosco bio 250 g</p>
        <p class="right price"><b>4.19 €</b></p>
        <p class="right unitPrice">16.76 € per kg</p>
    </div>
    <div class="contButton">
    <a class="button bgRed white addToCart" href="#">Add</a>
</div>
</div><div class="left product prod27"
        data-name="Confettura Rigoni Arancia Amara Bio 260G"
        data-price="4.19"
        data-id="5570"
        data-available="yes"
        data-category="2188"
        data-bestselling="1">
    <a href="../confettura-rigoni-arancia-amara-bio-260g.html">
        <div style="background-image: url('../../cdn.spesati.com/images/products/000111506/rigoni-di-asiago-fiordifrutta-arance-amare-bio-260-g-01.png')">
            <div class="hover"></div>
            <p class="arrow bgRed white">Best Seller</p>
            <div class="stickers"></div>
        </div>
    </a>
    <div>
        <h4><a href="../confettura-rigoni-arancia-amara-bio-260g.html"><b>Confettura Rigoni Arancia Amara Bio 260G</b></a></h4>
        <p class="description">Rigoni di Asiago Fiordifrutta Arance amare bio 260 g</p>
        <p class="right price"><b>4.19 €</b></p>
        <p class="right unitPrice">16.12 € per kg</p>
    </div>
    <div class="contButton">
    <a class="button bgRed white addToCart" href="#">Add</a>
</div>
</div><div class="left product prod28"
        data-name="Confett Rigoni Albic Bio 250gr"
        data-price="4.19"
        data-id="25727"
        data-available="yes"
        data-category="2188"
        data-bestselling="">
    <a href="../confett-rigoni-albic-bio-250gr.html">
        <div style="background-image: url('../../cdn.spesati.com/images/products/000111505/rigoni-di-asiago-fiordifrutta-albicocche-bio-250-g-01.png')">
            <div class="hover"></div>
            
            <div class="stickers"></div>
        </div>
    </a>
    <div>
        <h4><a href="../confett-rigoni-albic-bio-250gr.html"><b>Confett Rigoni Albic Bio 250gr</b></a></h4>
        <p class="description">Rigoni di Asiago Fiordifrutta Albicocche bio 250 g</p>
        <p class="right price"><b>4.19 €</b></p>
        <p class="right unitPrice">16.76 € per kg</p>
    </div>
    <div class="contButton">
    <a class="button bgRed white addToCart" href="#">Add</a>
</div>
</div><div class="left product prod29"
        data-name="Conf Zuegg Pesca 320gr"
        data-price="2.79"
        data-id="88377"
        data-available="yes"
        data-category="2188"
        data-bestselling="">
    <a href="../conf-zuegg-pesca-320gr.html">
        <div style="background-image: url('../../cdn.spesati.com/images/products/000111413/zuegg-i-frutteti-di-oswald-zuegg-pesche-320-g-01.png')">
            <div class="hover"></div>
            
            <div class="stickers"></div>
        </div>
    </a>
    <div>
        <h4><a href="../conf-zuegg-pesca-320gr.html"><b>Conf Zuegg Pesca 320gr</b></a></h4>
        <p class="description">Zuegg I frutteti di Oswald Zuegg Pesche 320 g</p>
        <p class="right price"><b>2.79 €</b></p>
        <p class="right unitPrice">8.71 € per kg</p>
    </div>
    <div class="contButton">
    <a class="button bgRed white addToCart" href="#">Add</a>
</div>
</div><div class="left product prod30"
        data-name="Conf Zuegg Fragola 320gr"
        data-price="2.99"
        data-id="87990"
        data-available="yes"
        data-category="2188"
        data-bestselling="">
    <a href="../conf-zuegg-fragola-320gr.html">
        <div style="background-image: url('../../cdn.spesati.com/images/products/000111411/zuegg-i-frutteti-di-oswald-zuegg-fragole-320-g-01.png')">
            <div class="hover"></div>
            
            <div class="stickers"></div>
        </div>
    </a>
    <div>
        <h4><a href="../conf-zuegg-fragola-320gr.html"><b>Conf Zuegg Fragola 320gr</b></a></h4>
        <p class="description">Zuegg I frutteti di Oswald Zuegg Fragole 320 g</p>
        <p class="right price"><b>2.99 €</b></p>
        <p class="right unitPrice">9.34 € per kg</p>
    </div>
    <div class="contButton">
    <a class="button bgRed white addToCart" href="#">Add</a>
</div>
</div><div class="left product prod31"
        data-name="Conf Zuegg Fichi 320gr"
        data-price="3.45"
        data-id="87987"
        data-available="yes"
        data-category="2188"
        data-bestselling="1">
    <a href="../conf-zuegg-fichi-320gr.html">
        <div style="background-image: url('../../cdn.spesati.com/images/products/000111408/zuegg-i-frutteti-di-oswald-zuegg-fichi-330-g-01.png')">
            <div class="hover"></div>
            <p class="arrow bgRed white">Best Seller</p>
            <div class="stickers"></div>
        </div>
    </a>
    <div>
        <h4><a href="../conf-zuegg-fichi-320gr.html"><b>Conf Zuegg Fichi 320gr</b></a></h4>
        <p class="description">Zuegg I frutteti di Oswald Zuegg Fichi 330 g</p>
        <p class="right price"><b>3.45 €</b></p>
        <p class="right unitPrice">10.78 € per kg</p>
    </div>
    <div class="contButton">
    <a class="button bgRed white addToCart" href="#">Add</a>
</div>
</div><div class="left product prod32"
        data-name="Fruttino Zuegg Cotogna 4X40Gr"
        data-price="2.69"
        data-id="7080"
        data-available="yes"
        data-category="2188"
        data-bestselling="">
    <a href="../fruttino-zuegg-cotogna-4x40gr.html">
        <div style="background-image: url('../../cdn.spesati.com/images/products/000111407/zuegg-fruttino-snack-break-cotogna-4-x-40-g-01.png')">
            <div class="hover"></div>
            
            <div class="stickers"></div>
        </div>
    </a>
    <div>
        <h4><a href="../fruttino-zuegg-cotogna-4x40gr.html"><b>Fruttino Zuegg Cotogna 4X40Gr</b></a></h4>
        <p class="description">Zuegg Fruttino Snack-Break Cotogna 4 x 40 g</p>
        <p class="right price"><b>2.69 €</b></p>
        <p class="right unitPrice">16.81 € per kg</p>
    </div>
    <div class="contButton">
    <a class="button bgRed white addToCart" href="#">Add</a>
</div>
</div><div class="left product prod33"
        data-name="Conf Zuegg Poker Ass.to 4x25gr"
        data-price="1.55"
        data-id="25705"
        data-available="yes"
        data-category="2188"
        data-bestselling="">
    <a href="../conf-zuegg-poker-assto-4x25gr.html">
        <div style="background-image: url('../../cdn.spesati.com/images/products/000111406/zuegg-i-frutteti-di-oswald-zuegg-albicocche-ciliegie-fragole-pesche-4-x-25-g-01.png')">
            <div class="hover"></div>
            
            <div class="stickers"></div>
        </div>
    </a>
    <div>
        <h4><a href="../conf-zuegg-poker-assto-4x25gr.html"><b>Conf Zuegg Poker Ass.to 4x25gr</b></a></h4>
        <p class="description">Zuegg I frutteti di Oswald Zuegg Albicocche, Ciliegie, Fragole, Pesche 4 x 25 g</p>
        <p class="right price"><b>1.55 €</b></p>
        <p class="right unitPrice">15.50 € per kg</p>
    </div>
    <div class="contButton">
    <a class="button bgRed white addToCart" href="#">Add</a>
</div>
</div><div class="left product prod34"
        data-name="Zuegg Confettura Senza Zucchero Ciliegie"
        data-price="3.65"
        data-id="1796"
        data-available="yes"
        data-category="2188"
        data-bestselling="">
    <a href="../zuegg-confettura-senza-zucchero-ciliegie.html">
        <div style="background-image: url('../../cdn.spesati.com/images/products/000111404/zuegg-100-da-frutta-ciliegie-250-g-01.png')">
            <div class="hover"></div>
            
            <div class="stickers"></div>
        </div>
    </a>
    <div>
        <h4><a href="../zuegg-confettura-senza-zucchero-ciliegie.html"><b>Zuegg Confettura Senza Zucchero Ciliegie</b></a></h4>
        <p class="description">Zuegg 100% da Frutta Ciliegie 250 g</p>
        <p class="right price"><b>3.65 €</b></p>
        <p class="right unitPrice">14.60 € per kg</p>
    </div>
    <div class="contButton">
    <a class="button bgRed white addToCart" href="#">Add</a>
</div>
</div><div class="left product prod35"
        data-name="Conf Zuegg Ciliegia 320gr"
        data-price="2.99"
        data-id="25704"
        data-available="yes"
        data-category="2188"
        data-bestselling="">
    <a href="../conf-zuegg-ciliegia-320gr.html">
        <div style="background-image: url('../../cdn.spesati.com/images/products/000111403/zuegg-i-frutteti-di-oswald-zuegg-ciliegie-320-g-01.png')">
            <div class="hover"></div>
            
            <div class="stickers"></div>
        </div>
    </a>
    <div>
        <h4><a href="../conf-zuegg-ciliegia-320gr.html"><b>Conf Zuegg Ciliegia 320gr</b></a></h4>
        <p class="description">Zuegg I frutteti di Oswald Zuegg Ciliegie 320 g</p>
        <p class="right price"><b>2.99 €</b></p>
        <p class="right unitPrice">9.34 € per kg</p>
    </div>
    <div class="contButton">
    <a class="button bgRed white addToCart" href="#">Add</a>
</div>
</div><div class="left product prod36"
        data-name="Zuegg Confettura Senza Zucchero Pesche"
        data-price="3.65"
        data-id="1797"
        data-available="yes"
        data-category="2188"
        data-bestselling="">
    <a href="../zuegg-confettura-senza-zucchero-pesche.html">
        <div style="background-image: url('../../cdn.spesati.com/images/products/000111402/zuegg-100-da-frutta-pesche-250-g-01.png')">
            <div class="hover"></div>
            
            <div class="stickers"></div>
        </div>
    </a>
    <div>
        <h4><a href="../zuegg-confettura-senza-zucchero-pesche.html"><b>Zuegg Confettura Senza Zucchero Pesche</b></a></h4>
        <p class="description">Zuegg 100% da Frutta Pesche 250 g</p>
        <p class="right price"><b>3.65 €</b></p>
        <p class="right unitPrice">14.60 € per kg</p>
    </div>
    <div class="contButton">
    <a class="button bgRed white addToCart" href="#">Add</a>
</div>
</div><div class="left product prod37"
        data-name="Conf Zuegg Albicocca 320gr"
        data-price="2.59"
        data-id="25703"
        data-available="yes"
        data-category="2188"
        data-bestselling="1">
    <a href="../conf-zuegg-albicocca-320gr.html">
        <div style="background-image: url('../../cdn.spesati.com/images/products/000111401/zuegg-i-frutteti-di-oswald-zuegg-albicocche-320-g-01.png')">
            <div class="hover"></div>
            <p class="arrow bgRed white">Best Seller</p>
            <div class="stickers"></div>
        </div>
    </a>
    <div>
        <h4><a href="../conf-zuegg-albicocca-320gr.html"><b>Conf Zuegg Albicocca 320gr</b></a></h4>
        <p class="description">Zuegg I frutteti di Oswald Zuegg Albicocche 320 g</p>
        <p class="right price"><b>2.59 €</b></p>
        <p class="right unitPrice">8.10 € per kg</p>
    </div>
    <div class="contButton">
    <a class="button bgRed white addToCart" href="#">Add</a>
</div>
</div><div class="left product prod38"
        data-name="Confettura Ciliegia Fantasy M&G 400Gr"
        data-price="3.16"
        data-id="6785"
        data-available="yes"
        data-category="2188"
        data-bestselling="">
    <a href="../confettura-ciliegia-fantasy-mg-400gr.html">
        <div style="background-image: url('../../cdn.spesati.com/images/products/000111376/fantasy-confettura-extra-ciliegie-400-g-01.png')">
            <div class="hover"></div>
            
            <div class="stickers"></div>
        </div>
    </a>
    <div>
        <h4><a href="../confettura-ciliegia-fantasy-mg-400gr.html"><b>Confettura Ciliegia Fantasy M&G 400Gr</b></a></h4>
        <p class="description">Fantasy Confettura Extra Ciliegie 400 g</p>
        <p class="right price"><b>3.16 €</b></p>
        <p class="right unitPrice">7.89 € per kg</p>
    </div>
    <div class="contButton">
    <a class="button bgRed white addToCart" href="#">Add</a>
</div>
</div><div class="left product prod39"
        data-name="Confettura Albicocca Fantasy M&G 400Gr"
        data-price="2.92"
        data-id="6787"
        data-available="yes"
        data-category="2188"
        data-bestselling="">
    <a href="../confettura-albicocca-fantasy-mg-400gr.html">
        <div style="background-image: url('../../cdn.spesati.com/images/products/000111375/fantasy-confettura-extra-albicocche-400-g-01.png')">
            <div class="hover"></div>
            
            <div class="stickers"></div>
        </div>
    </a>
    <div>
        <h4><a href="../confettura-albicocca-fantasy-mg-400gr.html"><b>Confettura Albicocca Fantasy M&G 400Gr</b></a></h4>
        <p class="description">Fantasy Confettura Extra Albicocche 400 g</p>
        <p class="right price"><b>2.92 €</b></p>
        <p class="right unitPrice">7.29 € per kg</p>
    </div>
    <div class="contButton">
    <a class="button bgRed white addToCart" href="#">Add</a>
</div>
</div><div class="left product prod40"
        data-name="Miele M&g Viva Porz 100x20 Gr"
        data-price="26.65"
        data-id="25682"
        data-available="yes"
        data-category="2188"
        data-bestselling="">
    <a href="../miele-mg-viva-porz-100x20-gr.html">
        <div style="background-image: url('../../cdn.spesati.com/images/products/000111359/viva-miele-100-x-20-g-01.png')">
            <div class="hover"></div>
            
            <div class="stickers"></div>
        </div>
    </a>
    <div>
        <h4><a href="../miele-mg-viva-porz-100x20-gr.html"><b>Miele M&g Viva Porz 100x20 Gr</b></a></h4>
        <p class="description">Viva Miele 100 x 20 g</p>
        <p class="right price"><b>26.65 €</b></p>
        <p class="right unitPrice">13.32 € per kg</p>
    </div>
    <div class="contButton">
    <a class="button bgRed white addToCart" href="#">Add</a>
</div>
</div><div class="left product prod41"
        data-name="Conf M&g Prugna Viva 120x25gr"
        data-price="18.80"
        data-id="25681"
        data-available="yes"
        data-category="2188"
        data-bestselling="">
    <a href="../conf-mg-prugna-viva-120x25gr.html">
        <div style="background-image: url('../../cdn.spesati.com/images/products/000111358/viva-confettura-prugne-120-x-25-g-01.png')">
            <div class="hover"></div>
            
            <div class="stickers"></div>
        </div>
    </a>
    <div>
        <h4><a href="../conf-mg-prugna-viva-120x25gr.html"><b>Conf M&g Prugna Viva 120x25gr</b></a></h4>
        <p class="description">Viva Confettura Prugne 120 x 25 g</p>
        <p class="right price"><b>18.80 €</b></p>
        <p class="right unitPrice">6.27 € per kg</p>
    </div>
    <div class="contButton">
    <a class="button bgRed white addToCart" href="#">Add</a>
</div>
</div><div class="left product prod42"
        data-name="Conf M&g Pesca Viva 120x25gr"
        data-price="18.80"
        data-id="25680"
        data-available="yes"
        data-category="2188"
        data-bestselling="">
    <a href="../conf-mg-pesca-viva-120x25gr.html">
        <div style="background-image: url('../../cdn.spesati.com/images/products/000111357/viva-confettura-pesche-120-x-25-g-01.png')">
            <div class="hover"></div>
            
            <div class="stickers"></div>
        </div>
    </a>
    <div>
        <h4><a href="../conf-mg-pesca-viva-120x25gr.html"><b>Conf M&g Pesca Viva 120x25gr</b></a></h4>
        <p class="description">Viva Confettura Pesche 120 x 25 g</p>
        <p class="right price"><b>18.80 €</b></p>
        <p class="right unitPrice">6.27 € per kg</p>
    </div>
    <div class="contButton">
    <a class="button bgRed white addToCart" href="#">Add</a>
</div>
</div><div class="left product prod43"
        data-name="Conf M&g Fragola Viva 120x25gr"
        data-price="18.80"
        data-id="25671"
        data-available="yes"
        data-category="2188"
        data-bestselling="">
    <a href="../conf-mg-fragola-viva-120x25gr.html">
        <div style="background-image: url('../../cdn.spesati.com/images/products/000111309/viva-confettura-fragole-120-x-25-g-01.png')">
            <div class="hover"></div>
            
            <div class="stickers"></div>
        </div>
    </a>
    <div>
        <h4><a href="../conf-mg-fragola-viva-120x25gr.html"><b>Conf M&g Fragola Viva 120x25gr</b></a></h4>
        <p class="description">Viva Confettura Fragole 120 x 25 g</p>
        <p class="right price"><b>18.80 €</b></p>
        <p class="right unitPrice">6.27 € per kg</p>
    </div>
    <div class="contButton">
    <a class="button bgRed white addToCart" href="#">Add</a>
</div>
</div><div class="left product prod44"
        data-name="Conf M&g Cilieg Viva 120x25gr"
        data-price="18.80"
        data-id="25670"
        data-available="yes"
        data-category="2188"
        data-bestselling="">
    <a href="../conf-mg-cilieg-viva-120x25gr.html">
        <div style="background-image: url('../../cdn.spesati.com/images/products/000111307/viva-confettura-ciliegie-120-x-25-g-01.png')">
            <div class="hover"></div>
            
            <div class="stickers"></div>
        </div>
    </a>
    <div>
        <h4><a href="../conf-mg-cilieg-viva-120x25gr.html"><b>Conf M&g Cilieg Viva 120x25gr</b></a></h4>
        <p class="description">Viva Confettura Ciliegie 120 x 25 g</p>
        <p class="right price"><b>18.80 €</b></p>
        <p class="right unitPrice">6.27 € per kg</p>
    </div>
    <div class="contButton">
    <a class="button bgRed white addToCart" href="#">Add</a>
</div>
</div><div class="left product prod45"
        data-name="Conf M&g Albicoc Viva 120x25gr"
        data-price="18.80"
        data-id="25669"
        data-available="yes"
        data-category="2188"
        data-bestselling="">
    <a href="../conf-mg-albicoc-viva-120x25gr.html">
        <div style="background-image: url('../../cdn.spesati.com/images/products/000111303/viva-confettura-albicocche-120-x-25-g-01.png')">
            <div class="hover"></div>
            
            <div class="stickers"></div>
        </div>
    </a>
    <div>
        <h4><a href="../conf-mg-albicoc-viva-120x25gr.html"><b>Conf M&g Albicoc Viva 120x25gr</b></a></h4>
        <p class="description">Viva Confettura Albicocche 120 x 25 g</p>
        <p class="right price"><b>18.80 €</b></p>
        <p class="right unitPrice">6.27 € per kg</p>
    </div>
    <div class="contButton">
    <a class="button bgRed white addToCart" href="#">Add</a>
</div>
</div><div class="left product prod46"
        data-name="Conf M&g Ciliegia Secchio 3 Kg"
        data-price="23.43"
        data-id="25654"
        data-available="yes"
        data-category="2188"
        data-bestselling="">
    <a href="../conf-mg-ciliegia-secchio-3-kg.html">
        <div style="background-image: url('../../cdn.spesati.com/images/products/000111193/menz-gasser-la-extra-ciliegia-3-kg-01.png')">
            <div class="hover"></div>
            
            <div class="stickers"></div>
        </div>
    </a>
    <div>
        <h4><a href="../conf-mg-ciliegia-secchio-3-kg.html"><b>Conf M&g Ciliegia Secchio 3 Kg</b></a></h4>
        <p class="description">Menz & Gasser la Extra Ciliegia 3 kg</p>
        <p class="right price"><b>23.43 €</b></p>
        <p class="right unitPrice">7.81 € per kg</p>
    </div>
    <div class="contButton">
    <a class="button bgRed white addToCart" href="#">Add</a>
</div>
</div><div class="left product prod47"
        data-name="Conf M&g Fragola Secchio 3 Kg"
        data-price="23.43"
        data-id="25653"
        data-available="yes"
        data-category="2188"
        data-bestselling="">
    <a href="../conf-mg-fragola-secchio-3-kg.html">
        <div style="background-image: url('../../cdn.spesati.com/images/products/000111183/menz-gasser-la-extra-fragola-3-kg-01.png')">
            <div class="hover"></div>
            
            <div class="stickers"></div>
        </div>
    </a>
    <div>
        <h4><a href="../conf-mg-fragola-secchio-3-kg.html"><b>Conf M&g Fragola Secchio 3 Kg</b></a></h4>
        <p class="description">Menz & Gasser la Extra Fragola 3 kg</p>
        <p class="right price"><b>23.43 €</b></p>
        <p class="right unitPrice">7.81 € per kg</p>
    </div>
    <div class="contButton">
    <a class="button bgRed white addToCart" href="#">Add</a>
</div>
</div><div class="left product prod48"
        data-name="S Rosa Confettura Classica Pesca"
        data-price="2.39"
        data-id="1786"
        data-available="yes"
        data-category="2188"
        data-bestselling="">
    <a href="../s-rosa-confettura-classica-pesca.html">
        <div style="background-image: url('../../cdn.spesati.com/images/products/000111181/santa-rosa-pesche-350-g-01.png')">
            <div class="hover"></div>
            
            <div class="stickers"></div>
        </div>
    </a>
    <div>
        <h4><a href="../s-rosa-confettura-classica-pesca.html"><b>S Rosa Confettura Classica Pesca</b></a></h4>
        <p class="description">Santa Rosa Pesche 350 g</p>
        <p class="right price"><b>2.39 €</b></p>
        <p class="right unitPrice">6.83 € per kg</p>
    </div>
    <div class="contButton">
    <a class="button bgRed white addToCart" href="#">Add</a>
</div>
</div><div class="left product prod49"
        data-name="S Rosa Confettura Classica Ciliegia"
        data-price="2.39"
        data-id="1784"
        data-available="yes"
        data-category="2188"
        data-bestselling="">
    <a href="../s-rosa-confettura-classica-ciliegia.html">
        <div style="background-image: url('../../cdn.spesati.com/images/products/000111178/santa-rosa-ciliegie-350-g-01.png')">
            <div class="hover"></div>
            
            <div class="stickers"></div>
        </div>
    </a>
    <div>
        <h4><a href="../s-rosa-confettura-classica-ciliegia.html"><b>S Rosa Confettura Classica Ciliegia</b></a></h4>
        <p class="description">Santa Rosa Ciliegie 350 g</p>
        <p class="right price"><b>2.39 €</b></p>
        <p class="right unitPrice">6.83 € per kg</p>
    </div>
    <div class="contButton">
    <a class="button bgRed white addToCart" href="#">Add</a>
</div>
</div><div class="left product prod50"
        data-name="S Rosa Confettura Classica Amarena"
        data-price="2.39"
        data-id="1783"
        data-available="yes"
        data-category="2188"
        data-bestselling="">
    <a href="../s-rosa-confettura-classica-amarena.html">
        <div style="background-image: url('../../cdn.spesati.com/images/products/000111176/santa-rosa-amarene-350-g-01.png')">
            <div class="hover"></div>
            
            <div class="stickers"></div>
        </div>
    </a>
    <div>
        <h4><a href="../s-rosa-confettura-classica-amarena.html"><b>S Rosa Confettura Classica Amarena</b></a></h4>
        <p class="description">Santa Rosa Amarene 350 g</p>
        <p class="right price"><b>2.39 €</b></p>
        <p class="right unitPrice">6.83 € per kg</p>
    </div>
    <div class="contButton">
    <a class="button bgRed white addToCart" href="#">Add</a>
</div>
</div><div class="left product prod51"
        data-name="S Rosa Confettura Classica Albicocca"
        data-price="2.39"
        data-id="1782"
        data-available="yes"
        data-category="2188"
        data-bestselling="">
    <a href="../s-rosa-confettura-classica-albicocca.html">
        <div style="background-image: url('../../cdn.spesati.com/images/products/000111175/santa-rosa-albicocche-350-g-01.png')">
            <div class="hover"></div>
            
            <div class="stickers"></div>
        </div>
    </a>
    <div>
        <h4><a href="../s-rosa-confettura-classica-albicocca.html"><b>S Rosa Confettura Classica Albicocca</b></a></h4>
        <p class="description">Santa Rosa Albicocche 350 g</p>
        <p class="right price"><b>2.39 €</b></p>
        <p class="right unitPrice">6.83 € per kg</p>
    </div>
    <div class="contButton">
    <a class="button bgRed white addToCart" href="#">Add</a>
</div>
</div><div class="left product prod52"
        data-name="Conf M&g Pesca Secchio 3 Kg"
        data-price="23.43"
        data-id="25652"
        data-available="yes"
        data-category="2188"
        data-bestselling="">
    <a href="../conf-mg-pesca-secchio-3-kg.html">
        <div style="background-image: url('../../cdn.spesati.com/images/products/000111173/menz-gasser-la-extra-pesca-3-kg-01.png')">
            <div class="hover"></div>
            
            <div class="stickers"></div>
        </div>
    </a>
    <div>
        <h4><a href="../conf-mg-pesca-secchio-3-kg.html"><b>Conf M&g Pesca Secchio 3 Kg</b></a></h4>
        <p class="description">Menz & Gasser la Extra Pesca 3 kg</p>
        <p class="right price"><b>23.43 €</b></p>
        <p class="right unitPrice">7.81 € per kg</p>
    </div>
    <div class="contButton">
    <a class="button bgRed white addToCart" href="#">Add</a>
</div>
</div><div class="left product prod53"
        data-name="Conf M&g Albicocca Secchio 3kg"
        data-price="23.43"
        data-id="25651"
        data-available="yes"
        data-category="2188"
        data-bestselling="">
    <a href="../conf-mg-albicocca-secchio-3kg.html">
        <div style="background-image: url('../../cdn.spesati.com/images/products/000111171/menz-gasser-la-extra-albicocca-3-kg-01.png')">
            <div class="hover"></div>
            
            <div class="stickers"></div>
        </div>
    </a>
    <div>
        <h4><a href="../conf-mg-albicocca-secchio-3kg.html"><b>Conf M&g Albicocca Secchio 3kg</b></a></h4>
        <p class="description">Menz & Gasser la Extra Albicocca 3 kg</p>
        <p class="right price"><b>23.43 €</b></p>
        <p class="right unitPrice">7.81 € per kg</p>
    </div>
    <div class="contButton">
    <a class="button bgRed white addToCart" href="#">Add</a>
</div>
</div><div class="left product prod54"
        data-name="Conf M&g Prugna Secchio 3 Kg"
        data-price="23.43"
        data-id="25650"
        data-available="yes"
        data-category="2188"
        data-bestselling="">
    <a href="../conf-mg-prugna-secchio-3-kg.html">
        <div style="background-image: url('../../cdn.spesati.com/images/products/000111168/menz-gasser-la-extra-prugna-3-kg-01.png')">
            <div class="hover"></div>
            
            <div class="stickers"></div>
        </div>
    </a>
    <div>
        <h4><a href="../conf-mg-prugna-secchio-3-kg.html"><b>Conf M&g Prugna Secchio 3 Kg</b></a></h4>
        <p class="description">Menz & Gasser la Extra Prugna 3 kg</p>
        <p class="right price"><b>23.43 €</b></p>
        <p class="right unitPrice">7.81 € per kg</p>
    </div>
    <div class="contButton">
    <a class="button bgRed white addToCart" href="#">Add</a>
</div>
</div><div class="left product prod55"
        data-name="Conf M&g Lampone Vas 48x28gr"
        data-price="24.45"
        data-id="25756"
        data-available="yes"
        data-category="2188"
        data-bestselling="">
    <a href="../conf-mg-lampone-vas-48x28gr.html">
        <div style="background-image: url('../../cdn.spesati.com/images/products/missing-image/missing-image.jpg')">
            <div class="hover"></div>
            
            <div class="stickers"></div>
        </div>
    </a>
    <div>
        <h4><a href="../conf-mg-lampone-vas-48x28gr.html"><b>Conf M&g Lampone Vas 48x28gr</b></a></h4>
        <p class="description">1.34 Kg</p>
        <p class="right price"><b>24.45 €</b></p>
        <p class="right unitPrice">18.19 € per kg</p>
    </div>
    <div class="contButton">
    <a class="button bgRed white addToCart" href="#">Add</a>
</div>
</div><div class="left product prod56"
        data-name="Conf M&g Ribes Ner Vas 48x28gr"
        data-price="24.40"
        data-id="25759"
        data-available="yes"
        data-category="2188"
        data-bestselling="">
    <a href="../conf-mg-ribes-ner-vas-48x28gr.html">
        <div style="background-image: url('../../cdn.spesati.com/images/products/missing-image/missing-image.jpg')">
            <div class="hover"></div>
            
            <div class="stickers"></div>
        </div>
    </a>
    <div>
        <h4><a href="../conf-mg-ribes-ner-vas-48x28gr.html"><b>Conf M&g Ribes Ner Vas 48x28gr</b></a></h4>
        <p class="description">1.34 Kg</p>
        <p class="right price"><b>24.40 €</b></p>
        <p class="right unitPrice">18.15 € per kg</p>
    </div>
    <div class="contButton">
    <a class="button bgRed white addToCart" href="#">Add</a>
</div>
</div><div class="left product prod57"
        data-name="Conf M&g Miele Vas 48x28gr"
        data-price="30.64"
        data-id="25760"
        data-available="yes"
        data-category="2188"
        data-bestselling="">
    <a href="../conf-mg-miele-vas-48x28gr.html">
        <div style="background-image: url('../../cdn.spesati.com/images/products/missing-image/missing-image.jpg')">
            <div class="hover"></div>
            
            <div class="stickers"></div>
        </div>
    </a>
    <div>
        <h4><a href="../conf-mg-miele-vas-48x28gr.html"><b>Conf M&g Miele Vas 48x28gr</b></a></h4>
        <p class="description">1.34 Kg</p>
        <p class="right price"><b>30.64 €</b></p>
        <p class="right unitPrice">22.80 € per kg</p>
    </div>
    <div class="contButton">
    <a class="button bgRed white addToCart" href="#">Add</a>
</div>
</div><div class="left product prod58"
        data-name="Composta Rdg Albicocche 240gr"
        data-price="2.79"
        data-id="69015"
        data-available="yes"
        data-category="2188"
        data-bestselling="">
    <a href="../composta-rdg-albicocche-240gr.html">
        <div style="background-image: url('../../cdn.spesati.com/images/products/missing-image/missing-image.jpg')">
            <div class="hover"></div>
            
            <div class="stickers"></div>
        </div>
    </a>
    <div>
        <h4><a href="../composta-rdg-albicocche-240gr.html"><b>Composta Rdg Albicocche 240gr</b></a></h4>
        <p class="description">0.24 Kg</p>
        <p class="right price"><b>2.79 €</b></p>
        <p class="right unitPrice">11.63 € per kg</p>
    </div>
    <div class="contButton">
    <a class="button bgRed white addToCart" href="#">Add</a>
</div>
</div><div class="left product prod59"
        data-name="Composta Rdg Arance 240gr"
        data-price="2.79"
        data-id="69018"
        data-available="yes"
        data-category="2188"
        data-bestselling="">
    <a href="../composta-rdg-arance-240gr.html">
        <div style="background-image: url('../../cdn.spesati.com/images/products/missing-image/missing-image.jpg')">
            <div class="hover"></div>
            
            <div class="stickers"></div>
        </div>
    </a>
    <div>
        <h4><a href="../composta-rdg-arance-240gr.html"><b>Composta Rdg Arance 240gr</b></a></h4>
        <p class="description">0.24 Kg</p>
        <p class="right price"><b>2.79 €</b></p>
        <p class="right unitPrice">11.63 € per kg</p>
    </div>
    <div class="contButton">
    <a class="button bgRed white addToCart" href="#">Add</a>
</div>
</div><div class="left product prod60"
        data-name="Composta Rdg Ciliegia 240gr"
        data-price="2.79"
        data-id="69021"
        data-available="yes"
        data-category="2188"
        data-bestselling="">
    <a href="../composta-rdg-ciliegia-240gr.html">
        <div style="background-image: url('../../cdn.spesati.com/images/products/missing-image/missing-image.jpg')">
            <div class="hover"></div>
            
            <div class="stickers"></div>
        </div>
    </a>
    <div>
        <h4><a href="../composta-rdg-ciliegia-240gr.html"><b>Composta Rdg Ciliegia 240gr</b></a></h4>
        <p class="description">0.24 Kg</p>
        <p class="right price"><b>2.79 €</b></p>
        <p class="right unitPrice">11.63 € per kg</p>
    </div>
    <div class="contButton">
    <a class="button bgRed white addToCart" href="#">Add</a>
</div>
</div><div class="left product prod61"
        data-name="Composta Rdg Fragola 240gr"
        data-price="2.79"
        data-id="69024"
        data-available="yes"
        data-category="2188"
        data-bestselling="">
    <a href="../composta-rdg-fragola-240gr.html">
        <div style="background-image: url('../../cdn.spesati.com/images/products/missing-image/missing-image.jpg')">
            <div class="hover"></div>
            
            <div class="stickers"></div>
        </div>
    </a>
    <div>
        <h4><a href="../composta-rdg-fragola-240gr.html"><b>Composta Rdg Fragola 240gr</b></a></h4>
        <p class="description">0.24 Kg</p>
        <p class="right price"><b>2.79 €</b></p>
        <p class="right unitPrice">11.63 € per kg</p>
    </div>
    <div class="contButton">
    <a class="button bgRed white addToCart" href="#">Add</a>
</div>
</div><div class="left product prod62"
        data-name="Composta Rdg Pesche 240gr"
        data-price="2.79"
        data-id="69027"
        data-available="yes"
        data-category="2188"
        data-bestselling="">
    <a href="../composta-rdg-pesche-240gr.html">
        <div style="background-image: url('../../cdn.spesati.com/images/products/missing-image/missing-image.jpg')">
            <div class="hover"></div>
            
            <div class="stickers"></div>
        </div>
    </a>
    <div>
        <h4><a href="../composta-rdg-pesche-240gr.html"><b>Composta Rdg Pesche 240gr</b></a></h4>
        <p class="description">0.24 Kg</p>
        <p class="right price"><b>2.79 €</b></p>
        <p class="right unitPrice">11.63 € per kg</p>
    </div>
    <div class="contButton">
    <a class="button bgRed white addToCart" href="#">Add</a>
</div>
</div><div class="left product prod63"
        data-name="Crema Di Marroni Rdg 240gr"
        data-price="2.69"
        data-id="74544"
        data-available="yes"
        data-category="2188"
        data-bestselling="">
    <a href="../crema-di-marroni-rdg-240gr.html">
        <div style="background-image: url('../../cdn.spesati.com/images/products/missing-image/missing-image.jpg')">
            <div class="hover"></div>
            
            <div class="stickers"></div>
        </div>
    </a>
    <div>
        <h4><a href="../crema-di-marroni-rdg-240gr.html"><b>Crema Di Marroni Rdg 240gr</b></a></h4>
        <p class="description">0.24 Kg</p>
        <p class="right price"><b>2.69 €</b></p>
        <p class="right unitPrice">11.21 € per kg</p>
    </div>
    <div class="contButton">
    <a class="button bgRed white addToCart" href="#">Add</a>
</div>
</div><div class="left product prod64"
        data-name="Confett S Rosa Frutti Bosc 600"
        data-price="2.82"
        data-id="83993"
        data-available="no"
        data-category="2188"
        data-bestselling="">
    <a href="../confett-s-rosa-frutti-bosc-600.html">
        <div style="background-image: url('../../cdn.spesati.com/images/products/000443109/santa-rosa-frutti-di-bosco-600-g-01.png')">
            <div class="hover"></div>
            
            <div class="stickers"></div>
        </div>
    </a>
    <div>
        <h4><a href="../confett-s-rosa-frutti-bosc-600.html"><b>Confett S Rosa Frutti Bosc 600</b></a></h4>
        <p class="description">Santa Rosa Frutti di Bosco 600 g</p>
        <p class="right price"><b>2.82 €</b></p>
        <p class="right unitPrice">4.70 € per kg</p>
    </div>
    <div class="notAvailable">
    <a class="button bgDarkGrey white" href="../confett-s-rosa-frutti-bosc-600.html">Not available</a>
</div>
</div><div class="left product prod65"
        data-name="Marmel S Rosa Arance Amare 350"
        data-price="2.39"
        data-id="64533"
        data-available="no"
        data-category="2188"
        data-bestselling="">
    <a href="../marmel-s-rosa-arance-amare-350.html">
        <div style="background-image: url('../../cdn.spesati.com/images/products/000119262/santa-rosa-arance-amare-350-g-01.png')">
            <div class="hover"></div>
            
            <div class="stickers"></div>
        </div>
    </a>
    <div>
        <h4><a href="../marmel-s-rosa-arance-amare-350.html"><b>Marmel S Rosa Arance Amare 350</b></a></h4>
        <p class="description">Santa Rosa Arance amare 350 g</p>
        <p class="right price"><b>2.39 €</b></p>
        <p class="right unitPrice">6.83 € per kg</p>
    </div>
    <div class="notAvailable">
    <a class="button bgDarkGrey white" href="../marmel-s-rosa-arance-amare-350.html">Not available</a>
</div>
</div><div class="left product prod66"
        data-name="Confettura Santa Rosa Limone 350Gr"
        data-price="2.41"
        data-id="5870"
        data-available="no"
        data-category="2188"
        data-bestselling="">
    <a href="../confettura-santa-rosa-limone-350gr.html">
        <div style="background-image: url('../../cdn.spesati.com/images/products/000117112/santa-rosa-limoni-350-g-01.png')">
            <div class="hover"></div>
            
            <div class="stickers"></div>
        </div>
    </a>
    <div>
        <h4><a href="../confettura-santa-rosa-limone-350gr.html"><b>Confettura Santa Rosa Limone 350Gr</b></a></h4>
        <p class="description">Santa Rosa Limoni 350 g</p>
        <p class="right price"><b>2.41 €</b></p>
        <p class="right unitPrice">6.88 € per kg</p>
    </div>
    <div class="notAvailable">
    <a class="button bgDarkGrey white" href="../confettura-santa-rosa-limone-350gr.html">Not available</a>
</div>
</div><div class="left product prod67"
        data-name="Conf Zuegg Zer Zucch F Bos 220"
        data-price="3.39"
        data-id="87996"
        data-available="no"
        data-category="2188"
        data-bestselling="">
    <a href="../conf-zuegg-zer-zucch-f-bos-220.html">
        <div style="background-image: url('../../cdn.spesati.com/images/products/000113920/zuegg-zero-zuccheri-aggiunti-frutti-di-bosco-220-g-01.png')">
            <div class="hover"></div>
            
            <div class="stickers"></div>
        </div>
    </a>
    <div>
        <h4><a href="../conf-zuegg-zer-zucch-f-bos-220.html"><b>Conf Zuegg Zer Zucch F Bos 220</b></a></h4>
        <p class="description">Zuegg Zero Zuccheri Aggiunti* Frutti di Bosco 220 g</p>
        <p class="right price"><b>3.39 €</b></p>
        <p class="right unitPrice">15.41 € per kg</p>
    </div>
    <div class="notAvailable">
    <a class="button bgDarkGrey white" href="../conf-zuegg-zer-zucch-f-bos-220.html">Not available</a>
</div>
</div><div class="left product prod68"
        data-name="Confett Rigoni Fichi Bio 260gr"
        data-price="4.31"
        data-id="25924"
        data-available="no"
        data-category="2188"
        data-bestselling="">
    <a href="../confett-rigoni-fichi-bio-260gr.html">
        <div style="background-image: url('../../cdn.spesati.com/images/products/000112302/rigoni-di-asiago-fiordifrutta-fichi-bio-260-g-01.png')">
            <div class="hover"></div>
            
            <div class="stickers"></div>
        </div>
    </a>
    <div>
        <h4><a href="../confett-rigoni-fichi-bio-260gr.html"><b>Confett Rigoni Fichi Bio 260gr</b></a></h4>
        <p class="description">Rigoni di Asiago Fiordifrutta Fichi bio 260 g</p>
        <p class="right price"><b>4.31 €</b></p>
        <p class="right unitPrice">16.57 € per kg</p>
    </div>
    <div class="notAvailable">
    <a class="button bgDarkGrey white" href="../confett-rigoni-fichi-bio-260gr.html">Not available</a>
</div>
</div><div class="left product prod69"
        data-name="Conf M&g Prugn Fantasy 400 Gr"
        data-price="3.05"
        data-id="25688"
        data-available="no"
        data-category="2188"
        data-bestselling="">
    <a href="../conf-mg-prugn-fantasy-400-gr.html">
        <div style="background-image: url('../../cdn.spesati.com/images/products/000111380/fantasy-confettura-extra-prugne-400-g-01.png')">
            <div class="hover"></div>
            
            <div class="stickers"></div>
        </div>
    </a>
    <div>
        <h4><a href="../conf-mg-prugn-fantasy-400-gr.html"><b>Conf M&g Prugn Fantasy 400 Gr</b></a></h4>
        <p class="description">Fantasy Confettura Extra Prugne 400 g</p>
        <p class="right price"><b>3.05 €</b></p>
        <p class="right unitPrice">7.61 € per kg</p>
    </div>
    <div class="notAvailable">
    <a class="button bgDarkGrey white" href="../conf-mg-prugn-fantasy-400-gr.html">Not available</a>
</div>
</div><div class="left product prod70"
        data-name="Confettura Pesca Fantasy M&G 400Gr"
        data-price="3.16"
        data-id="6786"
        data-available="no"
        data-category="2188"
        data-bestselling="">
    <a href="../confettura-pesca-fantasy-mg-400gr.html">
        <div style="background-image: url('../../cdn.spesati.com/images/products/000111379/fantasy-confettura-extra-pesche-400-g-01.png')">
            <div class="hover"></div>
            
            <div class="stickers"></div>
        </div>
    </a>
    <div>
        <h4><a href="../confettura-pesca-fantasy-mg-400gr.html"><b>Confettura Pesca Fantasy M&G 400Gr</b></a></h4>
        <p class="description">Fantasy Confettura Extra Pesche 400 g</p>
        <p class="right price"><b>3.16 €</b></p>
        <p class="right unitPrice">7.89 € per kg</p>
    </div>
    <div class="notAvailable">
    <a class="button bgDarkGrey white" href="../confettura-pesca-fantasy-mg-400gr.html">Not available</a>
</div>
</div><div class="left product prod71"
        data-name="Conf M&g Fragol Fantasy 400 Gr"
        data-price="3.09"
        data-id="25686"
        data-available="no"
        data-category="2188"
        data-bestselling="">
    <a href="../conf-mg-fragol-fantasy-400-gr.html">
        <div style="background-image: url('../../cdn.spesati.com/images/products/000111377/fantasy-confettura-extra-fragole-400-g-01.png')">
            <div class="hover"></div>
            
            <div class="stickers"></div>
        </div>
    </a>
    <div>
        <h4><a href="../conf-mg-fragol-fantasy-400-gr.html"><b>Conf M&g Fragol Fantasy 400 Gr</b></a></h4>
        <p class="description">Fantasy Confettura Extra Fragole 400 g</p>
        <p class="right price"><b>3.09 €</b></p>
        <p class="right unitPrice">7.72 € per kg</p>
    </div>
    <div class="notAvailable">
    <a class="button bgDarkGrey white" href="../conf-mg-fragol-fantasy-400-gr.html">Not available</a>
</div>
</div><div class="left product prod72"
        data-name="S Rosa Confettura Classica Fragola"
        data-price="2.39"
        data-id="1785"
        data-available="no"
        data-category="2188"
        data-bestselling="">
    <a href="../s-rosa-confettura-classica-fragola.html">
        <div style="background-image: url('../../cdn.spesati.com/images/products/000111179/santa-rosa-fragole-350-g-01.png')">
            <div class="hover"></div>
            
            <div class="stickers"></div>
        </div>
    </a>
    <div>
        <h4><a href="../s-rosa-confettura-classica-fragola.html"><b>S Rosa Confettura Classica Fragola</b></a></h4>
        <p class="description">Santa Rosa Fragole 350 g</p>
        <p class="right price"><b>2.39 €</b></p>
        <p class="right unitPrice">6.83 € per kg</p>
    </div>
    <div class="notAvailable">
    <a class="button bgDarkGrey white" href="../s-rosa-confettura-classica-fragola.html">Not available</a>
</div>
</div><div class="left product prod73"
        data-name="Marmel Mammai Mand Lavan Gr350"
        data-price="12.71"
        data-id="26798"
        data-available="no"
        data-category="2188"
        data-bestselling="">
    <a href="../marmel-mammai-mand-lavan-gr350.html">
        <div style="background-image: url('../../cdn.spesati.com/images/products/missing-image/missing-image.jpg')">
            <div class="hover"></div>
            
            <div class="stickers"></div>
        </div>
    </a>
    <div>
        <h4><a href="../marmel-mammai-mand-lavan-gr350.html"><b>Marmel Mammai Mand Lavan Gr350</b></a></h4>
        <p class="description">0.35 Kg</p>
        <p class="right price"><b>12.71 €</b></p>
        <p class="right unitPrice">36.31 € per kg</p>
    </div>
    <div class="notAvailable">
    <a class="button bgDarkGrey white" href="../marmel-mammai-mand-lavan-gr350.html">Not available</a>
</div>
</div><div class="left product prod74"
        data-name="Salsa Mammai Cav Zen Lim Gr350"
        data-price="12.71"
        data-id="26799"
        data-available="no"
        data-category="2188"
        data-bestselling="">
    <a href="../salsa-mammai-cav-zen-lim-gr350.html">
        <div style="background-image: url('../../cdn.spesati.com/images/products/missing-image/missing-image.jpg')">
            <div class="hover"></div>
            
            <div class="stickers"></div>
        </div>
    </a>
    <div>
        <h4><a href="../salsa-mammai-cav-zen-lim-gr350.html"><b>Salsa Mammai Cav Zen Lim Gr350</b></a></h4>
        <p class="description">0.35 Kg</p>
        <p class="right price"><b>12.71 €</b></p>
        <p class="right unitPrice">36.31 € per kg</p>
    </div>
    <div class="notAvailable">
    <a class="button bgDarkGrey white" href="../salsa-mammai-cav-zen-lim-gr350.html">Not available</a>
</div>
</div><div class="left product prod75"
        data-name="Composta Mammai Caffe' Gr350"
        data-price="12.71"
        data-id="26802"
        data-available="no"
        data-category="2188"
        data-bestselling="">
    <a href="../composta-mammai-caffe-gr350.html">
        <div style="background-image: url('../../cdn.spesati.com/images/products/missing-image/missing-image.jpg')">
            <div class="hover"></div>
            
            <div class="stickers"></div>
        </div>
    </a>
    <div>
        <h4><a href="../composta-mammai-caffe-gr350.html"><b>Composta Mammai Caffe' Gr350</b></a></h4>
        <p class="description">0.35 Kg</p>
        <p class="right price"><b>12.71 €</b></p>
        <p class="right unitPrice">36.31 € per kg</p>
    </div>
    <div class="notAvailable">
    <a class="button bgDarkGrey white" href="../composta-mammai-caffe-gr350.html">Not available</a>
</div>
</div>        </div>
    </div>
</section>
<div class="footer">
    <div class="bgDarkGrey"></div>
    <footer>
        <div class="left bgDarkGrey">
            <a id="logoFooter" href="../index.html" class="estDynamic">
                <img src="../../cdn.spesati.com/images/layout/logo-eng.png" alt="Spesati.com" />
                <h2 class="red">Grocery Delivery</h2>
            </a>
            <a class="button bgRed white mobile" href="tel:390707968318">Phone order</a>
            <a class="button bgRed white desktop" href="../news/2020-04-07/news-on-spesati-the-telephone-order-service-is-active.html">Phone order</a>
            <a class="button bgRed white" href="../cdn-cgi/l/email-protection.html#a5cccbc3cae5d6d5c0d6c4d1cc8bc6cac8">Send mail</a>
            <div id="social">
                <a class="left" href="https://www.facebook.com/spesati/" rel="external" target="_blank">
                    <span class="facebook bgRed fa-stack fa-lg">
                        <i class="fa fa-facebook fa-stack-1x "></i>
                    </span>
                </a>
                <a class="right" href="https://twitter.com/spesati" rel="external" target="_blank">
                    <span class="twitter bgRed fa-stack fa-lg">
                        <i class="fa fa-twitter fa-stack-1x "></i>
                    </span>
                </a>
            </div>
            <p>Copyright 2024 Spesati.com </p>
            
                    <p>All rights reserved</p>
                    <p>SPESATI SRL</p>
                    <p>Corso Vittorio Veneto 15/I, 07026, Olbia</p>
                    <p>CF e P.Iva: 02772380909</p>
                        </div>
        <div class="center bgRed">
            <div class="top">
                <h3>Categories</h3>
                <div class="col">
                    <ul>
                        <li>
                            <a href="#" class="estDynamic">On sale</a>
                        </li>
                        <li>
                            <a href="../fruit-and-vegetables.html" class="estDynamic">Fruit and vegetables</a>
                        </li>
                        <li>
                            <a href="../fresh-products.html" class="estDynamic">Fresh products</a>
                        </li>
                        <li>
                            <a href="../frozen-foods.html" class="estDynamic">Frozen foods</a>
                        </li>
                        <li>
                            <a href="../bread-and-pasta.html" class="estDynamic">Bread and pasta</a>
                        </li>
                        <li>
                            <a href="../meat.html" class="estDynamic">Meat</a>
                        </li>
                        <li>
                            <a href="../fish.html" class="estDynamic">Fish</a>
                        </li>
                    </ul>
                </div>
                <div class="col">
                    <ul>
                        <li>
                            <a href="../wine-beer-and-spirits.html" class="estDynamic">Wine beer and spirits</a>
                        </li>
                        <li>
                            <a href="../water-and-drinks.html" class="estDynamic">Water and drinks</a>
                        </li>
                        <li>
                            <a href="../sweets.html" class="estDynamic">Sweets</a>
                        </li>
                        <li>
                            <a href="../shelf.html" class="estDynamic">Cupboard</a>
                        </li>
                        <li>
                            <a href="../personal-care.html" class="estDynamic">Personal care</a>
                        </li>
                        <li>
                            <a href="../household-and-outdoors.html" class="estDynamic">Home and outdoors</a>
                        </li>
                        <li>
                            <a href="../pet.html" class="estDynamic">Pets</a>
                        </li>
                    </ul>
                </div>
                <div class="col">
                    <ul>
                        <li>
                            <a href="../technology.html" class="estDynamic">Technology</a>
                        </li>
                        <li>
                            <a href="../gluten-free.html" class="estDynamic">Gluten free</a>
                        </li>
                        <li>
                            <a href="../lactose-free.html" class="estDynamic">Lactose free</a>
                        </li>
                        <li>
                            <a href="../special.html" class="estDynamic">Special</a>
                        </li>
                        <li>
                            <a href="../sardinian-products.html" class="estDynamic">Sardinian products</a>
                        </li>
                    </ul>
                </div>
            </div>
            <div class="bottom bgRed">
                <div class="left">
                    <h3>Delivery payment</h3>
                    <div>
                        <i class="fa fa-money fa-3x" aria-hidden="true"></i>
                        <p>Cash</p>
                    </div>
                    <div>
                        <i class="fa fa-credit-card fa-3x" aria-hidden="true"></i>
                        <p>Bancomat or card</p>
                    </div>
                </div>
                <div class="right">
                    <h3>Online payment</h3>
                    <div>
                        <i class="fa fa-credit-card fa-3x" aria-hidden="true"></i>
                        <p>Credit or debit card <span class="red">online</span></p>
                    </div>
                    <div>
                        <i class="fa fa-paypal fa-3x" aria-hidden="true"></i>
                        <p>PayPal</p>
                    </div>
                    <div>
                        <i class="fa fa-university fa-3x" aria-hidden="true"></i>
                        <p>Bank transfer</p>
                    </div>
                </div>
            </div>
        </div>
        <div class="right bgRed">
            <div>
                <i class="fa fa-truck fa-flip-horizontal"></i>
                <a class="button bgYellow white" href="../delivery-prices.html">Delivery prices</a>
                
                    <h3>Home delivery:</h3>
                    <p><b>Monday to Saturday</b></p>
                    <p><b>9:00 to 20:00</b></p>
                    <p><b>Minimum order:</b> 29€</p>
                    <p><b>Delivery starting from:</b> 3,50€</p>
                            </div>
            <ul>
                <li>
                    <a href="../delivery-prices.html">Delivery prices</a>
                </li>
                <li>
                    <a href="../about.html">About</a>
                </li>
                <li>
                    <a href="../faq.html">Faq</a>
                </li>
                <li>
                    <a href="../customer-care.html">Support</a>
                </li>
                <li>
                    <a href="../news.html">Blog</a>
                </li>
                <li>
                    <a href="../terms-and-conditions.html">Conditions</a>
                </li>
                <li>
                    <a href="../privacy-policy.html">Privacy policy</a>
                </li>
                <li>
                    <a href="../legal-warranty.html">Legal guarantee</a>
                </li>
            </ul>
        </div>
    </footer>
    <div class="bgRed"></div>
</div>
<!--Start of Tawk.to Script-->
<script data-cfasync="false" src="../cdn-cgi/scripts/5c5dd728/cloudflare-static/email-decode.min.js"></script><script type="text/javascript">
var Tawk_API=Tawk_API||{}, Tawk_LoadStart=new Date();
(function(){
var s1=document.createElement("script"),s0=document.getElementsByTagName("script")[0];
s1.async=true;
s1.src='https://embed.tawk.to/59e86945c28eca75e4626ed9/default';
s1.charset='UTF-8';
s1.setAttribute('crossorigin','*');
s0.parentNode.insertBefore(s1,s0);
})();
</script>
<!--End of Tawk.to Script-->

<!-- Here are parked a few translatable strings, useful for Javascript rendering -->
<div id="js-texts" hidden>
    <input type="hidden" name="save_cart_notice" value="Saving your cart it will be possible to reload it next time you come for shopping">
    <input type="hidden" name="save_cart_notice_title" value="Want to save your cart?">
    <input type="hidden" name="save_cart_ok" value="Save">
    <input type="hidden" name="save_cart_ko" value="Don't Save">
    <input type="hidden" name="reload_cart" value="The Reload Order function allows you to top up your last cart to make a New Order. Warning: do not use this function to add products to the last order. At this time it is not possible to modify an order placed previously.">
</div>

<!-- new site and login popup -->
</body>
<!-- Mirrored from www.spesati.com/sweets/jam by HTTrack Website Copier/3.x [XR&CO'2014], Fri, 23 Feb 2024 18:37:20 GMT -->
</html>