<!DOCTYPE html><html lang="en">
<!-- Mirrored from www.spesati.com/sweets/pastry by HTTrack Website Copier/3.x [XR&CO'2014], Fri, 23 Feb 2024 18:38:07 GMT -->
<!-- Added by HTTrack --><meta http-equiv="content-type" content="text/html;charset=utf-8" /><!-- /Added by HTTrack -->
<head>
    <title>Pastry - Sweets - Spesati.com</title>
    <meta http-equiv="Content-Type" content="text/html; charset=UTF-8" />
    <meta name="description" content="" />
    <meta name="keywords" content="" />
    <link href="../images/favicon.ico" rel="shortcut icon" type="image/x-icon" />
    <meta name="author" content="www.dodify.com" /><link rel="canonical" href="pastry.html" /><link rel="alternate" hreflang="en" href="pastry.html" /><link rel="alternate" hreflang="it" href="https://www.spesati.it/dolci/pasticceria" /><link href="../../cdnjs.cloudflare.com/ajax/libs/meyer-reset/2.0/reset.min.css" rel="stylesheet" type="text/css" /><link href="../../cdnjs.cloudflare.com/ajax/libs/font-awesome/6.5.1/css/all.min.css" rel="stylesheet" type="text/css" /><link href="https://fonts.googleapis.com/css?family=Montserrat:400,700" rel="stylesheet" type="text/css" /><link href="../../cdnjs.cloudflare.com/ajax/libs/fancybox/2.1.5/jquery.fancybox.min.css" rel="stylesheet" type="text/css" /><link href="../style/mainbea6.css?v=7" rel="stylesheet" type="text/css" /><link href="../style/lightslider.css" rel="stylesheet" type="text/css" /><link href="../style/categories.css" rel="stylesheet" type="text/css" /><script src="../../cdnjs.cloudflare.com/ajax/libs/jquery/3.6.1/jquery.min.js" type="text/javascript"></script><script src="../../ajax.googleapis.com/ajax/libs/jquery/1.11.0/jquery.min.js" type="text/javascript"></script><script src="http://unpkg.com/@floating-ui/core@0.4.0" type="text/javascript"></script><script src="http://unpkg.com/@floating-ui/dom@0.2.0" type="text/javascript"></script><script src="../../cdnjs.cloudflare.com/ajax/libs/fancybox/2.1.5/jquery.fancybox.min.js" type="text/javascript"></script><script src="../js/menu.js" type="text/javascript"></script><script src="../js/interfaceb6f5.js?v=10" type="text/javascript"></script><script src="../js/spesati.lightslider.min.js" type="text/javascript"></script><meta name="viewport" content="width=device-width, initial-scale=1, maximum-scale=1" /><meta name = "format-detection" content = "telephone=no">
<!-- Facebook Pixel Code -->
<script>
  !function(f,b,e,v,n,t,s)
  {if(f.fbq)return;n=f.fbq=function(){n.callMethod?
  n.callMethod.apply(n,arguments):n.queue.push(arguments)};
  if(!f._fbq)f._fbq=n;n.push=n;n.loaded=!0;n.version='2.0';
  n.queue=[];t=b.createElement(e);t.async=!0;
  t.src=v;s=b.getElementsByTagName(e)[0];
  s.parentNode.insertBefore(t,s)}(window, document,'script',
  '../../connect.facebook.net/en_US/fbevents.js');
  fbq('init', '792335014180667');
  fbq('track', 'PageView');
</script>
<noscript>
    <img height="1" width="1" style="display:none" src="https://www.facebook.com/tr?id=792335014180667&amp;ev=PageView&amp;noscript=1" />
</noscript>
<!-- End Facebook Pixel Code -->

<!-- GA4 -->
<script async src="https://www.googletagmanager.com/gtag/js?id=G-SSS6NRNXL0"></script>
<script>
  window.dataLayer = window.dataLayer || [];
  function gtag(){dataLayer.push(arguments);}
  gtag('js', new Date());
  gtag('config', 'AW-976671669');
  gtag('config', 'G-SSS6NRNXL0');
</script>
<!-- Elements for PWA deploy -->
<link rel="manifest" href="../manifest.json">
<meta name="theme-color" media="(prefers-color-scheme: light)" content="white">
<meta name="theme-color" media="(prefers-color-scheme: dark)"  content="black">
<link href=../images/icon-192.png rel=apple-touch-icon sizes="192x192">
<!-- Establishment logic -->
<script>var pageEstablishment = "Olbia"; var estDefaultPages = true</script>
    <!--[if lt IE 9]>
        <script src="https://cdnjs.cloudflare.com/ajax/libs/html5shiv/3.7.3/html5shiv.min.js" type="text/javascript"></script>
    <![endif]--><script type="text/javascript">
$(document).ready(function() {
    // Check if exists cookie
    if(document.cookie.indexOf("cookieAccepted") < 0) {
        var cookieText = '<div id=\"cookie\"><p>This site uses cookies. Cookies are used for ads personalisation. <a href=\"/privacy-policy\">More info</a></p><button id=\"cookieConsent\" type=\"button\">Accept</button></div>';
        $("body").append($(
            cookieText
        ));
        $('#cookie').css({
            'width'           : '100%',
            'text-align'      : 'center',
            'color'           : '#FFFFFF',
            'background-color': '#000000', 
            'opacity'         : '.8', 
            'position'        : 'fixed', 
            'bottom'          : '0',
            'padding'         : '.5em 0',
            'z-index'         : '999'
        });
        $('#cookie > *').css({
            'display': 'inline'
        });
        $('#cookie a').css({
            'color'          : '#FFFFFF',
            'text-decoration': 'underline',
            'margin-right'   : '2%'
        });
        $('#cookieConsent').click(function() {
            // Set cookie
            var expiry = new Date();
            expiry.setTime(expiry.getTime() + (365 * 24 * 60 * 60 * 1000));
            document.cookie = "cookieAccepted=yes; expires=" + expiry.toGMTString() + "; path=/; domain=.spesati.com";
            $('#cookie').css({'display': 'none'});
        });
    }
});
</script></head><body><script type="text/javascript">
    var addText = "Add";
    var slider  = null;
    $(document).ready(function() {
        slider = $('#cartSlider').lightSlider({
            controls: false,
            item:13,
            loop:false,
            slideMove:1,
            easing: 'cubic-bezier(0.25, 0, 0.25, 1)',
            speed:600,
            responsive : [
                {
                    breakpoint:1400,
                    settings: {
                        item:12,
                        slideMove:1,
                    }
                },
                {
                    breakpoint:1200,
                    settings: {
                        item:11,
                        slideMove:1,
                    }
                },
                {
                    breakpoint:1080,
                    settings: {
                        item:14,
                        slideMove:1,
                    }
                },
                {
                    breakpoint:800,
                    settings: {
                        item:12,
                        slideMove:1,
                    }
                }
            ]
        });
        $('.lSPager').css("display","none");
        $('.lSAction').css("display","block");
        $('#goToPrevSlide').on('click', function () {
            slider.goToPrevSlide();
        });
        $('#goToNextSlide').on('click', function () {
            slider.goToNextSlide();
        });
    });

</script>
<div id="header" class="bgYellow">
    <header>
        <a class="menu" href="#"><i class="fa red fa-bars fa-2x"></i></a>
        <a id="logo" class="colLeft estDynamic" href="../index.html">
            <img src="../../cdn.spesati.com/images/layout/logo-eng.png" alt="Spesati.com" />
            <h2 class="red">Grocery Delivery</h2>
        </a>
        <div class="colRight">
            <div id="controls" class="right">
                <p id="establishmentControls">
                    <span class="establishmentWarning"><i class="fa-solid fa-triangle-exclamation red" title="Stai visualizzando i prodotti disponibili in una zona diversa. Se vuoi cambiare zona, cliccan qui"></i>&nbsp;&nbsp;</span>
                    Shopping from <b><a id="establishment" href="#"></a></b> <span id="estAddress">for </span> <a href="../change-establishment.html">(<i class="fa-solid fa-pencil"></i> Change)</a> <span class="establishmentWarning">but viewing <b>Olbia</b></span>
                </p>
                <p><a href="https://www.spesati.it/dolci/pasticceria" class="black switch-site">Versione italiana</a></p>                
            </div>
            <div>
                <form id="search" action="https://www.spesati.com/search" method="post" class="left">
                    <fieldset>
                        <div>
                            <input type="text" name="searchBox" id="searchBox" placeholder="Search for a product"></input>
                            <input id="searchButton" type="submit" name="searchButton" class="button bgRed white left" value="Find" />
                        </div>
                    </fieldset>
                </form>
                <div class="center left">
                    <a class="button bgRed white log-in" href="../login.html">Login</a>
                    <a class="button bgRed white sign-up" href="../sign-up.html">Sign up</a>
                    <a class="button bgRed white profile" href="../profile.html">Profile</a>
                    <a class="button bgRed white log-out" href="../index.html" data-endpoint-check-cart="https://api.spesati.com/cart/check">Logout</a>
                </div>
                <div class="right user-function-icons">
                    <a class="red left account"><i class="fa fa-user fa-3x"></i></a>
                    <div id="dropdown">
                        <a class="log-in button bgRed white" href="../login.html">Login</a>
                        <a class="sign-up button bgRed white" href="../sign-up.html">Sign up</a>
                        <a class="profile button bgRed white" href="../profile.html">Profile</a>
                        <a class="log-out button bgRed white" href="../index.html">Logout</a>
                    </div>

                    <div class="cart left">
                        <i class="fa fa-sm fa-shopping-cart red" aria-hidden="true" id="shipping-cart-button"></i>
                        <p id="cartQuantity"></p>
                    </div>

                    <a class="right" href="../cart.html"><p class="black" id="cartTotal"></p></a>
                </div>
            </div>
                            <div id="previewCart">
                    <i id="goToPrevSlide" class="yellow fa fa-angle-left fa-2x" aria-hidden="true"></i>
                    <div><ul id="cartSlider"></ul></div>
                    <i id="goToNextSlide" class="yellow fa fa-angle-right fa-2x" aria-hidden="true"></i>
                </div>
                    </div>
    </header>

    <div id="shipping-cart-options" data-inited="false">
        <a href="../cart.html" class="goto-cart">checkout</a>
        <a href="#" data-endpoint-auth="https://api.spesati.com/cart/save" data-endpoint-noauth="/login" class="save-cart">save</a>
        <a href="#" data-endpoint-auth="https://api.spesati.com/cart/load" class="load-cart">load</a>
    </div>
</div>
<div id="menuCategoriesMobile" class="mobile bgRed">
    <div class="closeMenu">
        <i class="fa fa-times fa-2x white"></i>
        Close
    </div>
    <ul class="bgRed white">
        <div id="langMobile" class="right">
        <a href="https://www.spesati.it/dolci/pasticceria" class="white switch-site"><p>Versione italiana</p></a>    </div>
        <li><a>Categories</a>
            <ul class="bgWhite">
                <li>
                    <img src="../../cdn.spesati.com/images/menu/on-sale.png"/>
                    On sale                    <i class="fa fa-angle-down" aria-hidden="true"></i>
                    <ul class="sub-menu">
                    <li>
    <a href="../tacchino-fesa-a-fette.html">Tacchino Fesa A Fette</a>
</li><li>
    <a href="../amaro-montenegro-15lt.html">Amaro Montenegro 1,5lt</a>
</li><li>
    <a href="../carbone-di-legna-sacco-10kg.html">Carbone Di Legna Sacco 10Kg</a>
</li><li>
    <a href="../filu-e-ferru-silvio-carta-70cl.html">Filu E Ferru Silvio Carta 70Cl</a>
</li><li>
    <a href="../braciole-suino-con-cotenna.html">Braciole Suino Con Cotenna</a>
</li><li>
    <a href="../bovino-adulto-polpa.html">Bovino Adulto Polpa</a>
</li><li>
    <a href="../vino-la-palma-cannonau-le-bombarde.html">Vino La Palma Cannonau Le Bombarde</a>
</li><li>
    <a href="../fettine-sceltissime-bovino-adulto.html">Fettine Sceltissime Bovino Adulto</a>
</li><li>
    <a href="../suino-fettine-scelte.html">Suino Fettine Scelte</a>
</li><li>
    <a href="../lavazza-caffe-qualita-rossa-2x250gr.html">Lavazza Caffé Qualità Rossa 2x250gr</a>
</li>                        <li>
                            <a class="estDynamic" href="../on-offer.html">All products on sale</a>
                        </li>
                    </ul>
                </li>
                <li>
                    <img src="../../cdn.spesati.com/images/menu/gift.png"/>
                    Gifts                    <i class="fa fa-angle-down" aria-hidden="true"></i>
                    <ul class="sub-menu">
                        <li>
    <a href="../gift-card-da-150.html">Gift Card Da 150</a>
</li><li>
    <a href="../gift-card-da-100.html">Gift Card Da 100</a>
</li><li>
    <a href="../gift-card-da-50.html">Gift Card Da 50</a>
</li><li>
    <a href="../gift-card-da-25.html">Gift Card Da 25</a>
</li>                        <li>
                            <a class="estDynamic" href="../gift.html">All products in the gifts category</a>
                        </li>
                    </ul>
                </li>
                <li>
                    <img src="../../cdn.spesati.com/images/menu/gift-card.png"/>
                    Gift card and discounts                    <i class="fa fa-angle-down" aria-hidden="true"></i>
                    <ul class="sub-menu">
                        <li>
    <a href="../gift-card-da-150.html">Gift Card Da 150</a>
</li><li>
    <a href="../gift-card-da-100.html">Gift Card Da 100</a>
</li><li>
    <a href="../gift-card-da-50.html">Gift Card Da 50</a>
</li><li>
    <a href="../gift-card-da-25.html">Gift Card Da 25</a>
</li>                    </ul>
                </li>
                <li>
                    <img src="../../cdn.spesati.com/images/menu/fuit-and-vegetables.png"/>
                    Fruit and vegetables                    <i class="fa fa-angle-down" aria-hidden="true"></i>
                    <ul class="sub-menu">
                        <li>
                            <a class="estDynamic" href="../fruit-and-vegetables/pulses-and-beans.html">Cereals and pulses and beans</a>
                        </li>
                        <li>
                            <a class="estDynamic" href="../fruit-and-vegetables/fruit.html">Fruit</a>
                        </li>
                        <li>
                            <a class="estDynamic" href="../fruit-and-vegetables/canned-fruit.html">Canned fruit</a>
                        </li>
                        <li>
                            <a class="estDynamic" href="../fruit-and-vegetables/dried-fruit.html">Dried fruit</a>
                        </li>
                        <li>
                            <a class="estDynamic" href="../fruit-and-vegetables/ready-salads.html">Ready salads</a>
                        </li>
                        <li>
                            <a class="estDynamic" href="../fruit-and-vegetables/fresh-spices.html">Fresh spices</a>
                        </li>
                        <li>
                            <a class="estDynamic" href="../fruit-and-vegetables/vegetables.html">Vegetables and soy</a>
                        </li>
                    </ul>
                </li>
                <li>
                    <img src="../../cdn.spesati.com/images/menu/fresh-products.png"/>
                    Fresh products                    <i class="fa fa-angle-down" aria-hidden="true"></i>
                    <ul class="sub-menu">
                        <li>
                            <a class="estDynamic" href="../fresh-products/margarine-and-butter.html">Butter and margarine</a>
                        </li>
                        <li>
                            <a class="estDynamic" href="../fresh-products/danone.html">Danone</a>
                        </li>
                        <li>
                            <a class="estDynamic" href="../fresh-products/dessert.html">Dessert</a>
                        </li>
                        <li>
                            <a class="estDynamic" href="../fresh-products/sweets.html">Sweets</a>
                        </li>
                        <li>
                            <a class="estDynamic" href="../fresh-products/dairy-products.html">Dairy product</a>
                        </li>
                        <li>
                            <a class="estDynamic" href="../fresh-products/bakery.html">Yeast</a>
                        </li>
                        <li>
                            <a class="estDynamic" href="../fresh-products/mascarpone.html">Mascarpone</a>
                        </li>
                        <li>
                            <a class="estDynamic" href="../fresh-products/snacks.html">Snacks</a>
                        </li>
                        <li>
                            <a class="estDynamic" href="../fresh-products/mozzarella.html">Mozzarella</a>
                        </li>
                        <li>
                            <a class="estDynamic" href="../fresh-products/pasta.html">Pasta</a>
                        </li>
                        <li>
                            <a class="estDynamic" href="../fresh-products/pesto-and-sauces.html">Pesto and sauces</a>
                        </li>
                        <li>
                            <a class="estDynamic" href="../fresh-products/ricotta-and-cheese.html">Ricotta and cheese</a>
                        </li>
                        <li>
                            <a class="estDynamic" href="../fresh-products/cured-meat.html">Cured meat</a>
                        </li>
                        <li>
                            <a class="estDynamic" href="../fresh-products/wurstel.html">Würstel</a>
                        </li>
                        <li>
                            <a class="estDynamic" href="../fresh-products/yogurt.html">Yogurt</a>
                        </li>
                    </ul>
                </li>
                <li>
                    <img src="../../cdn.spesati.com/images/menu/frozen-foods.png"/>
                    Frozen foods                    <i class="fa fa-angle-down" aria-hidden="true"></i>
                    <ul class="sub-menu">
                        <li>
                            <a class="estDynamic" href="../frozen-foods/meat.html">Meat</a>
                        </li>
                        <li>
                            <a class="estDynamic" href="../frozen-foods/ice-creams.html">Ice cream and sweet</a>
                        </li>
                        <li>
                            <a class="estDynamic" href="../frozen-foods/pasta.html">Pasta</a>
                        </li>
                        <li>
                            <a class="estDynamic" href="../frozen-foods/fish.html">Fish</a>
                        </li>
                        <li>
                            <a class="estDynamic" href="../frozen-foods/ready-meals.html">Ready meals</a>
                        </li>
                        <li>
                            <a class="estDynamic" href="../frozen-foods/pizzas.html">Pizzas</a>
                        </li>
                        <li>
                            <a class="estDynamic" href="../frozen-foods/vegetables.html">Vegetables and soy</a>
                        </li>
                    </ul>
                </li>
                <li>
                    <img src="../../cdn.spesati.com/images/menu/bread-and-pasta.png"/>
                    Bread and pasta                    <i class="fa fa-angle-down" aria-hidden="true"></i>
                    <ul class="sub-menu">
                        <li>
                            <a class="estDynamic" href="../bread-and-pasta/crackers.html">Crackers</a>
                        </li>
                        <li>
                            <a class="estDynamic" href="../bread-and-pasta/rusks.html">Rusks</a>
                        </li>
                        <li>
                            <a class="estDynamic" href="../bread-and-pasta/white-bread.html">White bread</a>
                        </li>
                        <li>
                            <a class="estDynamic" href="../bread-and-pasta/local-bread.html">Local bread</a>
                        </li>
                        <li>
                            <a class="estDynamic" href="../bread-and-pasta/soft-bread.html">Soft bread</a>
                        </li>
                        <li>
                            <a class="estDynamic" href="../bread-and-pasta/sardinian-bread.html">Sardinian bread</a>
                        </li>
                        <li>
                            <a class="estDynamic" href="../bread-and-pasta/bakery.html">Bakery</a>
                        </li>
                        <li>
                            <a class="estDynamic" href="../bread-and-pasta/pasta.html">Pasta</a>
                        </li>
                        <li>
                            <a class="estDynamic" href="../bread-and-pasta/fresh-pasta.html">Fresh pasta</a>
                        </li>
                    </ul>
                </li>
                <li>
                    <img src="../../cdn.spesati.com/images/menu/meat.png"/>
                    Meat                    <i class="fa fa-angle-down" aria-hidden="true"></i>
                    <ul class="sub-menu">
                        <li>
                            <a class="estDynamic" href="../meat/beef.html">Beef</a>
                        </li>
                        <li>
                            <a class="estDynamic" href="../meat/goat.html">Goat</a>
                        </li>
                        <li>
                            <a class="estDynamic" href="../meat/packaged-meat.html">Packaged meat</a>
                        </li>
                        <li>
                            <a class="estDynamic" href="../meat/rabbit.html">Rabbit</a>
                        </li>
                        <li>
                            <a class="estDynamic" href="../meat/horse.html">Horse</a>
                        </li>
                        <li>
                            <a class="estDynamic" href="../meat/pork.html">Pork</a>
                        </li>
                        <li>
                            <a class="estDynamic" href="../meat/lamb.html">Lamb</a>
                        </li>
                        <li>
                            <a class="estDynamic" href="../meat/poultry.html">Poultry</a>
                        </li>
                    </ul>
                </li>
                <li>
                    <img src="../../cdn.spesati.com/images/menu/fish.png"/>
                    Fish                    <i class="fa fa-angle-down" aria-hidden="true"></i>
                    <ul class="sub-menu">
                        <li>
                            <a class="estDynamic" href="../fish/fresh-water.html">Fresh water</a>
                        </li>
                        <li>
                            <a class="estDynamic" href="../fish/salt-water.html">Salt water</a>
                        </li>
                        <li>
                            <a class="estDynamic" href="../fish/mussels.html">Mussels</a>
                        </li>
                        <li>
                            <a class="estDynamic" href="../fish/dried-and-salted.html">Dried and salted</a>
                        </li>
                        <li>
                            <a class="estDynamic" href="../fish/seafood-salad.html">Seafood salad</a>
                        </li>
                        <li>
                            <a class="estDynamic" href="../fish/prepared.html">Prepared</a>
                        </li>
                        <li>
                            <a class="estDynamic" href="../fish/specialty.html">Specialty</a>
                        </li>   
                        <li>
                            <a class="estDynamic" href="../fish/tuna-and-salmon.html">Tuna and salmon</a>
                        </li>
                    </ul>
                </li>
                <li>
                    <img src="../../cdn.spesati.com/images/menu/alcohol.png"/>
                    Wine beer and spirits                    <i class="fa fa-angle-down" aria-hidden="true"></i>
                    <ul class="sub-menu">
                        <li>
                            <a class="estDynamic" href="../wine-beer-and-spirits/spirits-and-liquors.html">Alcohol</a>
                        </li>
                        <li>
                            <a class="estDynamic" href="../wine-beer-and-spirits/bitters.html">Bitters</a>
                        </li>
                        <li>
                            <a class="estDynamic" href="../wine-beer-and-spirits/aperatif.html">Aperatifs</a>
                        </li>
                        <li>
                            <a class="estDynamic" href="../wine-beer-and-spirits/beer.html">Beer</a>
                        </li>
                        <li>
                            <a class="estDynamic" href="../wine-beer-and-spirits/creams.html">Creams</a>
                        </li>
                        <li>
                            <a class="estDynamic" href="../wine-beer-and-spirits/spirits.html">Spirits</a>
                        </li>
                        <li>
                            <a class="estDynamic" href="../wine-beer-and-spirits/liquors.html">Liquors</a>
                        </li>
                        <li>
                            <a class="estDynamic" href="../wine-beer-and-spirits/white-wine.html">White wine</a>
                        </li>
                        <li>
                            <a class="estDynamic" href="../wine-beer-and-spirits/prosecco-wine.html">Prosecco wine</a>
                        </li>
                        <li>
                            <a class="estDynamic" href="../wine-beer-and-spirits/rose-wine.html">Rose wine</a>
                        </li>
                        <li>
                            <a class="estDynamic" href="../wine-beer-and-spirits/red-wine.html">Red wine</a>
                        </li>
                        <li>
                            <a class="estDynamic" href="../wine-beer-and-spirits/specialty-wine.html">Special wine</a>
                        </li>
                        <li>
                            <a class="estDynamic" href="../wine-beer-and-spirits/sparkling-wine.html">Sparkling wine</a>
                        </li>
                        <li>
                            <a class="estDynamic" href="../wine-beer-and-spirits/vermentino-wine.html">Vermentino wine</a>
                        </li>
                    </ul>
                </li>
                <li>
                    <img src="../../cdn.spesati.com/images/menu/water-and-drinks.png"/>
                    Water and drinks                    <i class="fa fa-angle-down" aria-hidden="true"></i>
                    <ul class="sub-menu">
                        <li>
                            <a class="estDynamic" href="../water-and-drinks/san-martino.html">San Martino</a>
                        </li>
                        <li>
                            <a class="estDynamic" href="../water-and-drinks/water.html">Water</a>
                        </li>
                        <li>
                            <a class="estDynamic" href="../water-and-drinks/alpro.html">Alpro</a>
                        </li>
                        <li>
                            <a class="estDynamic" href="../water-and-drinks/fizzy-drinks.html">Fizzy drinks</a>
                        </li>
                        <li>
                            <a class="estDynamic" href="../water-and-drinks/coca-cola.html">Coca-Cola</a>
                        </li>
                        <li>
                            <a class="estDynamic" href="../water-and-drinks/energy-drink.html">Energy drink</a>
                        </li>
                        <li>
                            <a class="estDynamic" href="../water-and-drinks/syrups.html">Syrups</a>
                        </li>
                        <li>
                            <a class="estDynamic" href="../water-and-drinks/supplements.html">Supplements</a>
                        </li>
                        <li>
                            <a class="estDynamic" href="../water-and-drinks/instant-drinks.html">Instant drinks</a>
                        </li>
                        <li>
                            <a class="estDynamic" href="../water-and-drinks/juice.html">Juice</a>
                        </li>
                        <li>
                            <a class="estDynamic" href="../water-and-drinks/tea.html">Tea</a>
                        </li>
                    </ul>
                </li>
                <li>
                    <img src="../../cdn.spesati.com/images/menu/sweets.png"/>
                    Sweets                    <i class="fa fa-angle-down" aria-hidden="true"></i>
                    <ul class="sub-menu">
                        <li>
                            <a class="estDynamic" href="bars-and-snacks.html">Bars and snacks</a>
                        </li>
                        <li>
                            <a class="estDynamic" href="biscuits.html">Biscuits</a>
                        </li>
                        <li>
                            <a class="estDynamic" href="brioches.html">Brioches</a>
                        </li>
                        <li>
                            <a class="estDynamic" href="candy-and-chewing-gum.html">Candy and chewing gum</a>
                        </li>
                        <li>
                            <a class="estDynamic" href="cereals.html">Cereals</a>
                        </li>
                        <li>
                            <a class="estDynamic" href="chocolate.html">Chocolate</a>
                        </li>
                        <li>
                            <a class="estDynamic" href="spreadable-creams.html">Spreads</a>
                        </li>
                        <li>
                            <a class="estDynamic" href="dessert-toppings.html">Dessert toppings</a>
                        </li>
                        <li>
                            <a class="estDynamic" href="jam.html">Jam</a>
                        </li>
                        <li>
                            <a class="estDynamic" href="honey.html">Honey</a>
                        </li>
                        <li>
                            <a class="estDynamic" href="panettoni-and-pandoro.html">Panettone and pandoro</a>
                        </li>
                        <li>
                            <a class="estDynamic" href="pastry.html">Pastry</a>
                        </li>
                        <li>
                            <a class="estDynamic" href="instant-dessert.html">Prepared</a>
                        </li>
                        <li>
                            <a class="estDynamic" href="cakes-and-pies.html">Cakes and pies</a>
                        </li>
                        <li>
                            <a class="estDynamic" href="easter-eggs-and-doves.html">Easter eggs and doves</a>
                        </li>
                    </ul>
                </li>
                <li>
                    <img src="../../cdn.spesati.com/images/menu/shelf.png"/>
                    Cupboard                    <i class="fa fa-angle-down" aria-hidden="true"></i>
                    <ul class="sub-menu">
                        <li>
                            <a class="estDynamic" href="../shelf/coffee.html">Coffee</a>
                        </li>
                        <li>
                            <a class="estDynamic" href="../shelf/gift-baskets.html">Gift baskets</a>
                        </li>
                        <li>
                            <a class="estDynamic" href="../shelf/stock-cubes.html">Nuts and preparations</a>
                        </li>
                        <li>
                            <a class="estDynamic" href="../shelf/flour-and-baking.html">Flour and baking</a>
                        </li>
                        <li>
                            <a class="estDynamic" href="../shelf/milk.html">Milk</a>
                        </li>
                        <li>
                            <a class="estDynamic" href="../shelf/oil-salt-vinegar.html">Oil, vinegar and salt</a>
                        </li>
                        <li>
                            <a class="estDynamic" href="../shelf/cream-and-bechamel.html">Cream and bechamel</a>
                        </li>
                        <li>
                            <a class="estDynamic" href="../shelf/crisps-and-pretzels.html">Crisps and pretzels</a>
                        </li>
                        <li>
                            <a class="estDynamic" href="../shelf/baby-and-infants-products.html">Early childhood products</a>
                        </li>
                        <li>
                            <a class="estDynamic" href="../shelf/rice.html">Rice</a>
                        </li>
                        <li>
                            <a class="estDynamic" href="../shelf/tins-and-preserves.html">Tins and Preserves</a>
                        </li>
                        <li>
                            <a class="estDynamic" href="../shelf/spices.html">Spices</a>
                        </li>
                        <li>
                            <a class="estDynamic" href="../shelf/sauces.html">Sauces</a>
                        </li>
                        <li>
                            <a class="estDynamic" href="../shelf/tea-and-infusions.html">Tea and infusions</a>
                        </li>
                        <li>
                            <a class="estDynamic" href="../shelf/eggs.html">Eggs</a>
                        </li>
                        <li>
                            <a class="estDynamic" href="../shelf/sugar-and-sweeteners.html">Sugar and sweeteners</a>
                        </li>
                    </ul>
                </li>
                <li>
                    <img src="../../cdn.spesati.com/images/menu/personal-care.png"/>
                    Personal care                    <i class="fa fa-angle-down" aria-hidden="true"></i>
                    <ul class="sub-menu">
                        <li>
                            <a class="estDynamic" href="../personal-care/accessories-and-cotton.html">Accessories and cotton</a>
                        </li>
                        <li>
                            <a class="estDynamic" href="../personal-care/feminine-care-incontinence-and-baby-diapers.html">Feminine incontinence and diapers</a>
                        </li>
                        <li>
                            <a class="estDynamic" href="../personal-care/shower-gel.html">Shower gel</a>
                        </li>
                        <li>
                            <a class="estDynamic" href="../personal-care/creams.html">Creams</a>
                        </li>
                        <li>
                            <a class="estDynamic" href="../personal-care/deodorant.html">Deodorant</a>
                        </li>
                        <li>
                            <a class="estDynamic" href="../personal-care/hair-removal.html">Hair removal</a>
                        </li>
                        <li>
                            <a class="estDynamic" href="../personal-care/disinfectants.html">Disinfectants</a>
                        </li>
                        <li>
                            <a class="estDynamic" href="../personal-care/oral-hygiene.html">Oral hygiene</a>
                        </li>
                        <li>
                            <a class="estDynamic" href="../personal-care/supplements-and-multivitamins.html">Supplements and multivitamins</a>
                        </li>
                        <li>
                            <a class="estDynamic" href="../personal-care/first-aid.html">First aid label</a>
                        </li>
                        <li>
                            <a class="estDynamic" href="../personal-care/beard-products.html">Beard products</a>
                        </li>
                        <li>
                            <a class="estDynamic" href="../personal-care/hairs-products.html">Hair products</a>
                        </li>
                        <li>
                            <a class="estDynamic" href="../personal-care/perfume.html">Perfumes</a>
                        </li>
                        <li>
                            <a class="estDynamic" href="../personal-care/wipes.html">Wipes</a>
                        </li>
                        <li>
                            <a class="estDynamic" href="../personal-care/soaps-and-body-wash.html">Soaps and body wash</a>
                        </li>
                        <li>
                            <a class="estDynamic" href="../personal-care/shampoo-and-conditioner.html">Shampoo and conditioner</a>
                        </li>
                    </ul>
                </li>
                <li>
                    <img src="../../cdn.spesati.com/images/menu/pellet-and-home.png"/>
                    Home and outdoors                    <i class="fa fa-angle-down" aria-hidden="true"></i>
                    <ul class="sub-menu">
                        <li>
                            <a class="estDynamic" href="../household-and-outdoors/distilled-water.html">Distilled water</a>
                        </li>
                        <li>
                            <a class="estDynamic" href="../household-and-outdoors/car-products.html">Cars</a>
                        </li>
                        <li>
                            <a class="estDynamic" href="../household-and-outdoors/bin-bags-and-buckets.html">Bin bags and buckets</a>
                        </li>
                        <li>
                            <a class="estDynamic" href="../household-and-outdoors/bleach-and-stain-removers.html">Bleach and stain removers</a>
                        </li>
                        <li>
                            <a class="estDynamic" href="../household-and-outdoors/candles.html">Candles</a>
                        </li>
                        <li>
                            <a class="estDynamic" href="../household-and-outdoors/kitchen-roll.html">Kitchen roll</a>
                        </li>
                        <li>
                            <a class="estDynamic" href="../household-and-outdoors/air-fresheners.html">Air fresheners</a>
                        </li>
                        <li>
                            <a class="estDynamic" href="../household-and-outdoors/laundry-accessories-and-detergent.html">Laundry detergent</a>
                        </li>
                        <li>
                            <a class="estDynamic" href="../household-and-outdoors/dishwasher-and-washing-up.html">Dishwasher and washing up</a>
                        </li>
                        <li>
                            <a class="estDynamic" href="../household-and-outdoors/gardening.html">Gardening</a>
                        </li>
                        <li>
                            <a class="estDynamic" href="../household-and-outdoors/light-bulbs-and-batteries.html">Lightbulbs and batteries</a>
                        </li>
                        <li>
                            <a class="estDynamic" href="../household-and-outdoors/pellet-and-bbq.html">Pellet and BBQ</a>
                        </li>
                        <li>
                            <a class="estDynamic" href="../household-and-outdoors/bathroom-products.html">Bathroom products</a>
                        </li>
                        <li>
                            <a class="estDynamic" href="../household-and-outdoors/home-and-furniture-products.html">Home and furniture products</a>
                        </li>
                        <li>
                            <a class="estDynamic" href="../household-and-outdoors/kitchen-products.html">Kitchen products</a>
                        </li>
                        <li>
                            <a class="estDynamic" href="../household-and-outdoors/window-and-floor-cleaners.html">Window and floor cleaner</a>
                        </li>
                        <li>
                            <a class="estDynamic" href="../household-and-outdoors/repellents.html">Repellents</a>
                        </li>
                        <li>
                            <a class="estDynamic" href="../household-and-outdoors/disposable-tableware.html">Disposable tableware</a>
                        </li>
                    </ul>
                </li>
                <li>
                    <img src="../../cdn.spesati.com/images/menu/animals.png"/>
                    Pets                    <i class="fa fa-angle-down" aria-hidden="true"></i>
                    <ul class="sub-menu">
                        <li>
                            <a class="estDynamic" href="../pets/pet-food-other-animals.html">Other animals pet food</a>
                        </li>
                        <li>
                            <a class="estDynamic" href="../pets/pet-food-dogs.html">Pet food dogs</a>
                        </li>
                        <li>
                            <a class="estDynamic" href="../pets/pet-food-cats.html">Pet food cats</a>
                        </li>
                        <li>
                            <a class="estDynamic" href="../pets/hygiene-and-cleaning.html">Hygiene and cleaning</a>
                        </li>
                    </ul>
                </li>
                <li>
                    <img src="../../cdn.spesati.com/images/menu/technology.png"/>
                    Technology                    <i class="fa fa-angle-down" aria-hidden="true"></i>
                    <ul class="sub-menu">
                        <li>
                            <a class="estDynamic" href="../technology/accessories.html">Accessories</a>
                        </li>
                        <li>
                            <a class="estDynamic" href="../technology/computer.html">Computer</a>
                        </li>
                        <li>
                            <a class="estDynamic" href="../technology/telephones.html">Telephones</a>
                        </li>
                        <li>
                            <a class="estDynamic" href="../technology/tv.html">TV</a>
                        </li>
                    </ul>
                </li>
                <li>
                    <img src="../../cdn.spesati.com/images/menu/gluten-free.png"/>
                    Gluten free                    <i class="fa fa-angle-down" aria-hidden="true"></i>
                    <ul class="sub-menu">
                        <li>
                            <a class="estDynamic" href="../gluten-free/frozen-foods.html">Frozen foods</a>
                        </li>
                        <li>
                            <a class="estDynamic" href="../gluten-free/beer.html">Beer</a>
                        </li>
                        <li>
                            <a class="estDynamic" href="../gluten-free/sweets.html">Sweets</a>
                        </li>
                        <li>
                            <a class="estDynamic" href="../gluten-free/bread-and-pasta.html">Bread and pasta</a>
                        </li>
                        <li>
                            <a class="estDynamic" href="../gluten-free/shelf.html">Cupboard</a>
                        </li>
                    </ul>
                </li>
                <li>
                    <img src="../../cdn.spesati.com/images/menu/lactose-free.png"/>
                    Lactose free                    <i class="fa fa-angle-down" aria-hidden="true"></i>
                    <ul class="sub-menu">
                        <li>
                            <a class="estDynamic" href="../lactose-free/frozen-foods.html">Frozen foods</a>
                        </li>
                        <li>
                            <a class="estDynamic" href="../lactose-free/sweets.html">Sweets</a>
                        </li>
                        <li>
                            <a class="estDynamic" href="../lactose-free/dairy-product.html">Dairy product</a>
                        </li>
                        <li>
                            <a class="estDynamic" href="../lactose-free/shelf.html">Cupboard</a>
                        </li>
                    </ul>
                </li>
                <li>
                    <img src="../../cdn.spesati.com/images/menu/special.png"/>
                    Special                    <i class="fa fa-angle-down" aria-hidden="true"></i>
                    <ul class="sub-menu">
                        <li>
                            <a class="estDynamic" href="../special/alpro.html">Alpro</a>
                        </li>
                        <li>
                            <a class="estDynamic" href="../special/organic.html">Biological</a>
                        </li>
                        <li>
                            <a class="estDynamic" href="../special/meat.html">Meat</a>
                        </li>
                        <li>
                            <a class="estDynamic" href="../special/wholegrain.html">Wholegrain</a>
                        </li>
                        <li>
                            <a class="estDynamic" href="../special/bread-and-pasta.html">Bread and pasta</a>
                        </li>
                        <li>
                            <a class="estDynamic" href="../special/vegan.html">Vegan</a>
                        </li>
                    </ul>
                </li>
                <li>
                    <img src="../../cdn.spesati.com/images/menu/sardinian-products.png"/>
                    Sardinian products                    <i class="fa fa-angle-down" aria-hidden="true"></i>
                    <ul class="sub-menu">
                        <li>
                            <a class="estDynamic" href="../sardinian-products/drinks.html">Drinks</a>
                        </li>
                        <li>
                            <a class="estDynamic" href="../sardinian-products/meat.html">Meat</a>
                        </li>
                        <li>
                            <a class="estDynamic" href="../sardinian-products/sweets.html">Sweets</a>
                        </li>
                        <li>
                            <a class="estDynamic" href="../sardinian-products/fruit-and-vegetables.html">Fruit and vegetables</a>
                        </li>
                        <li>
                            <a class="estDynamic" href="../sardinian-products/ichnusa.html">Ichnusa</a>
                        </li>
                        <li>
                            <a class="estDynamic" href="../sardinian-products/dairy-product.html">Dairy product</a>
                        </li>
                        <li>
                            <a class="estDynamic" href="../sardinian-products/bread-and-pasta.html">Bread and pasta</a>
                        </li>
                        <li>
                            <a class="estDynamic" href="../sardinian-products/fish.html">Fish</a>
                        </li>
                        <li>
                            <a class="estDynamic" href="../sardinian-products/cured-meat.html">Cured meat</a>
                        </li>
                        <li>
                            <a class="estDynamic" href="../sardinian-products/shelf.html">Cupboard</a>
                        </li>
                        <li>
                            <a class="estDynamic" href="../sardinian-products/vermentino-wine.html">Vermentino wine</a>
                        </li>
                        <li>
                            <a class="estDynamic" href="../sardinian-products/wine-beer-and-spirits.html">Wine beer and spirits</a>
                        </li>
                    </ul>
                </li>
            </ul>
        </li>
        <li>
            <a href="../about.html">About</a>
        </li>
        <li>
            <a href="../faq.html">Faq</a>
        </li>
        <li>
            <a href="../customer-care.html">Support</a>
        </li>
        <li>
            <a href="../news.html">Blog</a>
        </li>
        <li>
            <a href="../terms-and-conditions.html">Conditions</a>
        </li>
        <li>
            <a href="../privacy-policy.html">Privacy policy</a>
        </li>
        <li>
            <a href="../login.html">Login</a>
        </li>
        <li>
             <a href="../sign-up.html">Sign up</a>
        </li>
    </ul>
</div><section class="first">
    <div id="menuCategories" class="colLeft">
    <ul id="main_nav" >
        <li>
            <a class="estDynamic" href="../on-offer.html">
               <img src="../../cdn.spesati.com/images/menu/on-sale.png"/>
               On sale            </a>
            <i class="fa fa-angle-right" aria-hidden="true"></i>
            <ul class="sub-menu">
                <li>
    <a href="../tacchino-fesa-a-fette.html" class="estDynamic">Tacchino Fesa A Fette</a>
</li><li>
    <a href="../amaro-montenegro-15lt.html" class="estDynamic">Amaro Montenegro 1,5lt</a>
</li><li>
    <a href="../carbone-di-legna-sacco-10kg.html" class="estDynamic">Carbone Di Legna Sacco 10Kg</a>
</li><li>
    <a href="../filu-e-ferru-silvio-carta-70cl.html" class="estDynamic">Filu E Ferru Silvio Carta 70Cl</a>
</li><li>
    <a href="../braciole-suino-con-cotenna.html" class="estDynamic">Braciole Suino Con Cotenna</a>
</li><li>
    <a href="../bovino-adulto-polpa.html" class="estDynamic">Bovino Adulto Polpa</a>
</li><li>
    <a href="../vino-la-palma-cannonau-le-bombarde.html" class="estDynamic">Vino La Palma Cannonau Le Bombarde</a>
</li><li>
    <a href="../fettine-sceltissime-bovino-adulto.html" class="estDynamic">Fettine Sceltissime Bovino Adulto</a>
</li><li>
    <a href="../suino-fettine-scelte.html" class="estDynamic">Suino Fettine Scelte</a>
</li><li>
    <a href="../lavazza-caffe-qualita-rossa-2x250gr.html" class="estDynamic">Lavazza Caffé Qualità Rossa 2x250gr</a>
</li>                <li>
                    <a class="estDynamic" href="../on-offer.html">All products on sale</a>
                </li>
            </ul>
        </li>
        <li>
            <a class="estDynamic" href="../gift.html">
               <img src="../../cdn.spesati.com/images/menu/gift.png"/>
               Gifts            </a>
            <i class="fa fa-angle-right" aria-hidden="true"></i>
            <ul class="sub-menu">
                <li>
    <a href="../gift-card-da-150.html" class="estDynamic">Gift Card Da 150</a>
</li><li>
    <a href="../gift-card-da-100.html" class="estDynamic">Gift Card Da 100</a>
</li><li>
    <a href="../gift-card-da-50.html" class="estDynamic">Gift Card Da 50</a>
</li><li>
    <a href="../gift-card-da-25.html" class="estDynamic">Gift Card Da 25</a>
</li>                <li>
                    <a class="estDynamic" href="../gift.html">All products in the gifts category</a>
                </li>
            </ul>
        </li>
        <li>
            <a class="estDynamic" href="../gift-card.html">
               <img src="../../cdn.spesati.com/images/menu/gift-card.png"/>
               Gift card and discounts            </a>
            <i class="fa fa-angle-right" aria-hidden="true"></i>
            <ul class="sub-menu">
                <li>
    <a href="../gift-card-da-150.html">Gift Card Da 150</a>
</li><li>
    <a href="../gift-card-da-100.html">Gift Card Da 100</a>
</li><li>
    <a href="../gift-card-da-50.html">Gift Card Da 50</a>
</li><li>
    <a href="../gift-card-da-25.html">Gift Card Da 25</a>
</li>            </ul>
        </li>
        <li>
            <a class="estDynamic" href="../fruit-and-vegetables.html">
               <img src="../../cdn.spesati.com/images/menu/fuit-and-vegetables.png"/>
               Fruit and vegetables           </a>
            <i class="fa fa-angle-right" aria-hidden="true"></i>
            <ul class="sub-menu">
                <li>
                    <a class="estDynamic" href="../fruit-and-vegetables/pulses-and-beans.html">Cereals and pulses and beans</a>
                </li>
                <li>
                    <a class="estDynamic" href="../fruit-and-vegetables/fruit.html">Fruit</a>
                </li>
                <li>
                    <a class="estDynamic" href="../fruit-and-vegetables/canned-fruit.html">Canned fruit</a>
                </li>
                <li>
                    <a class="estDynamic" href="../fruit-and-vegetables/dried-fruit.html">Dried fruit</a>
                </li>
                <li>
                    <a class="estDynamic" href="../fruit-and-vegetables/ready-salads.html">Ready salads</a>
                </li>
                <li>
                    <a class="estDynamic" href="../fruit-and-vegetables/fresh-spices.html">Fresh spices</a>
                </li>
                <li>
                    <a class="estDynamic" href="../fruit-and-vegetables/vegetables.html">Vegetables and soy</a>
                </li>
            </ul>
        </li>
        <li>
            <a class="estDynamic" href="../fresh-products.html">
                <img src="../../cdn.spesati.com/images/menu/fresh-products.png"/>
                Fresh products            </a>
            <i class="fa fa-angle-right" aria-hidden="true"></i>
            <ul class="sub-menu">
                <li>
                    <a class="estDynamic" href="../fresh-products/margarine-and-butter.html">Butter and margarine</a>
                </li>
                <li>
                    <a class="estDynamic" href="../fresh-products/danone.html">Danone</a>
                </li>
                <li>
                    <a class="estDynamic" href="../fresh-products/dessert.html">Dessert</a>
                </li>
                <li>
                    <a class="estDynamic" href="../fresh-products/sweets.html">Sweets</a>
                </li>
                <li>
                    <a class="estDynamic" href="../fresh-products/dairy-products.html">Dairy product</a>
                </li>
                <li>
                    <a class="estDynamic" href="../fresh-products/bakery.html">Yeast</a>
                </li>
                <li>
                    <a class="estDynamic" href="../fresh-products/mascarpone.html">Mascarpone</a>
                </li>
                <li>
                    <a class="estDynamic" href="../fresh-products/snacks.html">Snacks</a>
                </li>
                <li>
                    <a class="estDynamic" href="../fresh-products/mozzarella.html">Mozzarella</a>
                </li>
                <li>
                    <a class="estDynamic" href="../fresh-products/pasta.html">Pasta</a>
                </li>
                <li>
                    <a class="estDynamic" href="../fresh-products/pesto-and-sauces.html">Pesto and sauces</a>
                </li>
                <li>
                    <a class="estDynamic" href="../fresh-products/ricotta-and-cheese.html">Ricotta and cheese</a>
                </li>
                <li>
                    <a class="estDynamic" href="../fresh-products/cured-meat.html">Cured meat</a>
                </li>
                <li>
                    <a class="estDynamic" href="../fresh-products/wurstel.html">Würstel</a>
                </li>
                <li>
                    <a class="estDynamic" href="../fresh-products/yogurt.html">Yogurt</a>
                </li>
            </ul>
        </li>
        <li>
            <a class="estDynamic" href="../frozen-foods.html">
                <img src="../../cdn.spesati.com/images/menu/frozen-foods.png"/>
                Frozen foods            </a>
            <i class="fa fa-angle-right" aria-hidden="true"></i>
            <ul class="sub-menu">
                <li>
                    <a class="estDynamic" href="../frozen-foods/meat.html">Meat</a>
                </li>
                <li>
                    <a class="estDynamic" href="../frozen-foods/ice-creams.html">Ice cream and sweet</a>
                </li>
                <li>
                    <a class="estDynamic" href="../frozen-foods/pasta.html">Pasta</a>
                </li>
                <li>
                    <a class="estDynamic" href="../frozen-foods/fish.html">Fish</a>
                </li>
                <li>
                    <a class="estDynamic" href="../frozen-foods/ready-meals.html">Ready meals</a>
                </li>
                <li>
                    <a class="estDynamic" href="../frozen-foods/pizzas.html">Pizzas</a>
                </li>
                <li>
                    <a class="estDynamic" href="../frozen-foods/vegetables.html">Vegetables and soy</a>
                </li>
            </ul>
        </li>
        <li>
            <a class="estDynamic" href="../bread-and-pasta.html">
                <img src="../../cdn.spesati.com/images/menu/bread-and-pasta.png"/>
                Bread and pasta            </a>
            <i class="fa fa-angle-right" aria-hidden="true"></i>
            <ul class="sub-menu">
                <li>
                    <a class="estDynamic" href="../bread-and-pasta/crackers.html">Crackers</a>
                </li>
                <li>
                    <a class="estDynamic" href="../bread-and-pasta/rusks.html">Rusks</a>
                </li>
                <li>
                    <a class="estDynamic" href="../bread-and-pasta/white-bread.html">White bread</a>
                </li>
                <li>
                    <a class="estDynamic" href="../bread-and-pasta/local-bread.html">Local bread</a>
                </li>
                <li>
                    <a class="estDynamic" href="../bread-and-pasta/soft-bread.html">Soft bread</a>
                </li>
                <li>
                    <a class="estDynamic" href="../bread-and-pasta/sardinian-bread.html">Sardinian bread</a>
                </li>
                <li>
                    <a class="estDynamic" href="../bread-and-pasta/bakery.html">Bakery</a>
                </li>
                <li>
                    <a class="estDynamic" href="../bread-and-pasta/pasta.html">Pasta</a>
                </li>
                <li>
                    <a class="estDynamic" href="../bread-and-pasta/fresh-pasta.html">Fresh pasta</a>
                </li>
            </ul>
        </li>
        <li>
            <a class="estDynamic" href="../meat.html">
                <img src="../../cdn.spesati.com/images/menu/meat.png"/>
                Meat            </a>
            <i class="fa fa-angle-right" aria-hidden="true"></i>
            <ul class="sub-menu">
                <li>
                    <a class="estDynamic" href="../meat/beef.html">Beef</a>
                </li>
                <li>
                    <a class="estDynamic" href="../meat/goat.html">Goat</a>
                </li>
                <li>
                    <a class="estDynamic" href="../meat/packaged-meat.html">Packaged meat</a>
                </li>
                <li>
                    <a class="estDynamic" href="../meat/rabbit.html">Rabbit</a>
                </li>
                <li>
                    <a class="estDynamic" href="../meat/horse.html">Horse</a>
                </li>
                <li>
                    <a class="estDynamic" href="../meat/pork.html">Pork</a>
                </li>
                <li>
                    <a class="estDynamic" href="../meat/lamb.html">Lamb</a>
                </li>
                <li>
                    <a class="estDynamic" href="../meat/poultry.html">Poultry</a>
                </li>
            </ul>
        </li>
        <li>
            <a class="estDynamic" href="../fish.html">
                <img src="../../cdn.spesati.com/images/menu/fish.png"/>
                Fish            </a>
            <i class="fa fa-angle-right" aria-hidden="true"></i>
            <ul class="sub-menu">
                <li>
                    <a class="estDynamic" href="../fish/fresh-water.html">Fresh water</a>
                </li>
                <li>
                    <a class="estDynamic" href="../fish/salt-water.html">Salt water</a>
                </li>
                <li>
                    <a class="estDynamic" href="../fish/mussels.html">Mussels</a>
                </li>
                <li>
                    <a class="estDynamic" href="../fish/dried-and-salted.html">Dried and salted</a>
                </li>
                <li>
                    <a class="estDynamic" href="../fish/seafood-salad.html">Seafood salad</a>
                </li>
                <li>
                    <a class="estDynamic" href="../fish/prepared.html">Prepared</a>
                </li>
                <li>
                    <a class="estDynamic" href="../fish/specialty.html">Specialty</a>
                </li>   
                <li>
                    <a class="estDynamic" href="../fish/tuna-and-salmon.html">Tuna and salmon</a>
                </li>
            </ul>
        </li>
        <li>
            <a class="estDynamic" href="../wine-beer-and-spirits.html">
                <img src="../../cdn.spesati.com/images/menu/alcohol.png"/>
                Wine beer and spirits            </a>
            <i class="fa fa-angle-right" aria-hidden="true"></i>
            <ul class="sub-menu">
                <li>
                    <a class="estDynamic" href="../wine-beer-and-spirits/spirits-and-liquors.html">Alcohol</a>
                </li>
                <li>
                    <a class="estDynamic" href="../wine-beer-and-spirits/bitters.html">Bitters</a>
                </li>
                <li>
                    <a class="estDynamic" href="../wine-beer-and-spirits/aperatif.html">Aperatifs</a>
                </li>
                <li>
                    <a class="estDynamic" href="../wine-beer-and-spirits/beer.html">Beer</a>
                </li>
                <li>
                    <a class="estDynamic" href="../wine-beer-and-spirits/creams.html">Creams</a>
                </li>
                <li>
                    <a class="estDynamic" href="../wine-beer-and-spirits/spirits.html">Spirits</a>
                </li>
                <li>
                    <a class="estDynamic" href="../wine-beer-and-spirits/liquors.html">Liquors</a>
                </li>
                <li>
                    <a class="estDynamic" href="../wine-beer-and-spirits/white-wine.html">White wine</a>
                </li>
                <li>
                    <a class="estDynamic" href="../wine-beer-and-spirits/prosecco-wine.html">Prosecco wine</a>
                </li>
                <li>
                    <a class="estDynamic" href="../wine-beer-and-spirits/rose-wine.html">Rose wine</a>
                </li>
                <li>
                    <a class="estDynamic" href="../wine-beer-and-spirits/red-wine.html">Red wine</a>
                </li>
                <li>
                    <a class="estDynamic" href="../wine-beer-and-spirits/specialty-wine.html">Special wine</a>
                </li>
                <li>
                    <a class="estDynamic" href="../wine-beer-and-spirits/sparkling-wine.html">Sparkling wine</a>
                </li>
                <li>
                    <a class="estDynamic" href="../wine-beer-and-spirits/vermentino-wine.html">Vermentino wine</a>
                </li>
            </ul>
        </li>
        <li>
            <a class="estDynamic" href="../water-and-drinks.html">
                <img src="../../cdn.spesati.com/images/menu/water-and-drinks.png"/>
                Water and drinks            </a>
            <i class="fa fa-angle-right" aria-hidden="true"></i>
            <ul class="sub-menu">
                <li>
                    <a class="estDynamic" href="../water-and-drinks/san-martino.html">San Martino</a>
                </li>
                <li>
                    <a class="estDynamic" href="../water-and-drinks/water.html">Water</a>
                </li>
                <li>
                    <a class="estDynamic" href="../water-and-drinks/alpro.html">Alpro</a>
                </li>
                <li>
                    <a class="estDynamic" href="../water-and-drinks/fizzy-drinks.html">Fizzy drinks</a>
                </li>
                <li>
                    <a class="estDynamic" href="../water-and-drinks/coca-cola.html">Coca-Cola</a>
                </li>
                <li>
                    <a class="estDynamic" href="../water-and-drinks/energy-drink.html">Energy drink</a>
                </li>
                <li>
                    <a class="estDynamic" href="../water-and-drinks/syrups.html">Syrups</a>
                </li>
                <li>
                    <a class="estDynamic" href="../water-and-drinks/supplements.html">Supplements</a>
                </li>
                <li>
                    <a class="estDynamic" href="../water-and-drinks/instant-drinks.html">Instant drinks</a>
                </li>
                <li>
                    <a class="estDynamic" href="../water-and-drinks/juice.html">Juice</a>
                </li>
                <li>
                    <a class="estDynamic" href="../water-and-drinks/tea.html">Tea</a>
                </li>
            </ul>
        </li>
        <li>
            <a class="estDynamic" href="../sweets.html">
                <img src="../../cdn.spesati.com/images/menu/sweets.png"/>
                Sweets            </a>
            <i class="fa fa-angle-right" aria-hidden="true"></i>
            <ul class="sub-menu">
                <li>
                    <a class="estDynamic" href="bars-and-snacks.html">Bars and snacks</a>
                </li>
                <li>
                    <a class="estDynamic" href="biscuits.html">Biscuits</a>
                </li>
                <li>
                    <a class="estDynamic" href="brioches.html">Brioches</a>
                </li>
                <li>
                    <a class="estDynamic" href="candy-and-chewing-gum.html">Candy and chewing gum</a>
                </li>
                <li>
                    <a class="estDynamic" href="cereals.html">Cereals</a>
                </li>
                <li>
                    <a class="estDynamic" href="chocolate.html">Chocolate</a>
                </li>
                <li>
                    <a class="estDynamic" href="spreadable-creams.html">Spreads</a>
                </li>
                <li>
                    <a class="estDynamic" href="dessert-toppings.html">Dessert toppings</a>
                </li>
                <li>
                    <a class="estDynamic" href="jam.html">Jam</a>
                </li>
                <li>
                    <a class="estDynamic" href="honey.html">Honey</a>
                </li>
                <li>
                    <a class="estDynamic" href="panettoni-and-pandoro.html">Panettone and pandoro</a>
                </li>
                <li>
                    <a class="estDynamic" href="pastry.html">Pastry</a>
                </li>
                <li>
                    <a class="estDynamic" href="instant-dessert.html">Prepared</a>
                </li>
                <li>
                    <a class="estDynamic" href="cakes-and-pies.html">Cakes and pies</a>
                </li>
                <li>
                    <a class="estDynamic" href="easter-eggs-and-doves.html">Easter eggs and doves</a>
                </li>
            </ul>
        </li>
        <li>
            <a class="estDynamic" href="../shelf.html">
                <img src="../../cdn.spesati.com/images/menu/shelf.png"/>
                Cupboard            </a>
            <i class="fa fa-angle-right" aria-hidden="true"></i>
            <ul class="sub-menu">
                <li>
                    <a class="estDynamic" href="../shelf/coffee.html">Coffee</a>
                </li>
                <li>
                    <a class="estDynamic" href="../shelf/gift-baskets.html">Gift baskets</a>
                </li>
                <li>
                    <a class="estDynamic" href="../shelf/stock-cubes.html">Nuts and preparations</a>
                </li>
                <li>
                    <a class="estDynamic" href="../shelf/flour-and-baking.html">Flour and baking</a>
                </li>
                <li>
                    <a class="estDynamic" href="../shelf/milk.html">Milk</a>
                </li>
                <li>
                    <a class="estDynamic" href="../shelf/oil-salt-vinegar.html">Oil, vinegar and salt</a>
                </li>
                <li>
                    <a class="estDynamic" href="../shelf/cream-and-bechamel.html">Cream and bechamel</a>
                </li>
                <li>
                    <a class="estDynamic" href="../shelf/crisps-and-pretzels.html">Crisps and pretzels</a>
                </li>
                <li>
                    <a class="estDynamic" href="../shelf/baby-and-infants-products.html">Early childhood products</a>
                </li>
                <li>
                    <a class="estDynamic" href="../shelf/rice.html">Rice</a>
                </li>
                <li>
                    <a class="estDynamic" href="../shelf/tins-and-preserves.html">Tins and Preserves</a>
                </li>
                <li>
                    <a class="estDynamic" href="../shelf/spices.html">Spices</a>
                </li>
                <li>
                    <a class="estDynamic" href="../shelf/sauces.html">Sauces</a>
                </li>
                <li>
                    <a class="estDynamic" href="../shelf/tea-and-infusions.html">Tea and infusions</a>
                </li>
                <li>
                    <a class="estDynamic" href="../shelf/eggs.html">Eggs</a>
                </li>
                <li>
                    <a class="estDynamic" href="../shelf/sugar-and-sweeteners.html">Sugar and sweeteners</a>
                </li>
            </ul>
        </li>
        <li>
            <a class="estDynamic" href="../personal-care.html">
                <img src="../../cdn.spesati.com/images/menu/personal-care.png"/>
                Personal care            </a>
            <i class="fa fa-angle-right" aria-hidden="true"></i>
            <ul class="sub-menu">
                <li>
                    <a class="estDynamic" href="../personal-care/accessories-and-cotton.html">Accessories and cotton</a>
                </li>
                <li>
                    <a class="estDynamic" href="../personal-care/feminine-care-incontinence-and-baby-diapers.html">Feminine incontinence and diapers</a>
                </li>
                <li>
                    <a class="estDynamic" href="../personal-care/shower-gel.html">Shower gel</a>
                </li>
                <li>
                    <a class="estDynamic" href="../personal-care/creams.html">Creams</a>
                </li>
                <li>
                    <a class="estDynamic" href="../personal-care/deodorant.html">Deodorant</a>
                </li>
                <li>
                    <a class="estDynamic" href="../personal-care/hair-removal.html">Hair removal</a>
                </li>
                <li>
                    <a class="estDynamic" href="../personal-care/disinfectants.html">Disinfectants</a>
                </li>
                <li>
                    <a class="estDynamic" href="../personal-care/oral-hygiene.html">Oral hygiene</a>
                </li>
                <li>
                    <a class="estDynamic" href="../personal-care/supplements-and-multivitamins.html">Supplements and multivitamins</a>
                </li>
                <li>
                    <a class="estDynamic" href="../personal-care/first-aid.html">First aid label</a>
                </li>
                <li>
                    <a class="estDynamic" href="../personal-care/beard-products.html">Beard products</a>
                </li>
                <li>
                    <a class="estDynamic" href="../personal-care/hairs-products.html">Hair products</a>
                </li>
                <li>
                    <a class="estDynamic" href="../personal-care/perfume.html">Perfumes</a>
                </li>
                <li>
                    <a class="estDynamic" href="../personal-care/wipes.html">Wipes</a>
                </li>
                <li>
                    <a class="estDynamic" href="../personal-care/soaps-and-body-wash.html">Soaps and body wash</a>
                </li>
                <li>
                    <a class="estDynamic" href="../personal-care/shampoo-and-conditioner.html">Shampoo and conditioner</a>
                </li>
            </ul>
        </li>
        <li>
            <a class="estDynamic" href="../household-and-outdoors.html">
                <img src="../../cdn.spesati.com/images/menu/pellet-and-home.png"/>
                Home and outdoors 
            </a>
            <i class="fa fa-angle-right" aria-hidden="true"></i>
            <ul class="sub-menu">
                <li>
                    <a class="estDynamic" href="../household-and-outdoors/distilled-water.html">Distilled water</a>
                </li>
                <li>
                    <a class="estDynamic" href="../household-and-outdoors/car-products.html">Cars</a>
                </li>
                <li>
                    <a class="estDynamic" href="../household-and-outdoors/bin-bags-and-buckets.html">Bin bags and buckets</a>
                </li>
                <li>
                    <a class="estDynamic" href="../household-and-outdoors/bleach-and-stain-removers.html">Bleach and stain removers</a>
                </li>
                <li>
                    <a class="estDynamic" href="../household-and-outdoors/candles.html">Candles</a>
                </li>
                <li>
                    <a class="estDynamic" href="../household-and-outdoors/kitchen-roll.html">Kitchen roll</a>
                </li>
                <li>
                    <a class="estDynamic" href="../household-and-outdoors/air-fresheners.html">Air fresheners</a>
                </li>
                <li>
                    <a class="estDynamic" href="../household-and-outdoors/laundry-accessories-and-detergent.html">Laundry detergent</a>
                </li>
                <li>
                    <a class="estDynamic" href="../household-and-outdoors/dishwasher-and-washing-up.html">Dishwasher and washing up</a>
                </li>
                <li>
                    <a class="estDynamic" href="../household-and-outdoors/gardening.html">Gardening</a>
                </li>
                <li>
                    <a class="estDynamic" href="../household-and-outdoors/light-bulbs-and-batteries.html">Lightbulbs and batteries</a>
                </li>
                <li>
                    <a class="estDynamic" href="../household-and-outdoors/pellet-and-bbq.html">Pellet and BBQ</a>
                </li>
                <li>
                    <a class="estDynamic" href="../household-and-outdoors/bathroom-products.html">Bathroom products</a>
                </li>
                <li>
                    <a class="estDynamic" href="../household-and-outdoors/home-and-furniture-products.html">Home and furniture products</a>
                </li>
                <li>
                    <a class="estDynamic" href="../household-and-outdoors/kitchen-products.html">Kitchen products</a>
                </li>
                <li>
                    <a class="estDynamic" href="../household-and-outdoors/window-and-floor-cleaners.html">Window and floor cleaner</a>
                </li>
                <li>
                    <a class="estDynamic" href="../household-and-outdoors/repellents.html">Repellents</a>
                </li>
                <li>
                    <a class="estDynamic" href="../household-and-outdoors/disposable-tableware.html">Disposable tableware</a>
                </li>
            </ul>
        </li>
        <li>
            <a class="estDynamic" href="../pet.html">
                <img src="../../cdn.spesati.com/images/menu/animals.png"/>
                Pets            </a>
            <i class="fa fa-angle-right" aria-hidden="true"></i>
            <ul class="sub-menu">
                <li>
                    <a class="estDynamic" href="../pets/pet-food-other-animals.html">Other animals pet food</a>
                </li>
                <li>
                    <a class="estDynamic" href="../pets/pet-food-dogs.html">Pet food dogs</a>
                </li>
                <li>
                    <a class="estDynamic" href="../pets/pet-food-cats.html">Pet food cats</a>
                </li>
                <li>
                    <a class="estDynamic" href="../pets/hygiene-and-cleaning.html">Hygiene and cleaning</a>
                </li>
            </ul>
        </li>
        <li>
            <a class="estDynamic" href="../technology.html">
                <img src="../../cdn.spesati.com/images/menu/technology.png"/>
                Technology            </a>
            <i class="fa fa-angle-right" aria-hidden="true"></i>
            <ul class="sub-menu">
                <li>
                    <a class="estDynamic" href="../technology/accessories.html">Accessories</a>
                </li>
                <li>
                    <a class="estDynamic" href="../technology/computer.html">Computer</a>
                </li>
                <li>
                    <a class="estDynamic" href="../technology/telephones.html">Telephones</a>
                </li>
                <li>
                    <a class="estDynamic" href="../technology/tv.html">TV</a>
                </li>
            </ul>
        </li>
        <li>
            <a class="estDynamic" href="../gluten-free.html">
                <img src="../../cdn.spesati.com/images/menu/gluten-free.png"/>
                Gluten free            </a>
            <i class="fa fa-angle-right" aria-hidden="true"></i>
            <ul class="sub-menu">
                <li>
                    <a class="estDynamic" href="../gluten-free/frozen-foods.html">Frozen foods</a>
                </li>
                <li>
                    <a class="estDynamic" href="../gluten-free/beer.html">Beer</a>
                </li>
                <li>
                    <a class="estDynamic" href="../gluten-free/sweets.html">Sweets</a>
                </li>
                <li>
                    <a class="estDynamic" href="../gluten-free/bread-and-pasta.html">Bread and pasta</a>
                </li>
                <li>
                    <a class="estDynamic" href="../gluten-free/shelf.html">Cupboard</a>
                </li>
            </ul>
        </li>
        <li>
            <a class="estDynamic" href="../lactose-free.html">
                <img src="../../cdn.spesati.com/images/menu/lactose-free.png"/>
                Lactose free            </a>
            <i class="fa fa-angle-right" aria-hidden="true"></i>
            <ul class="sub-menu">
                <li>
                    <a class="estDynamic" href="../lactose-free/frozen-foods.html">Frozen foods</a>
                </li>
                <li>
                    <a class="estDynamic" href="../lactose-free/sweets.html">Sweets</a>
                </li>
                <li>
                    <a class="estDynamic" href="../lactose-free/dairy-product.html">Dairy product</a>
                </li>
                <li>
                    <a class="estDynamic" href="../lactose-free/shelf.html">Cupboard</a>
                </li>
            </ul>
        </li>
        <li>
            <a class="estDynamic" href="../special.html">
                <img src="../../cdn.spesati.com/images/menu/special.png"/>
                Special            </a>
            <i class="fa fa-angle-right" aria-hidden="true"></i>
            <ul class="sub-menu">
                <li>
                    <a class="estDynamic" href="../special/alpro.html">Alpro</a>
                </li>
                <li>
                    <a class="estDynamic" href="../special/organic.html">Biological</a>
                </li>
                <li>
                    <a class="estDynamic" href="../special/meat.html">Meat</a>
                </li>
                <li>
                    <a class="estDynamic" href="../special/wholegrain.html">Wholegrain</a>
                </li>
                <li>
                    <a class="estDynamic" href="../special/bread-and-pasta.html">Bread and pasta</a>
                </li>
                <li>
                    <a class="estDynamic" href="../special/vegan.html">Vegan</a>
                </li>
            </ul>
        </li>
        <li>
            <a class="estDynamic" href="../sardinian-products.html">
                <img src="../../cdn.spesati.com/images/menu/sardinian-products.png"/>
                Sardinian products            </a>
            <i class="fa fa-angle-right" aria-hidden="true"></i>
            <ul class="sub-menu">
                <li>
                    <a class="estDynamic" href="../sardinian-products/drinks.html">Drinks</a>
                </li>
                <li>
                    <a class="estDynamic" href="../sardinian-products/meat.html">Meat</a>
                </li>
                <li>
                    <a class="estDynamic" href="../sardinian-products/sweets.html">Sweets</a>
                </li>
                <li>
                    <a class="estDynamic" href="../sardinian-products/fruit-and-vegetables.html">Fruit and vegetables</a>
                </li>
                <li>
                    <a class="estDynamic" href="../sardinian-products/ichnusa.html">Ichnusa</a>
                </li>
                <li>
                    <a class="estDynamic" href="../sardinian-products/dairy-product.html">Dairy product</a>
                </li>
                <li>
                    <a class="estDynamic" href="../sardinian-products/bread-and-pasta.html">Bread and pasta</a>
                </li>
                <li>
                    <a class="estDynamic" href="../sardinian-products/fish.html">Fish</a>
                </li>
                <li>
                    <a class="estDynamic" href="../sardinian-products/cured-meat.html">Cured meat</a>
                </li>
                <li>
                    <a class="estDynamic" href="../sardinian-products/shelf.html">Cupboard</a>
                </li>
                <li>
                    <a class="estDynamic" href="../sardinian-products/vermentino-wine.html">Vermentino wine</a>
                </li>
                <li>
                    <a class="estDynamic" href="../sardinian-products/wine-beer-and-spirits.html">Wine beer and spirits</a>
                </li>
            </ul>
        </li>
    </ul>
</div>    <div class="colRight">
        <div class="title mobile">
	<a href="../sweets.html"><i class="fa red fa-angle-left fa-3x mobile" aria-hidden="true"></i></a>
	<h2>
		<b>
			pastry		</b>
	</h2>
</div>

<div class="breadcrumb bgGrey internal">
	<p>
		<b>
			<a href="../index.html">Home</a>
												&gt; <a href="../sweets.html">Sweets</a>
																&gt; Pastry									</b>
	</p>
	<div>
		<p>Order by</p>
		<select name="orderProd" id="orderProd">
			<option disabled="disabled" selected="selected">- Choose -</option>
			<option value="nameAsc">Name (A - Z)</option>
			<option value="nameDes">Name (Z - A)</option>
			<option value="priceHigh">Price - High to low</option>
			<option value="priceLow">Price - Low to high</option>
			<option value="soldAsc">Best Selling</option>
			<option value="available">Availability</option>
		</select>
	</div>
</div>
        <div class="containerProduct">
            <script type='text/javascript'>var track = '{"event":"ViewContent", "type":"category", "id":"Dolciumi", "subids":["Pasticceria"], "url":"https://www.spesati.com/sweets/pastry"}';</script>
<script>
gtag('event', 'select_content', {content_type: 'category', item_id: 'Dolciumi'});gtag('event', 'select_content', {content_type: 'category', item_id: 'Pasticceria'});
</script>
<div class="left product prod1"
        data-name="Ambrosio Macedonia Gr 100"
        data-price="2.06"
        data-id="4628"
        data-available="yes"
        data-category="1876"
        data-bestselling="">
    <a href="../ambrosio-macedonia-gr-100.html">
        <div style="background-image: url('../../cdn.spesati.com/images/products/11903201/ambrosio-macedonia-gr-01.jpg')">
            <div class="hover"></div>
            
            <div class="stickers"></div>
        </div>
    </a>
    <div>
        <h4><a href="../ambrosio-macedonia-gr-100.html"><b>Ambrosio Macedonia Gr 100</b></a></h4>
        <p class="description">0.1 Kg</p>
        <p class="right price"><b>2.06 €</b></p>
        <p class="right unitPrice">20.56 € per kg</p>
    </div>
    <div class="contButton">
    <a class="button bgRed white addToCart" href="#">Add</a>
</div>
</div><div class="left product prod2"
        data-name="Ambrosio Codette Colorate 100 Gr"
        data-price="1.85"
        data-id="4627"
        data-available="yes"
        data-category="1876"
        data-bestselling="">
    <a href="../ambrosio-codette-colorate-100-gr.html">
        <div style="background-image: url('../../cdn.spesati.com/images/products/11902001/ambrosio-codette-colorate-01.jpg')">
            <div class="hover"></div>
            
            <div class="stickers"></div>
        </div>
    </a>
    <div>
        <h4><a href="../ambrosio-codette-colorate-100-gr.html"><b>Ambrosio Codette Colorate 100 Gr</b></a></h4>
        <p class="description">0.1 Kg</p>
        <p class="right price"><b>1.85 €</b></p>
        <p class="right unitPrice">18.50 € per kg</p>
    </div>
    <div class="contButton">
    <a class="button bgRed white addToCart" href="#">Add</a>
</div>
</div><div class="left product prod3"
        data-name="Ambrosio Ciliegie Rosse Gr 100"
        data-price="1.69"
        data-id="4626"
        data-available="yes"
        data-category="1876"
        data-bestselling="">
    <a href="../ambrosio-ciliegie-rosse-gr-100.html">
        <div style="background-image: url('../../cdn.spesati.com/images/products/11900401/ambrosio-ciliegie-rosse-01.jpg')">
            <div class="hover"></div>
            
            <div class="stickers"></div>
        </div>
    </a>
    <div>
        <h4><a href="../ambrosio-ciliegie-rosse-gr-100.html"><b>Ambrosio Ciliegie Rosse Gr 100</b></a></h4>
        <p class="description">0.1 Kg</p>
        <p class="right price"><b>1.69 €</b></p>
        <p class="right unitPrice">16.90 € per kg</p>
    </div>
    <div class="contButton">
    <a class="button bgRed white addToCart" href="#">Add</a>
</div>
</div><div class="left product prod4"
        data-name="Dolci Esca Misti Vassoio 300gr"
        data-price="6.35"
        data-id="25735"
        data-available="yes"
        data-category="1876"
        data-bestselling="">
    <a href="../dolci-esca-misti-vassoio-300gr.html">
        <div style="background-image: url('../../cdn.spesati.com/images/products/111614/dolci-esca-misti-01.jpg')">
            <div class="hover"></div>
            
            <div class="stickers"></div>
        </div>
    </a>
    <div>
        <h4><a href="../dolci-esca-misti-vassoio-300gr.html"><b>Dolci Esca Misti Vassoio 300gr</b></a></h4>
        <p class="description">0.3 Kg</p>
        <p class="right price"><b>6.35 €</b></p>
        <p class="right unitPrice">21.16 € per kg</p>
    </div>
    <div class="contButton">
    <a class="button bgRed white addToCart" href="#">Add</a>
</div>
</div><div class="left product prod5"
        data-name="Sfogliatine Midi Glassate 200Gr"
        data-price="1.63"
        data-id="6497"
        data-available="yes"
        data-category="1876"
        data-bestselling="1">
    <a href="../sfogliatine-midi-glassate-200gr.html">
        <div style="background-image: url('../../cdn.spesati.com/images/products/110100/sfogliatine-midi-glassate-01.jpg')">
            <div class="hover"></div>
            <p class="arrow bgRed white">Best Seller</p>
            <div class="stickers"></div>
        </div>
    </a>
    <div>
        <h4><a href="../sfogliatine-midi-glassate-200gr.html"><b>Sfogliatine Midi Glassate 200Gr</b></a></h4>
        <p class="description">0.2 Kg</p>
        <p class="right price"><b>1.63 €</b></p>
        <p class="right unitPrice">8.17 € per kg</p>
    </div>
    <div class="contButton">
    <a class="button bgRed white addToCart" href="#">Add</a>
</div>
</div><div class="left product prod6"
        data-name="Dess. Bambini Bigusto  6x60g"
        data-price="1.29"
        data-id="81946"
        data-available="yes"
        data-category="1876"
        data-bestselling="">
    <a href="../dess-bambini-bigusto-6x60g.html">
        <div style="background-image: url('../../cdn.spesati.com/images/products/000572442/milk-budino-doppio-gusto-cioccolato-vaniglia-6-x-60-g-01.png')">
            <div class="hover"></div>
            
            <div class="stickers"></div>
        </div>
    </a>
    <div>
        <h4><a href="../dess-bambini-bigusto-6x60g.html"><b>Dess. Bambini Bigusto  6x60g</b></a></h4>
        <p class="description">Milk Budino Doppio Gusto Cioccolato Vaniglia 6 x 60 g</p>
        <p class="right price"><b>1.29 €</b></p>
        <p class="right unitPrice">3.59 € per kg</p>
    </div>
    <div class="contButton">
    <a class="button bgRed white addToCart" href="#">Add</a>
</div>
</div><div class="left product prod7"
        data-name="Muu Muu Cameo Cioccolat 4x115g"
        data-price="3.69"
        data-id="87302"
        data-available="yes"
        data-category="1876"
        data-bestselling="">
    <a href="../muu-muu-cameo-cioccolat-4x115g.html">
        <div style="background-image: url('../../cdn.spesati.com/images/products/000447505/cameo-muu-muu-gusto-cioccolato-4-x-115-g-01.png')">
            <div class="hover"></div>
            
            <div class="stickers"></div>
        </div>
    </a>
    <div>
        <h4><a href="../muu-muu-cameo-cioccolat-4x115g.html"><b>Muu Muu Cameo Cioccolat 4x115g</b></a></h4>
        <p class="description">cameo Muu Muu Gusto Cioccolato 4 x 115 g</p>
        <p class="right price"><b>3.69 €</b></p>
        <p class="right unitPrice">8.02 € per kg</p>
    </div>
    <div class="contButton">
    <a class="button bgRed white addToCart" href="#">Add</a>
</div>
</div><div class="left product prod8"
        data-name="Muu Muu Cameo Vaniglia 4x115g"
        data-price="3.69"
        data-id="87299"
        data-available="yes"
        data-category="1876"
        data-bestselling="">
    <a href="../muu-muu-cameo-vaniglia-4x115g.html">
        <div style="background-image: url('../../cdn.spesati.com/images/products/000447504/cameo-muu-muu-gusto-vaniglia-4-x-115-g-01.png')">
            <div class="hover"></div>
            
            <div class="stickers"></div>
        </div>
    </a>
    <div>
        <h4><a href="../muu-muu-cameo-vaniglia-4x115g.html"><b>Muu Muu Cameo Vaniglia 4x115g</b></a></h4>
        <p class="description">cameo Muu Muu Gusto Vaniglia 4 x 115 g</p>
        <p class="right price"><b>3.69 €</b></p>
        <p class="right unitPrice">8.02 € per kg</p>
    </div>
    <div class="contButton">
    <a class="button bgRed white addToCart" href="#">Add</a>
</div>
</div><div class="left product prod9"
        data-name="Porridge Milk Pro Cioccol 200"
        data-price="2.35"
        data-id="81854"
        data-available="yes"
        data-category="1876"
        data-bestselling="">
    <a href="../porridge-milk-pro-cioccol-200.html">
        <div style="background-image: url('../../cdn.spesati.com/images/products/000441224/milk-pro-high-protein-20g-porridge-con-yogurt-avena-e-cioccolato-fondente-200-g-01.png')">
            <div class="hover"></div>
            
            <div class="stickers"></div>
        </div>
    </a>
    <div>
        <h4><a href="../porridge-milk-pro-cioccol-200.html"><b>Porridge Milk Pro Cioccol 200</b></a></h4>
        <p class="description">Milk Pro High Protein 20g Porridge con Yogurt Avena e Cioccolato Fondente 200 g</p>
        <p class="right price"><b>2.35 €</b></p>
        <p class="right unitPrice">11.75 € per kg</p>
    </div>
    <div class="contButton">
    <a class="button bgRed white addToCart" href="#">Add</a>
</div>
</div><div class="left product prod10"
        data-name="Porridge Milk Pro Fr Ross 200"
        data-price="2.35"
        data-id="81851"
        data-available="yes"
        data-category="1876"
        data-bestselling="">
    <a href="../porridge-milk-pro-fr-ross-200.html">
        <div style="background-image: url('../../cdn.spesati.com/images/products/000441223/milk-pro-high-protein-20g-porridge-con-yogurt-avena-e-frutti-rossi-200-g-01.png')">
            <div class="hover"></div>
            
            <div class="stickers"></div>
        </div>
    </a>
    <div>
        <h4><a href="../porridge-milk-pro-fr-ross-200.html"><b>Porridge Milk Pro Fr Ross 200</b></a></h4>
        <p class="description">Milk Pro High Protein 20g Porridge con Yogurt Avena e Frutti Rossi 200 g</p>
        <p class="right price"><b>2.35 €</b></p>
        <p class="right unitPrice">11.75 € per kg</p>
    </div>
    <div class="contButton">
    <a class="button bgRed white addToCart" href="#">Add</a>
</div>
</div><div class="left product prod11"
        data-name="Mousse Milk Pro Cioccol 170gr"
        data-price="2.25"
        data-id="81845"
        data-available="yes"
        data-category="1876"
        data-bestselling="">
    <a href="../mousse-milk-pro-cioccol-170gr.html">
        <div style="background-image: url('../../cdn.spesati.com/images/products/000441221/milk-pro-high-protein-17g-mousse-al-gusto-cioccolato-170-g-01.png')">
            <div class="hover"></div>
            
            <div class="stickers"></div>
        </div>
    </a>
    <div>
        <h4><a href="../mousse-milk-pro-cioccol-170gr.html"><b>Mousse Milk Pro Cioccol 170gr</b></a></h4>
        <p class="description">Milk Pro High Protein 17g Mousse al Gusto Cioccolato 170 g</p>
        <p class="right price"><b>2.25 €</b></p>
        <p class="right unitPrice">13.23 € per kg</p>
    </div>
    <div class="contButton">
    <a class="button bgRed white addToCart" href="#">Add</a>
</div>
</div><div class="left product prod12"
        data-name="Fagottino Tre Marie Ciocc 6pz"
        data-price="3.99"
        data-id="32772"
        data-available="yes"
        data-category="1876"
        data-bestselling="">
    <a href="../fagottino-tre-marie-ciocc-6pz.html">
        <div style="background-image: url('../../cdn.spesati.com/images/products/000433501/tre-marie-fagottino-al-cioccolato-6-x-65-g-01.png')">
            <div class="hover"></div>
            
            <div class="stickers"></div>
        </div>
    </a>
    <div>
        <h4><a href="../fagottino-tre-marie-ciocc-6pz.html"><b>Fagottino Tre Marie Ciocc 6pz</b></a></h4>
        <p class="description">Tre Marie Fagottino al Cioccolato 6 x 65 g</p>
        <p class="right price"><b>3.99 €</b></p>
        <p class="right unitPrice">10.23 € per kg</p>
    </div>
    <div class="contButton">
    <a class="button bgRed white addToCart" href="#">Add</a>
</div>
</div><div class="left product prod13"
        data-name="Cornetto Tre Marie Semplic 6pz"
        data-price="3.49"
        data-id="32771"
        data-available="yes"
        data-category="1876"
        data-bestselling="">
    <a href="../cornetto-tre-marie-semplic-6pz.html">
        <div style="background-image: url('../../cdn.spesati.com/images/products/000433500/tre-marie-cornetto-semplice-6-x-55-g-01.png')">
            <div class="hover"></div>
            
            <div class="stickers"></div>
        </div>
    </a>
    <div>
        <h4><a href="../cornetto-tre-marie-semplic-6pz.html"><b>Cornetto Tre Marie Semplic 6pz</b></a></h4>
        <p class="description">Tre Marie Cornetto Semplice 6 x 55 g</p>
        <p class="right price"><b>3.49 €</b></p>
        <p class="right unitPrice">10.58 € per kg</p>
    </div>
    <div class="contButton">
    <a class="button bgRed white addToCart" href="#">Add</a>
</div>
</div><div class="left product prod14"
        data-name="Cornetto Tre Marie Albicoc 6pz"
        data-price="3.75"
        data-id="59565"
        data-available="yes"
        data-category="1876"
        data-bestselling="">
    <a href="../cornetto-tre-marie-albicoc-6pz.html">
        <div style="background-image: url('../../cdn.spesati.com/images/products/000433017/tre-marie-cornetto-allalbicocca-6-x-62-g-01.png')">
            <div class="hover"></div>
            
            <div class="stickers"></div>
        </div>
    </a>
    <div>
        <h4><a href="../cornetto-tre-marie-albicoc-6pz.html"><b>Cornetto Tre Marie Albicoc 6pz</b></a></h4>
        <p class="description">Tre Marie Cornetto all'Albicocca 6 x 62 g</p>
        <p class="right price"><b>3.75 €</b></p>
        <p class="right unitPrice">11.36 € per kg</p>
    </div>
    <div class="contButton">
    <a class="button bgRed white addToCart" href="#">Add</a>
</div>
</div><div class="left product prod15"
        data-name="Dessert Muller Prote Vani 200g"
        data-price="2.75"
        data-id="74168"
        data-available="yes"
        data-category="1876"
        data-bestselling="">
    <a href="../dessert-muller-prote-vani-200g.html">
        <div style="background-image: url('../../cdn.spesati.com/images/products/000431371/mueller-dessert-proteico-vaniglia-200-g-01.png')">
            <div class="hover"></div>
            
            <div class="stickers"></div>
        </div>
    </a>
    <div>
        <h4><a href="../dessert-muller-prote-vani-200g.html"><b>Dessert Muller Prote Vani 200g</b></a></h4>
        <p class="description">müller Dessert Proteico Vaniglia 200 g</p>
        <p class="right price"><b>2.75 €</b></p>
        <p class="right unitPrice">13.75 € per kg</p>
    </div>
    <div class="contButton">
    <a class="button bgRed white addToCart" href="#">Add</a>
</div>
</div><div class="left product prod16"
        data-name="Dessert Muller Prote Cioc 200g"
        data-price="2.75"
        data-id="74165"
        data-available="yes"
        data-category="1876"
        data-bestselling="">
    <a href="../dessert-muller-prote-cioc-200g.html">
        <div style="background-image: url('../../cdn.spesati.com/images/products/000431370/mueller-dessert-proteico-gusto-cioccolato-200-g-01.png')">
            <div class="hover"></div>
            
            <div class="stickers"></div>
        </div>
    </a>
    <div>
        <h4><a href="../dessert-muller-prote-cioc-200g.html"><b>Dessert Muller Prote Cioc 200g</b></a></h4>
        <p class="description">müller Dessert Proteico Gusto Cioccolato 200 g</p>
        <p class="right price"><b>2.75 €</b></p>
        <p class="right unitPrice">13.75 € per kg</p>
    </div>
    <div class="contButton">
    <a class="button bgRed white addToCart" href="#">Add</a>
</div>
</div><div class="left product prod17"
        data-name="Muffin Nutell Ferrer T2x24"
        data-price="3.29"
        data-id="87120"
        data-available="yes"
        data-category="1876"
        data-bestselling="">
    <a href="../muffin-nutell-ferrer-t2x24.html">
        <div style="background-image: url('../../cdn.spesati.com/images/products/000124011/nutella-muffin-2-x-86-g-01.png')">
            <div class="hover"></div>
            
            <div class="stickers"></div>
        </div>
    </a>
    <div>
        <h4><a href="../muffin-nutell-ferrer-t2x24.html"><b>Muffin Nutell Ferrer T2x24</b></a></h4>
        <p class="description">nutella muffin 2 x 86 g</p>
        <p class="right price"><b>3.29 €</b></p>
        <p class="right unitPrice">19.35 € per kg</p>
    </div>
    <div class="contButton">
    <a class="button bgRed white addToCart" href="#">Add</a>
</div>
</div><div class="left product prod18"
        data-name="Biscotto Cordialita' Pz300"
        data-price="23.89"
        data-id="26285"
        data-available="yes"
        data-category="1876"
        data-bestselling="">
    <a href="../biscotto-cordialita-pz300.html">
        <div style="background-image: url('../../cdn.spesati.com/images/products/000115457/lotus-biscoff-50-x-625-g-01.png')">
            <div class="hover"></div>
            
            <div class="stickers"></div>
        </div>
    </a>
    <div>
        <h4><a href="../biscotto-cordialita-pz300.html"><b>Biscotto Cordialita' Pz300</b></a></h4>
        <p class="description">Lotus Biscoff 50 x 6,25 g</p>
        <p class="right price"><b>23.89 €</b></p>
        <p class="right unitPrice">12.76 € per kg</p>
    </div>
    <div class="contButton">
    <a class="button bgRed white addToCart" href="#">Add</a>
</div>
</div><div class="left product prod19"
        data-name="Papassinos Esca Glassa 400gr"
        data-price="6.99"
        data-id="25667"
        data-available="yes"
        data-category="1876"
        data-bestselling="">
    <a href="../papassinos-esca-glassa-400gr.html">
        <div style="background-image: url('../../cdn.spesati.com/images/products/000111300/esca-papassinos-glassati-allanice-400-g-01.png')">
            <div class="hover"></div>
            
            <div class="stickers"></div>
        </div>
    </a>
    <div>
        <h4><a href="../papassinos-esca-glassa-400gr.html"><b>Papassinos Esca Glassa 400gr</b></a></h4>
        <p class="description">Esca Papassinos Glassati all'Anice 400 g</p>
        <p class="right price"><b>6.99 €</b></p>
        <p class="right unitPrice">17.48 € per kg</p>
    </div>
    <div class="contButton">
    <a class="button bgRed white addToCart" href="#">Add</a>
</div>
</div><div class="left product prod20"
        data-name="Mostaccioli Dolci Sarda 10 Pezzi 280Gr"
        data-price="2.15"
        data-id="6404"
        data-available="yes"
        data-category="1876"
        data-bestselling="">
    <a href="../mostaccioli-dolci-sarda-10-pezzi-280gr.html">
        <div style="background-image: url('../../cdn.spesati.com/images/products/000110880/dolciaria-sarda-il-nuraghe-mostaccioli-di-oristano-280-g-01.png')">
            <div class="hover"></div>
            
            <div class="stickers"><img class="left" src="../../cdn.spesati.com/images/layout/sardinian.png" /></div>
        </div>
    </a>
    <div>
        <h4><a href="../mostaccioli-dolci-sarda-10-pezzi-280gr.html"><b>Mostaccioli Dolci Sarda 10 Pezzi 280Gr</b></a></h4>
        <p class="description">Dolciaria Sarda "il Nuraghe" Mostaccioli di Oristano 280 g</p>
        <p class="right price"><b>2.15 €</b></p>
        <p class="right unitPrice">7.68 € per kg</p>
    </div>
    <div class="contButton">
    <a class="button bgRed white addToCart" href="#">Add</a>
</div>
</div><div class="left product prod21"
        data-name="Chiacchere Gecchele 250 Gr"
        data-price="2.99"
        data-id="5730"
        data-available="yes"
        data-category="1876"
        data-bestselling="">
    <a href="../chiacchere-gecchele-250-gr.html">
        <div style="background-image: url('../../cdn.spesati.com/images/products/000109338/gecchele-chiacchiere-di-balanzone-250-g-01.png')">
            <div class="hover"></div>
            
            <div class="stickers"></div>
        </div>
    </a>
    <div>
        <h4><a href="../chiacchere-gecchele-250-gr.html"><b>Chiacchere Gecchele 250 Gr</b></a></h4>
        <p class="description">Gecchele Chiacchiere di Balanzone 250 g</p>
        <p class="right price"><b>2.99 €</b></p>
        <p class="right unitPrice">11.96 € per kg</p>
    </div>
    <div class="contButton">
    <a class="button bgRed white addToCart" href="#">Add</a>
</div>
</div><div class="left product prod22"
        data-name="Fecola Paneangeli 250Gr"
        data-price="1.25"
        data-id="4765"
        data-available="yes"
        data-category="1876"
        data-bestselling="">
    <a href="../fecola-paneangeli-250gr.html">
        <div style="background-image: url('../../cdn.spesati.com/images/products/000108295/paneangeli-fecola-di-patate-250-g-01.png')">
            <div class="hover"></div>
            
            <div class="stickers"></div>
        </div>
    </a>
    <div>
        <h4><a href="../fecola-paneangeli-250gr.html"><b>Fecola Paneangeli 250Gr</b></a></h4>
        <p class="description">PANEANGELI Fecola di Patate 250 g</p>
        <p class="right price"><b>1.25 €</b></p>
        <p class="right unitPrice">4.99 € per kg</p>
    </div>
    <div class="contButton">
    <a class="button bgRed white addToCart" href="#">Add</a>
</div>
</div><div class="left product prod23"
        data-name="Paneangeli Aroma Arancia 4Ml"
        data-price="0.81"
        data-id="4903"
        data-available="yes"
        data-category="1876"
        data-bestselling="">
    <a href="../paneangeli-aroma-arancia-4ml.html">
        <div style="background-image: url('../../cdn.spesati.com/images/products/000108068/paneangeli-aroma-per-dolci-e-creme-arancia-2-fialette-4-ml-01.png')">
            <div class="hover"></div>
            
            <div class="stickers"></div>
        </div>
    </a>
    <div>
        <h4><a href="../paneangeli-aroma-arancia-4ml.html"><b>Paneangeli Aroma Arancia 4Ml</b></a></h4>
        <p class="description">PANEANGELI aroma per dolci e creme Arancia 2 fialette 4 ml</p>
        <p class="right price"><b>0.81 €</b></p>
        <p class="right unitPrice">202.95 € per litre</p>
    </div>
    <div class="contButton">
    <a class="button bgRed white addToCart" href="#">Add</a>
</div>
</div><div class="left product prod24"
        data-name="Paneangeli Aroma Vaniglia"
        data-price="0.81"
        data-id="4904"
        data-available="yes"
        data-category="1876"
        data-bestselling="">
    <a href="../paneangeli-aroma-vaniglia.html">
        <div style="background-image: url('../../cdn.spesati.com/images/products/000108066/paneangeli-aroma-per-dolci-e-creme-vaniglia-2-fialette-4-ml-01.png')">
            <div class="hover"></div>
            
            <div class="stickers"></div>
        </div>
    </a>
    <div>
        <h4><a href="../paneangeli-aroma-vaniglia.html"><b>Paneangeli Aroma Vaniglia</b></a></h4>
        <p class="description">PANEANGELI aroma per dolci e creme Vaniglia 2 fialette 4 ml</p>
        <p class="right price"><b>0.81 €</b></p>
        <p class="right unitPrice">202.95 € per litre</p>
    </div>
    <div class="contButton">
    <a class="button bgRed white addToCart" href="#">Add</a>
</div>
</div><div class="left product prod25"
        data-name="Paneangeli Amido Mais Gr 250"
        data-price="1.52"
        data-id="4905"
        data-available="yes"
        data-category="1876"
        data-bestselling="">
    <a href="../paneangeli-amido-mais-gr-250.html">
        <div style="background-image: url('../../cdn.spesati.com/images/products/000108010/paneangeli-amido-di-mais-250-g-01.png')">
            <div class="hover"></div>
            
            <div class="stickers"></div>
        </div>
    </a>
    <div>
        <h4><a href="../paneangeli-amido-mais-gr-250.html"><b>Paneangeli Amido Mais Gr 250</b></a></h4>
        <p class="description">PANEANGELI Amido di Mais 250 g</p>
        <p class="right price"><b>1.52 €</b></p>
        <p class="right unitPrice">6.09 € per kg</p>
    </div>
    <div class="contButton">
    <a class="button bgRed white addToCart" href="#">Add</a>
</div>
</div><div class="left product prod26"
        data-name="Budino Sterilg Vaniglia 2x100g"
        data-price="0.81"
        data-id="83249"
        data-available="yes"
        data-category="1876"
        data-bestselling="">
    <a href="../budino-sterilg-vaniglia-2x100g.html">
        <div style="background-image: url('../../cdn.spesati.com/images/products/000029716/sterilgarda-frescocrem-budino-alla-vaniglia-2-x-100-g-01.png')">
            <div class="hover"></div>
            
            <div class="stickers"></div>
        </div>
    </a>
    <div>
        <h4><a href="../budino-sterilg-vaniglia-2x100g.html"><b>Budino Sterilg Vaniglia 2x100g</b></a></h4>
        <p class="description">sterilgarda FrescoCrem Budino alla Vaniglia 2 x 100 g</p>
        <p class="right price"><b>0.81 €</b></p>
        <p class="right unitPrice">4.04 € per kg</p>
    </div>
    <div class="contButton">
    <a class="button bgRed white addToCart" href="#">Add</a>
</div>
</div><div class="left product prod27"
        data-name="Budino Sterilg Cioccola 2x100g"
        data-price="0.81"
        data-id="83246"
        data-available="yes"
        data-category="1876"
        data-bestselling="">
    <a href="../budino-sterilg-cioccola-2x100g.html">
        <div style="background-image: url('../../cdn.spesati.com/images/products/000029715/sterilgarda-frescocrem-budino-al-cioccolato-2-x-100-g-01.png')">
            <div class="hover"></div>
            
            <div class="stickers"></div>
        </div>
    </a>
    <div>
        <h4><a href="../budino-sterilg-cioccola-2x100g.html"><b>Budino Sterilg Cioccola 2x100g</b></a></h4>
        <p class="description">sterilgarda FrescoCrem Budino al Cioccolato 2 x 100 g</p>
        <p class="right price"><b>0.81 €</b></p>
        <p class="right unitPrice">4.04 € per kg</p>
    </div>
    <div class="contButton">
    <a class="button bgRed white addToCart" href="#">Add</a>
</div>
</div><div class="left product prod28"
        data-name="Torroncini Pruned Pistac 150gr"
        data-price="4.89"
        data-id="27598"
        data-available="yes"
        data-category="1876"
        data-bestselling="">
    <a href="../torroncini-pruned-pistac-150gr.html">
        <div style="background-image: url('../../cdn.spesati.com/images/products/missing-image/missing-image.jpg')">
            <div class="hover"></div>
            
            <div class="stickers"></div>
        </div>
    </a>
    <div>
        <h4><a href="../torroncini-pruned-pistac-150gr.html"><b>Torroncini Pruned Pistac 150gr</b></a></h4>
        <p class="description">0.15 Kg</p>
        <p class="right price"><b>4.89 €</b></p>
        <p class="right unitPrice">32.59 € per kg</p>
    </div>
    <div class="contButton">
    <a class="button bgRed white addToCart" href="#">Add</a>
</div>
</div><div class="left product prod29"
        data-name="Cannoli Siciliani Gecchele 150 2"
        data-price="4.05"
        data-id="32841"
        data-available="yes"
        data-category="1876"
        data-bestselling="">
    <a href="../cannoli-siciliani-gecchele-150-2.html">
        <div style="background-image: url('../../cdn.spesati.com/images/products/missing-image/missing-image.jpg')">
            <div class="hover"></div>
            
            <div class="stickers"></div>
        </div>
    </a>
    <div>
        <h4><a href="../cannoli-siciliani-gecchele-150-2.html"><b>Cannoli Siciliani Gecchele 150 2</b></a></h4>
        <p class="description">0.15 Kg</p>
        <p class="right price"><b>4.05 €</b></p>
        <p class="right unitPrice">27.01 € per kg</p>
    </div>
    <div class="contButton">
    <a class="button bgRed white addToCart" href="#">Add</a>
</div>
</div><div class="left product prod30"
        data-name="Torrone Pruneddu Tras Nocc 200"
        data-price="3.99"
        data-id="33857"
        data-available="yes"
        data-category="1876"
        data-bestselling="">
    <a href="../torrone-pruneddu-tras-nocc-200.html">
        <div style="background-image: url('../../cdn.spesati.com/images/products/missing-image/missing-image.jpg')">
            <div class="hover"></div>
            
            <div class="stickers"></div>
        </div>
    </a>
    <div>
        <h4><a href="../torrone-pruneddu-tras-nocc-200.html"><b>Torrone Pruneddu Tras Nocc 200</b></a></h4>
        <p class="description">0.2 Kg</p>
        <p class="right price"><b>3.99 €</b></p>
        <p class="right unitPrice">19.95 € per kg</p>
    </div>
    <div class="contButton">
    <a class="button bgRed white addToCart" href="#">Add</a>
</div>
</div><div class="left product prod31"
        data-name="Pardule Sarde Gelo"
        data-price="59.60"
        data-id="33899"
        data-available="yes"
        data-category="1876"
        data-bestselling="">
    <a href="../pardule-sarde-gelo.html">
        <div style="background-image: url('../../cdn.spesati.com/images/products/missing-image/missing-image.jpg')">
            <div class="hover"></div>
            
            <div class="stickers"></div>
        </div>
    </a>
    <div>
        <h4><a href="../pardule-sarde-gelo.html"><b>Pardule Sarde Gelo</b></a></h4>
        <p class="description">medium weight  4.000 Kg</p>
        <p class="right price"><b>59.60 €</b></p>
        <p class="right unitPrice">14.91 € per kg</p>
    </div>
    <div class="contButton">
    <a class="button bgRed white addToCart" href="#">Add</a>
</div>
</div><div class="left product prod32"
        data-name="Pranteddu Sebadas Nuorese 750g"
        data-price="13.32"
        data-id="33973"
        data-available="yes"
        data-category="1876"
        data-bestselling="">
    <a href="../pranteddu-sebadas-nuorese-750g.html">
        <div style="background-image: url('../../cdn.spesati.com/images/products/missing-image/missing-image.jpg')">
            <div class="hover"></div>
            
            <div class="stickers"></div>
        </div>
    </a>
    <div>
        <h4><a href="../pranteddu-sebadas-nuorese-750g.html"><b>Pranteddu Sebadas Nuorese 750g</b></a></h4>
        <p class="description">0.75 Kg</p>
        <p class="right price"><b>13.32 €</b></p>
        <p class="right unitPrice">17.77 € per kg</p>
    </div>
    <div class="contButton">
    <a class="button bgRed white addToCart" href="#">Add</a>
</div>
</div><div class="left product prod33"
        data-name="Itagel Macarrones De Punzu 1k"
        data-price="62.24"
        data-id="34101"
        data-available="yes"
        data-category="1876"
        data-bestselling="">
    <a href="../itagel-macarrones-de-punzu-1k.html">
        <div style="background-image: url('../../cdn.spesati.com/images/products/missing-image/missing-image.jpg')">
            <div class="hover"></div>
            
            <div class="stickers"></div>
        </div>
    </a>
    <div>
        <h4><a href="../itagel-macarrones-de-punzu-1k.html"><b>Itagel Macarrones De Punzu 1k</b></a></h4>
        <p class="description">1 Kg</p>
        <p class="right price"><b>62.24 €</b></p>
        <p class="right unitPrice">62.24 € per kg</p>
    </div>
    <div class="contButton">
    <a class="button bgRed white addToCart" href="#">Add</a>
</div>
</div><div class="left product prod34"
        data-name="Cupiello Corn Veg Vuoto 12pz"
        data-price="10.34"
        data-id="34155"
        data-available="yes"
        data-category="1876"
        data-bestselling="">
    <a href="../cupiello-corn-veg-vuoto-12pz.html">
        <div style="background-image: url('../../cdn.spesati.com/images/products/missing-image/missing-image.jpg')">
            <div class="hover"></div>
            
            <div class="stickers"></div>
        </div>
    </a>
    <div>
        <h4><a href="../cupiello-corn-veg-vuoto-12pz.html"><b>Cupiello Corn Veg Vuoto 12pz</b></a></h4>
        <p class="description">0.82 Kg</p>
        <p class="right price"><b>10.34 €</b></p>
        <p class="right unitPrice">12.67 € per kg</p>
    </div>
    <div class="contButton">
    <a class="button bgRed white addToCart" href="#">Add</a>
</div>
</div><div class="left product prod35"
        data-name="Cupiel Cornett Vuoto 12x80gr"
        data-price="9.87"
        data-id="34156"
        data-available="yes"
        data-category="1876"
        data-bestselling="">
    <a href="../cupiel-cornett-vuoto-12x80gr.html">
        <div style="background-image: url('../../cdn.spesati.com/images/products/missing-image/missing-image.jpg')">
            <div class="hover"></div>
            
            <div class="stickers"></div>
        </div>
    </a>
    <div>
        <h4><a href="../cupiel-cornett-vuoto-12x80gr.html"><b>Cupiel Cornett Vuoto 12x80gr</b></a></h4>
        <p class="description">0.95 Kg</p>
        <p class="right price"><b>9.87 €</b></p>
        <p class="right unitPrice">10.38 € per kg</p>
    </div>
    <div class="contButton">
    <a class="button bgRed white addToCart" href="#">Add</a>
</div>
</div><div class="left product prod36"
        data-name="Cupiel Cornett Albic 12x80gr"
        data-price="7.75"
        data-id="34157"
        data-available="yes"
        data-category="1876"
        data-bestselling="">
    <a href="../cupiel-cornett-albic-12x80gr.html">
        <div style="background-image: url('../../cdn.spesati.com/images/products/missing-image/missing-image.jpg')">
            <div class="hover"></div>
            
            <div class="stickers"></div>
        </div>
    </a>
    <div>
        <h4><a href="../cupiel-cornett-albic-12x80gr.html"><b>Cupiel Cornett Albic 12x80gr</b></a></h4>
        <p class="description">0.95 Kg</p>
        <p class="right price"><b>7.75 €</b></p>
        <p class="right unitPrice">8.16 € per kg</p>
    </div>
    <div class="contButton">
    <a class="button bgRed white addToCart" href="#">Add</a>
</div>
</div><div class="left product prod37"
        data-name="Cupiel Cornett Crema 12x80gr"
        data-price="7.75"
        data-id="34158"
        data-available="yes"
        data-category="1876"
        data-bestselling="">
    <a href="../cupiel-cornett-crema-12x80gr.html">
        <div style="background-image: url('../../cdn.spesati.com/images/products/missing-image/missing-image.jpg')">
            <div class="hover"></div>
            
            <div class="stickers"></div>
        </div>
    </a>
    <div>
        <h4><a href="../cupiel-cornett-crema-12x80gr.html"><b>Cupiel Cornett Crema 12x80gr</b></a></h4>
        <p class="description">0.95 Kg</p>
        <p class="right price"><b>7.75 €</b></p>
        <p class="right unitPrice">8.16 € per kg</p>
    </div>
    <div class="contButton">
    <a class="button bgRed white addToCart" href="#">Add</a>
</div>
</div><div class="left product prod38"
        data-name="Cupiel Cornet Cer-miel 12x80gr"
        data-price="8.65"
        data-id="34159"
        data-available="yes"
        data-category="1876"
        data-bestselling="">
    <a href="../cupiel-cornet-cer-miel-12x80gr.html">
        <div style="background-image: url('../../cdn.spesati.com/images/products/missing-image/missing-image.jpg')">
            <div class="hover"></div>
            
            <div class="stickers"></div>
        </div>
    </a>
    <div>
        <h4><a href="../cupiel-cornet-cer-miel-12x80gr.html"><b>Cupiel Cornet Cer-miel 12x80gr</b></a></h4>
        <p class="description">0.95 Kg</p>
        <p class="right price"><b>8.65 €</b></p>
        <p class="right unitPrice">9.11 € per kg</p>
    </div>
    <div class="contButton">
    <a class="button bgRed white addToCart" href="#">Add</a>
</div>
</div><div class="left product prod39"
        data-name="Cupiel Corn Bic F-bosc 10x90gr"
        data-price="8.35"
        data-id="34298"
        data-available="yes"
        data-category="1876"
        data-bestselling="">
    <a href="../cupiel-corn-bic-f-bosc-10x90gr.html">
        <div style="background-image: url('../../cdn.spesati.com/images/products/missing-image/missing-image.jpg')">
            <div class="hover"></div>
            
            <div class="stickers"></div>
        </div>
    </a>
    <div>
        <h4><a href="../cupiel-corn-bic-f-bosc-10x90gr.html"><b>Cupiel Corn Bic F-bosc 10x90gr</b></a></h4>
        <p class="description">0.9 Kg</p>
        <p class="right price"><b>8.35 €</b></p>
        <p class="right unitPrice">9.27 € per kg</p>
    </div>
    <div class="contButton">
    <a class="button bgRed white addToCart" href="#">Add</a>
</div>
</div><div class="left product prod40"
        data-name="Tulipani Gecchele 225gr"
        data-price="2.55"
        data-id="61452"
        data-available="yes"
        data-category="1876"
        data-bestselling="">
    <a href="../tulipani-gecchele-225gr.html">
        <div style="background-image: url('../../cdn.spesati.com/images/products/missing-image/missing-image.jpg')">
            <div class="hover"></div>
            
            <div class="stickers"></div>
        </div>
    </a>
    <div>
        <h4><a href="../tulipani-gecchele-225gr.html"><b>Tulipani Gecchele 225gr</b></a></h4>
        <p class="description">0.23 Kg</p>
        <p class="right price"><b>2.55 €</b></p>
        <p class="right unitPrice">11.09 € per kg</p>
    </div>
    <div class="contButton">
    <a class="button bgRed white addToCart" href="#">Add</a>
</div>
</div><div class="left product prod41"
        data-name="Ventagli Gecchele 225gr"
        data-price="2.55"
        data-id="61455"
        data-available="yes"
        data-category="1876"
        data-bestselling="">
    <a href="../ventagli-gecchele-225gr.html">
        <div style="background-image: url('../../cdn.spesati.com/images/products/missing-image/missing-image.jpg')">
            <div class="hover"></div>
            
            <div class="stickers"></div>
        </div>
    </a>
    <div>
        <h4><a href="../ventagli-gecchele-225gr.html"><b>Ventagli Gecchele 225gr</b></a></h4>
        <p class="description">0.23 Kg</p>
        <p class="right price"><b>2.55 €</b></p>
        <p class="right unitPrice">11.09 € per kg</p>
    </div>
    <div class="contButton">
    <a class="button bgRed white addToCart" href="#">Add</a>
</div>
</div><div class="left product prod42"
        data-name="Torcetti Al Burro Rdg 180gr"
        data-price="2.29"
        data-id="79081"
        data-available="yes"
        data-category="1876"
        data-bestselling="">
    <a href="../torcetti-al-burro-rdg-180gr.html">
        <div style="background-image: url('../../cdn.spesati.com/images/products/missing-image/missing-image.jpg')">
            <div class="hover"></div>
            
            <div class="stickers"></div>
        </div>
    </a>
    <div>
        <h4><a href="../torcetti-al-burro-rdg-180gr.html"><b>Torcetti Al Burro Rdg 180gr</b></a></h4>
        <p class="description">0.18 Kg</p>
        <p class="right price"><b>2.29 €</b></p>
        <p class="right unitPrice">12.73 € per kg</p>
    </div>
    <div class="contButton">
    <a class="button bgRed white addToCart" href="#">Add</a>
</div>
</div><div class="left product prod43"
        data-name="Bisc Rdg Brutti Ma Buoni 150gr"
        data-price="3.19"
        data-id="82554"
        data-available="yes"
        data-category="1876"
        data-bestselling="">
    <a href="../bisc-rdg-brutti-ma-buoni-150gr.html">
        <div style="background-image: url('../../cdn.spesati.com/images/products/missing-image/missing-image.jpg')">
            <div class="hover"></div>
            
            <div class="stickers"></div>
        </div>
    </a>
    <div>
        <h4><a href="../bisc-rdg-brutti-ma-buoni-150gr.html"><b>Bisc Rdg Brutti Ma Buoni 150gr</b></a></h4>
        <p class="description">0.15 Kg</p>
        <p class="right price"><b>3.19 €</b></p>
        <p class="right unitPrice">21.26 € per kg</p>
    </div>
    <div class="contButton">
    <a class="button bgRed white addToCart" href="#">Add</a>
</div>
</div><div class="left product prod44"
        data-name="Paste Di Meliga Rdg 200gr"
        data-price="2.99"
        data-id="83390"
        data-available="yes"
        data-category="1876"
        data-bestselling="">
    <a href="../paste-di-meliga-rdg-200gr.html">
        <div style="background-image: url('../../cdn.spesati.com/images/products/missing-image/missing-image.jpg')">
            <div class="hover"></div>
            
            <div class="stickers"></div>
        </div>
    </a>
    <div>
        <h4><a href="../paste-di-meliga-rdg-200gr.html"><b>Paste Di Meliga Rdg 200gr</b></a></h4>
        <p class="description">0.2 Kg</p>
        <p class="right price"><b>2.99 €</b></p>
        <p class="right unitPrice">14.95 € per kg</p>
    </div>
    <div class="contButton">
    <a class="button bgRed white addToCart" href="#">Add</a>
</div>
</div><div class="left product prod45"
        data-name="Bigne' Gecchele 500gr Diam 37"
        data-price="14.58"
        data-id="25436"
        data-available="yes"
        data-category="1876"
        data-bestselling="">
    <a href="../bigne-gecchele-500gr-diam-37.html">
        <div style="background-image: url('../../cdn.spesati.com/images/products/missing-image/missing-image.jpg')">
            <div class="hover"></div>
            
            <div class="stickers"></div>
        </div>
    </a>
    <div>
        <h4><a href="../bigne-gecchele-500gr-diam-37.html"><b>Bigne' Gecchele 500gr Diam 37</b></a></h4>
        <p class="description">0.5 Kg</p>
        <p class="right price"><b>14.58 €</b></p>
        <p class="right unitPrice">29.15 € per kg</p>
    </div>
    <div class="contButton">
    <a class="button bgRed white addToCart" href="#">Add</a>
</div>
</div><div class="left product prod46"
        data-name="Cannoli Gecchele Corti 900gr"
        data-price="25.00"
        data-id="25437"
        data-available="yes"
        data-category="1876"
        data-bestselling="">
    <a href="../cannoli-gecchele-corti-900gr.html">
        <div style="background-image: url('../../cdn.spesati.com/images/products/missing-image/missing-image.jpg')">
            <div class="hover"></div>
            
            <div class="stickers"></div>
        </div>
    </a>
    <div>
        <h4><a href="../cannoli-gecchele-corti-900gr.html"><b>Cannoli Gecchele Corti 900gr</b></a></h4>
        <p class="description">0.9 Kg</p>
        <p class="right price"><b>25.00 €</b></p>
        <p class="right unitPrice">27.78 € per kg</p>
    </div>
    <div class="contButton">
    <a class="button bgRed white addToCart" href="#">Add</a>
</div>
</div><div class="left product prod47"
        data-name="Lingue Di Gatto Rdg 200gr"
        data-price="3.19"
        data-id="83396"
        data-available="yes"
        data-category="1876"
        data-bestselling="">
    <a href="../lingue-di-gatto-rdg-200gr.html">
        <div style="background-image: url('../../cdn.spesati.com/images/products/missing-image/missing-image.jpg')">
            <div class="hover"></div>
            
            <div class="stickers"></div>
        </div>
    </a>
    <div>
        <h4><a href="../lingue-di-gatto-rdg-200gr.html"><b>Lingue Di Gatto Rdg 200gr</b></a></h4>
        <p class="description">0.2 Kg</p>
        <p class="right price"><b>3.19 €</b></p>
        <p class="right unitPrice">15.95 € per kg</p>
    </div>
    <div class="contButton">
    <a class="button bgRed white addToCart" href="#">Add</a>
</div>
</div><div class="left product prod48"
        data-name="Conchiglie Grandi Gecchele"
        data-price="37.23"
        data-id="25438"
        data-available="yes"
        data-category="1876"
        data-bestselling="">
    <a href="../conchiglie-grandi-gecchele.html">
        <div style="background-image: url('../../cdn.spesati.com/images/products/missing-image/missing-image.jpg')">
            <div class="hover"></div>
            
            <div class="stickers"></div>
        </div>
    </a>
    <div>
        <h4><a href="../conchiglie-grandi-gecchele.html"><b>Conchiglie Grandi Gecchele</b></a></h4>
        <p class="description">1.7 Kg</p>
        <p class="right price"><b>37.23 €</b></p>
        <p class="right unitPrice">21.90 € per kg</p>
    </div>
    <div class="contButton">
    <a class="button bgRed white addToCart" href="#">Add</a>
</div>
</div><div class="left product prod49"
        data-name="Coni Gelato Gecchele T5 440pz"
        data-price="41.21"
        data-id="25439"
        data-available="yes"
        data-category="1876"
        data-bestselling="">
    <a href="../coni-gelato-gecchele-t5-440pz.html">
        <div style="background-image: url('../../cdn.spesati.com/images/products/missing-image/missing-image.jpg')">
            <div class="hover"></div>
            
            <div class="stickers"></div>
        </div>
    </a>
    <div>
        <h4><a href="../coni-gelato-gecchele-t5-440pz.html"><b>Coni Gelato Gecchele T5 440pz</b></a></h4>
        <p class="description">1.7 Kg</p>
        <p class="right price"><b>41.21 €</b></p>
        <p class="right unitPrice">24.24 € per kg</p>
    </div>
    <div class="contButton">
    <a class="button bgRed white addToCart" href="#">Add</a>
</div>
</div><div class="left product prod50"
        data-name="Capricci Di Arlec Gecchele 150"
        data-price="2.99"
        data-id="25444"
        data-available="yes"
        data-category="1876"
        data-bestselling="">
    <a href="../capricci-di-arlec-gecchele-150.html">
        <div style="background-image: url('../../cdn.spesati.com/images/products/missing-image/missing-image.jpg')">
            <div class="hover"></div>
            
            <div class="stickers"></div>
        </div>
    </a>
    <div>
        <h4><a href="../capricci-di-arlec-gecchele-150.html"><b>Capricci Di Arlec Gecchele 150</b></a></h4>
        <p class="description">0.15 Kg</p>
        <p class="right price"><b>2.99 €</b></p>
        <p class="right unitPrice">19.93 € per kg</p>
    </div>
    <div class="contButton">
    <a class="button bgRed white addToCart" href="#">Add</a>
</div>
</div><div class="left product prod51"
        data-name="Coni Gecchele Coppa 290pz"
        data-price="37.62"
        data-id="25492"
        data-available="yes"
        data-category="1876"
        data-bestselling="">
    <a href="../coni-gecchele-coppa-290pz.html">
        <div style="background-image: url('../../cdn.spesati.com/images/products/missing-image/missing-image.jpg')">
            <div class="hover"></div>
            
            <div class="stickers"></div>
        </div>
    </a>
    <div>
        <h4><a href="../coni-gecchele-coppa-290pz.html"><b>Coni Gecchele Coppa 290pz</b></a></h4>
        <p class="description">1.5 Kg</p>
        <p class="right price"><b>37.62 €</b></p>
        <p class="right unitPrice">25.08 € per kg</p>
    </div>
    <div class="contButton">
    <a class="button bgRed white addToCart" href="#">Add</a>
</div>
</div><div class="left product prod52"
        data-name="Amaretti Rau Morbidi Sacch 300"
        data-price="8.05"
        data-id="87173"
        data-available="yes"
        data-category="1876"
        data-bestselling="">
    <a href="../amaretti-rau-morbidi-sacch-300.html">
        <div style="background-image: url('../../cdn.spesati.com/images/products/missing-image/missing-image.jpg')">
            <div class="hover"></div>
            
            <div class="stickers"></div>
        </div>
    </a>
    <div>
        <h4><a href="../amaretti-rau-morbidi-sacch-300.html"><b>Amaretti Rau Morbidi Sacch 300</b></a></h4>
        <p class="description">0.3 Kg</p>
        <p class="right price"><b>8.05 €</b></p>
        <p class="right unitPrice">26.83 € per kg</p>
    </div>
    <div class="contButton">
    <a class="button bgRed white addToCart" href="#">Add</a>
</div>
</div><div class="left product prod53"
        data-name="Coni Gecchele Donatello 228pz"
        data-price="62.70"
        data-id="25493"
        data-available="yes"
        data-category="1876"
        data-bestselling="">
    <a href="../coni-gecchele-donatello-228pz.html">
        <div style="background-image: url('../../cdn.spesati.com/images/products/missing-image/missing-image.jpg')">
            <div class="hover"></div>
            
            <div class="stickers"></div>
        </div>
    </a>
    <div>
        <h4><a href="../coni-gecchele-donatello-228pz.html"><b>Coni Gecchele Donatello 228pz</b></a></h4>
        <p class="description">4 Kg</p>
        <p class="right price"><b>62.70 €</b></p>
        <p class="right unitPrice">15.68 € per kg</p>
    </div>
    <div class="contButton">
    <a class="button bgRed white addToCart" href="#">Add</a>
</div>
</div><div class="left product prod54"
        data-name="Papassine Rau Berchid Vasc 300"
        data-price="6.79"
        data-id="87179"
        data-available="yes"
        data-category="1876"
        data-bestselling="">
    <a href="../papassine-rau-berchid-vasc-300.html">
        <div style="background-image: url('../../cdn.spesati.com/images/products/missing-image/missing-image.jpg')">
            <div class="hover"></div>
            
            <div class="stickers"></div>
        </div>
    </a>
    <div>
        <h4><a href="../papassine-rau-berchid-vasc-300.html"><b>Papassine Rau Berchid Vasc 300</b></a></h4>
        <p class="description">0.3 Kg</p>
        <p class="right price"><b>6.79 €</b></p>
        <p class="right unitPrice">22.64 € per kg</p>
    </div>
    <div class="contButton">
    <a class="button bgRed white addToCart" href="#">Add</a>
</div>
</div><div class="left product prod55"
        data-name="Sospiri Rau Tradiz Sacch 300gr"
        data-price="8.75"
        data-id="87185"
        data-available="yes"
        data-category="1876"
        data-bestselling="">
    <a href="../sospiri-rau-tradiz-sacch-300gr.html">
        <div style="background-image: url('../../cdn.spesati.com/images/products/missing-image/missing-image.jpg')">
            <div class="hover"></div>
            
            <div class="stickers"></div>
        </div>
    </a>
    <div>
        <h4><a href="../sospiri-rau-tradiz-sacch-300gr.html"><b>Sospiri Rau Tradiz Sacch 300gr</b></a></h4>
        <p class="description">0.3 Kg</p>
        <p class="right price"><b>8.75 €</b></p>
        <p class="right unitPrice">29.17 € per kg</p>
    </div>
    <div class="contButton">
    <a class="button bgRed white addToCart" href="#">Add</a>
</div>
</div><div class="left product prod56"
        data-name="Sospiri Rau Mirto Sacch 300gr"
        data-price="8.75"
        data-id="87191"
        data-available="yes"
        data-category="1876"
        data-bestselling="">
    <a href="../sospiri-rau-mirto-sacch-300gr.html">
        <div style="background-image: url('../../cdn.spesati.com/images/products/missing-image/missing-image.jpg')">
            <div class="hover"></div>
            
            <div class="stickers"></div>
        </div>
    </a>
    <div>
        <h4><a href="../sospiri-rau-mirto-sacch-300gr.html"><b>Sospiri Rau Mirto Sacch 300gr</b></a></h4>
        <p class="description">0.3 Kg</p>
        <p class="right price"><b>8.75 €</b></p>
        <p class="right unitPrice">29.17 € per kg</p>
    </div>
    <div class="contButton">
    <a class="button bgRed white addToCart" href="#">Add</a>
</div>
</div><div class="left product prod57"
        data-name="Coni Gelato Gecche T2000 200pz"
        data-price="62.31"
        data-id="25803"
        data-available="yes"
        data-category="1876"
        data-bestselling="">
    <a href="../coni-gelato-gecche-t2000-200pz.html">
        <div style="background-image: url('../../cdn.spesati.com/images/products/missing-image/missing-image.jpg')">
            <div class="hover"></div>
            
            <div class="stickers"></div>
        </div>
    </a>
    <div>
        <h4><a href="../coni-gelato-gecche-t2000-200pz.html"><b>Coni Gelato Gecche T2000 200pz</b></a></h4>
        <p class="description">5 Kg</p>
        <p class="right price"><b>62.31 €</b></p>
        <p class="right unitPrice">12.46 € per kg</p>
    </div>
    <div class="contButton">
    <a class="button bgRed white addToCart" href="#">Add</a>
</div>
</div><div class="left product prod58"
        data-name="Vol Au Vent Gecchele 150gr"
        data-price="3.05"
        data-id="25932"
        data-available="yes"
        data-category="1876"
        data-bestselling="">
    <a href="../vol-au-vent-gecchele-150gr.html">
        <div style="background-image: url('../../cdn.spesati.com/images/products/missing-image/missing-image.jpg')">
            <div class="hover"></div>
            
            <div class="stickers"></div>
        </div>
    </a>
    <div>
        <h4><a href="../vol-au-vent-gecchele-150gr.html"><b>Vol Au Vent Gecchele 150gr</b></a></h4>
        <p class="description">0.15 Kg</p>
        <p class="right price"><b>3.05 €</b></p>
        <p class="right unitPrice">20.34 € per kg</p>
    </div>
    <div class="contButton">
    <a class="button bgRed white addToCart" href="#">Add</a>
</div>
</div><div class="left product prod59"
        data-name="Crema Pasticcera Greci Kg 1.20"
        data-price="20.64"
        data-id="26237"
        data-available="yes"
        data-category="1876"
        data-bestselling="">
    <a href="../crema-pasticcera-greci-kg-120.html">
        <div style="background-image: url('../../cdn.spesati.com/images/products/missing-image/missing-image.jpg')">
            <div class="hover"></div>
            
            <div class="stickers"></div>
        </div>
    </a>
    <div>
        <h4><a href="../crema-pasticcera-greci-kg-120.html"><b>Crema Pasticcera Greci Kg 1.20</b></a></h4>
        <p class="description">1.2 Kg</p>
        <p class="right price"><b>20.64 €</b></p>
        <p class="right unitPrice">17.20 € per kg</p>
    </div>
    <div class="contButton">
    <a class="button bgRed white addToCart" href="#">Add</a>
</div>
</div><div class="left product prod60"
        data-name="Crema Catalana Greci Kg.1"
        data-price="25.41"
        data-id="26239"
        data-available="yes"
        data-category="1876"
        data-bestselling="">
    <a href="../crema-catalana-greci-kg1.html">
        <div style="background-image: url('../../cdn.spesati.com/images/products/missing-image/missing-image.jpg')">
            <div class="hover"></div>
            
            <div class="stickers"></div>
        </div>
    </a>
    <div>
        <h4><a href="../crema-catalana-greci-kg1.html"><b>Crema Catalana Greci Kg.1</b></a></h4>
        <p class="description">0.9 Kg</p>
        <p class="right price"><b>25.41 €</b></p>
        <p class="right unitPrice">28.24 € per kg</p>
    </div>
    <div class="contButton">
    <a class="button bgRed white addToCart" href="#">Add</a>
</div>
</div><div class="left product prod61"
        data-name="Creme Caramel Greci Kg.1"
        data-price="23.84"
        data-id="26240"
        data-available="yes"
        data-category="1876"
        data-bestselling="">
    <a href="../creme-caramel-greci-kg1.html">
        <div style="background-image: url('../../cdn.spesati.com/images/products/missing-image/missing-image.jpg')">
            <div class="hover"></div>
            
            <div class="stickers"></div>
        </div>
    </a>
    <div>
        <h4><a href="../creme-caramel-greci-kg1.html"><b>Creme Caramel Greci Kg.1</b></a></h4>
        <p class="description">1 Kg</p>
        <p class="right price"><b>23.84 €</b></p>
        <p class="right unitPrice">23.85 € per kg</p>
    </div>
    <div class="contButton">
    <a class="button bgRed white addToCart" href="#">Add</a>
</div>
</div><div class="left product prod62"
        data-name="Chiacchere Gecchele S/gl 125gr"
        data-price="3.49"
        data-id="89242"
        data-available="yes"
        data-category="1876"
        data-bestselling="">
    <a href="../chiacchere-gecchele-sgl-125gr.html">
        <div style="background-image: url('../../cdn.spesati.com/images/products/missing-image/missing-image.jpg')">
            <div class="hover"></div>
            
            <div class="stickers"></div>
        </div>
    </a>
    <div>
        <h4><a href="../chiacchere-gecchele-sgl-125gr.html"><b>Chiacchere Gecchele S/gl 125gr</b></a></h4>
        <p class="description">0.13 Kg</p>
        <p class="right price"><b>3.49 €</b></p>
        <p class="right unitPrice">26.85 € per kg</p>
    </div>
    <div class="contButton">
    <a class="button bgRed white addToCart" href="#">Add</a>
</div>
</div><div class="left product prod63"
        data-name="Chiacche Gecchele Cioc S/g 150"
        data-price="3.49"
        data-id="89245"
        data-available="yes"
        data-category="1876"
        data-bestselling="">
    <a href="../chiacche-gecchele-cioc-sg-150.html">
        <div style="background-image: url('../../cdn.spesati.com/images/products/missing-image/missing-image.jpg')">
            <div class="hover"></div>
            
            <div class="stickers"></div>
        </div>
    </a>
    <div>
        <h4><a href="../chiacche-gecchele-cioc-sg-150.html"><b>Chiacche Gecchele Cioc S/g 150</b></a></h4>
        <p class="description">0.15 Kg</p>
        <p class="right price"><b>3.49 €</b></p>
        <p class="right unitPrice">23.27 € per kg</p>
    </div>
    <div class="contButton">
    <a class="button bgRed white addToCart" href="#">Add</a>
</div>
</div><div class="left product prod64"
        data-name="Chiacchiere Gecchele Ciocc 1kg"
        data-price="13.97"
        data-id="26584"
        data-available="yes"
        data-category="1876"
        data-bestselling="">
    <a href="../chiacchiere-gecchele-ciocc-1kg.html">
        <div style="background-image: url('../../cdn.spesati.com/images/products/missing-image/missing-image.jpg')">
            <div class="hover"></div>
            
            <div class="stickers"></div>
        </div>
    </a>
    <div>
        <h4><a href="../chiacchiere-gecchele-ciocc-1kg.html"><b>Chiacchiere Gecchele Ciocc 1kg</b></a></h4>
        <p class="description">1 Kg</p>
        <p class="right price"><b>13.97 €</b></p>
        <p class="right unitPrice">13.97 € per kg</p>
    </div>
    <div class="contButton">
    <a class="button bgRed white addToCart" href="#">Add</a>
</div>
</div><div class="left product prod65"
        data-name="Bigne Gecchele Vuoti Busta 100"
        data-price="2.09"
        data-id="26737"
        data-available="yes"
        data-category="1876"
        data-bestselling="">
    <a href="../bigne-gecchele-vuoti-busta-100.html">
        <div style="background-image: url('../../cdn.spesati.com/images/products/missing-image/missing-image.jpg')">
            <div class="hover"></div>
            
            <div class="stickers"></div>
        </div>
    </a>
    <div>
        <h4><a href="../bigne-gecchele-vuoti-busta-100.html"><b>Bigne Gecchele Vuoti Busta 100</b></a></h4>
        <p class="description">0.1 Kg</p>
        <p class="right price"><b>2.09 €</b></p>
        <p class="right unitPrice">20.90 € per kg</p>
    </div>
    <div class="contButton">
    <a class="button bgRed white addToCart" href="#">Add</a>
</div>
</div><div class="left product prod66"
        data-name="Tartella Gecchele Frolla 44mm"
        data-price="29.00"
        data-id="26818"
        data-available="yes"
        data-category="1876"
        data-bestselling="">
    <a href="../tartella-gecchele-frolla-44mm.html">
        <div style="background-image: url('../../cdn.spesati.com/images/products/missing-image/missing-image.jpg')">
            <div class="hover"></div>
            
            <div class="stickers"></div>
        </div>
    </a>
    <div>
        <h4><a href="../tartella-gecchele-frolla-44mm.html"><b>Tartella Gecchele Frolla 44mm</b></a></h4>
        <p class="description">0.77 Kg</p>
        <p class="right price"><b>29.00 €</b></p>
        <p class="right unitPrice">37.66 € per kg</p>
    </div>
    <div class="contButton">
    <a class="button bgRed white addToCart" href="#">Add</a>
</div>
</div><div class="left product prod67"
        data-name="Pranteddu Culurgiones 500Gr"
        data-price="6.19"
        data-id="7018"
        data-available="no"
        data-category="1876"
        data-bestselling="">
    <a href="../pranteddu-culurgiones-500gr.html">
        <div style="background-image: url('../../cdn.spesati.com/images/products/504755/pranteddu-culurgiones-500gr-01.jpg')">
            <div class="hover"></div>
            
            <div class="stickers"><img class="left" src="../../cdn.spesati.com/images/layout/sardinian.png" /></div>
        </div>
    </a>
    <div>
        <h4><a href="../pranteddu-culurgiones-500gr.html"><b>Pranteddu Culurgiones 500Gr</b></a></h4>
        <p class="description">0.5 Kg</p>
        <p class="right price"><b>6.19 €</b></p>
        <p class="right unitPrice">12.38 € per kg</p>
    </div>
    <div class="notAvailable">
    <a class="button bgDarkGrey white" href="../pranteddu-culurgiones-500gr.html">Not available</a>
</div>
</div><div class="left product prod68"
        data-name="Pranteddu Sebadas Nuorese 300Gr"
        data-price="4.59"
        data-id="7017"
        data-available="no"
        data-category="1876"
        data-bestselling="">
    <a href="../pranteddu-sebadas-nuorese-300gr.html">
        <div style="background-image: url('../../cdn.spesati.com/images/products/504754/pranteddu-sebadas-nuorese-01.jpg')">
            <div class="hover"></div>
            
            <div class="stickers"><img class="left" src="../../cdn.spesati.com/images/layout/sardinian.png" /></div>
        </div>
    </a>
    <div>
        <h4><a href="../pranteddu-sebadas-nuorese-300gr.html"><b>Pranteddu Sebadas Nuorese 300Gr</b></a></h4>
        <p class="description">0.3 Kg</p>
        <p class="right price"><b>4.59 €</b></p>
        <p class="right unitPrice">15.30 € per kg</p>
    </div>
    <div class="notAvailable">
    <a class="button bgDarkGrey white" href="../pranteddu-sebadas-nuorese-300gr.html">Not available</a>
</div>
</div><div class="left product prod69"
        data-name="Burlette Di Gianduia 200 Gr"
        data-price="2.99"
        data-id="5728"
        data-available="no"
        data-category="1876"
        data-bestselling="">
    <a href="../burlette-di-gianduia-200-gr.html">
        <div style="background-image: url('../../cdn.spesati.com/images/products/109339/burlette-di-gianduia-01.jpg')">
            <div class="hover"></div>
            
            <div class="stickers"></div>
        </div>
    </a>
    <div>
        <h4><a href="../burlette-di-gianduia-200-gr.html"><b>Burlette Di Gianduia 200 Gr</b></a></h4>
        <p class="description">0.2 Kg</p>
        <p class="right price"><b>2.99 €</b></p>
        <p class="right unitPrice">14.95 € per kg</p>
    </div>
    <div class="notAvailable">
    <a class="button bgDarkGrey white" href="../burlette-di-gianduia-200-gr.html">Not available</a>
</div>
</div><div class="left product prod70"
        data-name="Budino Sterilg Caramell 2x100g"
        data-price="0.81"
        data-id="84269"
        data-available="no"
        data-category="1876"
        data-bestselling="">
    <a href="../budino-sterilg-caramell-2x100g.html">
        <div style="background-image: url('../../cdn.spesati.com/images/products/000581213/sterilgarda-frescocrem-budino-al-caramel-2-x-100-g-01.png')">
            <div class="hover"></div>
            
            <div class="stickers"></div>
        </div>
    </a>
    <div>
        <h4><a href="../budino-sterilg-caramell-2x100g.html"><b>Budino Sterilg Caramell 2x100g</b></a></h4>
        <p class="description">sterilgarda FrescoCrem Budino al Caramel 2 x 100 g</p>
        <p class="right price"><b>0.81 €</b></p>
        <p class="right unitPrice">4.04 € per kg</p>
    </div>
    <div class="notAvailable">
    <a class="button bgDarkGrey white" href="../budino-sterilg-caramell-2x100g.html">Not available</a>
</div>
</div><div class="left product prod71"
        data-name="Carbone Dolce Walcor 150gr Sac"
        data-price="1.35"
        data-id="63063"
        data-available="no"
        data-category="1876"
        data-bestselling="">
    <a href="../carbone-dolce-walcor-150gr-sac.html">
        <div style="background-image: url('../../cdn.spesati.com/images/products/000501509/walcor-carbone-dolce-150-g-01.png')">
            <div class="hover"></div>
            
            <div class="stickers"></div>
        </div>
    </a>
    <div>
        <h4><a href="../carbone-dolce-walcor-150gr-sac.html"><b>Carbone Dolce Walcor 150gr Sac</b></a></h4>
        <p class="description">Walcor Carbone Dolce 150 g</p>
        <p class="right price"><b>1.35 €</b></p>
        <p class="right unitPrice">9.01 € per kg</p>
    </div>
    <div class="notAvailable">
    <a class="button bgDarkGrey white" href="../carbone-dolce-walcor-150gr-sac.html">Not available</a>
</div>
</div><div class="left product prod72"
        data-name="Calza Walcor Winter 330gr"
        data-price="7.90"
        data-id="88317"
        data-available="no"
        data-category="1876"
        data-bestselling="">
    <a href="../calza-walcor-winter-330gr.html">
        <div style="background-image: url('../../cdn.spesati.com/images/products/000444519/walcor-calza-winter-330-g-01.png')">
            <div class="hover"></div>
            
            <div class="stickers"></div>
        </div>
    </a>
    <div>
        <h4><a href="../calza-walcor-winter-330gr.html"><b>Calza Walcor Winter 330gr</b></a></h4>
        <p class="description">Walcor Calza Winter 330 g</p>
        <p class="right price"><b>7.90 €</b></p>
        <p class="right unitPrice">23.94 € per kg</p>
    </div>
    <div class="notAvailable">
    <a class="button bgDarkGrey white" href="../calza-walcor-winter-330gr.html">Not available</a>
</div>
</div><div class="left product prod73"
        data-name="Calza Bef Walcor Peanuts 170g"
        data-price="5.99"
        data-id="88314"
        data-available="no"
        data-category="1876"
        data-bestselling="">
    <a href="../calza-bef-walcor-peanuts-170g.html">
        <div style="background-image: url('../../cdn.spesati.com/images/products/000444517/walcor-calza-peanuts-01.png')">
            <div class="hover"></div>
            
            <div class="stickers"></div>
        </div>
    </a>
    <div>
        <h4><a href="../calza-bef-walcor-peanuts-170g.html"><b>Calza Bef Walcor Peanuts 170g</b></a></h4>
        <p class="description">Walcor Calza Peanuts</p>
        <p class="right price"><b>5.99 €</b></p>
        <p class="right unitPrice">35.23 € per kg</p>
    </div>
    <div class="notAvailable">
    <a class="button bgDarkGrey white" href="../calza-bef-walcor-peanuts-170g.html">Not available</a>
</div>
</div><div class="left product prod74"
        data-name="Calza Bef Walcor Dino Park 170"
        data-price="5.99"
        data-id="88311"
        data-available="no"
        data-category="1876"
        data-bestselling="">
    <a href="../calza-bef-walcor-dino-park-170.html">
        <div style="background-image: url('../../cdn.spesati.com/images/products/000444516/walcor-calza-dinosaur-park-170-g-01.png')">
            <div class="hover"></div>
            
            <div class="stickers"></div>
        </div>
    </a>
    <div>
        <h4><a href="../calza-bef-walcor-dino-park-170.html"><b>Calza Bef Walcor Dino Park 170</b></a></h4>
        <p class="description">Walcor Calza Dinosaur Park 170 g</p>
        <p class="right price"><b>5.99 €</b></p>
        <p class="right unitPrice">35.23 € per kg</p>
    </div>
    <div class="notAvailable">
    <a class="button bgDarkGrey white" href="../calza-bef-walcor-dino-park-170.html">Not available</a>
</div>
</div><div class="left product prod75"
        data-name="Calza Bef Walcor Hell Kitt 170"
        data-price="5.99"
        data-id="88308"
        data-available="no"
        data-category="1876"
        data-bestselling="">
    <a href="../calza-bef-walcor-hell-kitt-170.html">
        <div style="background-image: url('../../cdn.spesati.com/images/products/000444514/walcor-calza-hello-kitty-170-g-01.png')">
            <div class="hover"></div>
            
            <div class="stickers"></div>
        </div>
    </a>
    <div>
        <h4><a href="../calza-bef-walcor-hell-kitt-170.html"><b>Calza Bef Walcor Hell Kitt 170</b></a></h4>
        <p class="description">Walcor Calza Hello Kitty 170 g</p>
        <p class="right price"><b>5.99 €</b></p>
        <p class="right unitPrice">35.23 € per kg</p>
    </div>
    <div class="notAvailable">
    <a class="button bgDarkGrey white" href="../calza-bef-walcor-hell-kitt-170.html">Not available</a>
</div>
</div><div class="left product prod76"
        data-name="Calza Bef Walcor 44 Gatti 190g"
        data-price="6.99"
        data-id="88305"
        data-available="no"
        data-category="1876"
        data-bestselling="">
    <a href="../calza-bef-walcor-44-gatti-190g.html">
        <div style="background-image: url('../../cdn.spesati.com/images/products/000444512/walcor-calza-44-gatti-190-g-01.png')">
            <div class="hover"></div>
            
            <div class="stickers"></div>
        </div>
    </a>
    <div>
        <h4><a href="../calza-bef-walcor-44-gatti-190g.html"><b>Calza Bef Walcor 44 Gatti 190g</b></a></h4>
        <p class="description">Walcor Calza 44 Gatti 190 g</p>
        <p class="right price"><b>6.99 €</b></p>
        <p class="right unitPrice">36.80 € per kg</p>
    </div>
    <div class="notAvailable">
    <a class="button bgDarkGrey white" href="../calza-bef-walcor-44-gatti-190g.html">Not available</a>
</div>
</div><div class="left product prod77"
        data-name="Calza Bef Walcor Uno 190gr"
        data-price="6.99"
        data-id="88302"
        data-available="no"
        data-category="1876"
        data-bestselling="">
    <a href="../calza-bef-walcor-uno-190gr.html">
        <div style="background-image: url('../../cdn.spesati.com/images/products/000444511/walcor-calza-uno-190-g-01.png')">
            <div class="hover"></div>
            
            <div class="stickers"></div>
        </div>
    </a>
    <div>
        <h4><a href="../calza-bef-walcor-uno-190gr.html"><b>Calza Bef Walcor Uno 190gr</b></a></h4>
        <p class="description">Walcor Calza Uno 190 g</p>
        <p class="right price"><b>6.99 €</b></p>
        <p class="right unitPrice">36.80 € per kg</p>
    </div>
    <div class="notAvailable">
    <a class="button bgDarkGrey white" href="../calza-bef-walcor-uno-190gr.html">Not available</a>
</div>
</div><div class="left product prod78"
        data-name="Calza Bef Walcor Dinsieme 190g"
        data-price="6.99"
        data-id="81383"
        data-available="no"
        data-category="1876"
        data-bestselling="">
    <a href="../calza-bef-walcor-dinsieme-190g.html">
        <div style="background-image: url('../../cdn.spesati.com/images/products/000443079/walcor-calza-dinsieme-190-g-01.png')">
            <div class="hover"></div>
            
            <div class="stickers"></div>
        </div>
    </a>
    <div>
        <h4><a href="../calza-bef-walcor-dinsieme-190g.html"><b>Calza Bef Walcor Dinsieme 190g</b></a></h4>
        <p class="description">Walcor Calza Dinsieme 190 g</p>
        <p class="right price"><b>6.99 €</b></p>
        <p class="right unitPrice">36.80 € per kg</p>
    </div>
    <div class="notAvailable">
    <a class="button bgDarkGrey white" href="../calza-bef-walcor-dinsieme-190g.html">Not available</a>
</div>
</div><div class="left product prod79"
        data-name="Calza Bef Walcor My Littl 170g"
        data-price="5.99"
        data-id="88017"
        data-available="no"
        data-category="1876"
        data-bestselling="">
    <a href="../calza-bef-walcor-my-littl-170g.html">
        <div style="background-image: url('../../cdn.spesati.com/images/products/000443074/walcor-calza-my-little-pony-170-g-01.png')">
            <div class="hover"></div>
            
            <div class="stickers"></div>
        </div>
    </a>
    <div>
        <h4><a href="../calza-bef-walcor-my-littl-170g.html"><b>Calza Bef Walcor My Littl 170g</b></a></h4>
        <p class="description">Walcor Calza My Little Pony 170 g</p>
        <p class="right price"><b>5.99 €</b></p>
        <p class="right unitPrice">35.23 € per kg</p>
    </div>
    <div class="notAvailable">
    <a class="button bgDarkGrey white" href="../calza-bef-walcor-my-littl-170g.html">Not available</a>
</div>
</div><div class="left product prod80"
        data-name="Calza Bef Walcor Spongeb 170g"
        data-price="5.99"
        data-id="88014"
        data-available="no"
        data-category="1876"
        data-bestselling="">
    <a href="../calza-bef-walcor-spongeb-170g.html">
        <div style="background-image: url('../../cdn.spesati.com/images/products/000443072/walcor-calza-spongebob-squarepants-170-g-01.png')">
            <div class="hover"></div>
            
            <div class="stickers"></div>
        </div>
    </a>
    <div>
        <h4><a href="../calza-bef-walcor-spongeb-170g.html"><b>Calza Bef Walcor Spongeb 170g</b></a></h4>
        <p class="description">Walcor Calza SpongeBob Squarepants 170 g</p>
        <p class="right price"><b>5.99 €</b></p>
        <p class="right unitPrice">35.23 € per kg</p>
    </div>
    <div class="notAvailable">
    <a class="button bgDarkGrey white" href="../calza-bef-walcor-spongeb-170g.html">Not available</a>
</div>
</div><div class="left product prod81"
        data-name="Marron Glaces Vergani Scat 230"
        data-price="15.48"
        data-id="27337"
        data-available="no"
        data-category="1876"
        data-bestselling="">
    <a href="../marron-glaces-vergani-scat-230.html">
        <div style="background-image: url('../../cdn.spesati.com/images/products/000131691/vergani-marrons-glaces-giganti-peso-al-pz-25-grammi-ca-scat-regalo-230g-01.png')">
            <div class="hover"></div>
            
            <div class="stickers"></div>
        </div>
    </a>
    <div>
        <h4><a href="../marron-glaces-vergani-scat-230.html"><b>Marron Glaces Vergani Scat 230</b></a></h4>
        <p class="description">Vergani Marrons Glacés Giganti (Peso al Pz. 25 Grammi Ca.) - Scat. Regalo 230g</p>
        <p class="right price"><b>15.48 €</b></p>
        <p class="right unitPrice">67.31 € per kg</p>
    </div>
    <div class="notAvailable">
    <a class="button bgDarkGrey white" href="../marron-glaces-vergani-scat-230.html">Not available</a>
</div>
</div><div class="left product prod82"
        data-name="Millefoglie Vicenzi Clas 125g"
        data-price="1.79"
        data-id="65127"
        data-available="no"
        data-category="1876"
        data-bestselling="">
    <a href="../millefoglie-vicenzi-clas-125g.html">
        <div style="background-image: url('../../cdn.spesati.com/images/products/000112627/matilde-vicenzi-millefoglie-classiche-125-g-01.png')">
            <div class="hover"></div>
            
            <div class="stickers"></div>
        </div>
    </a>
    <div>
        <h4><a href="../millefoglie-vicenzi-clas-125g.html"><b>Millefoglie Vicenzi Clas 125g</b></a></h4>
        <p class="description">Matilde Vicenzi Millefoglie Classiche 125 g</p>
        <p class="right price"><b>1.79 €</b></p>
        <p class="right unitPrice">13.77 € per kg</p>
    </div>
    <div class="notAvailable">
    <a class="button bgDarkGrey white" href="../millefoglie-vicenzi-clas-125g.html">Not available</a>
</div>
</div><div class="left product prod83"
        data-name="Pettegolezzi Di Colombina Gecchele 125Gr"
        data-price="2.99"
        data-id="5731"
        data-available="no"
        data-category="1876"
        data-bestselling="">
    <a href="../pettegolezzi-di-colombina-gecchele-125gr.html">
        <div style="background-image: url('../../cdn.spesati.com/images/products/000111326/gecchele-pettegolezzi-di-colombina-125-g-01.png')">
            <div class="hover"></div>
            
            <div class="stickers"></div>
        </div>
    </a>
    <div>
        <h4><a href="../pettegolezzi-di-colombina-gecchele-125gr.html"><b>Pettegolezzi Di Colombina Gecchele 125Gr</b></a></h4>
        <p class="description">Gecchele Pettegolezzi di Colombina 125 g</p>
        <p class="right price"><b>2.99 €</b></p>
        <p class="right unitPrice">23.91 € per kg</p>
    </div>
    <div class="notAvailable">
    <a class="button bgDarkGrey white" href="../pettegolezzi-di-colombina-gecchele-125gr.html">Not available</a>
</div>
</div><div class="left product prod84"
        data-name="Papassinos Esca Conf 400gr"
        data-price="6.29"
        data-id="25666"
        data-available="no"
        data-category="1876"
        data-bestselling="2">
    <a href="../papassinos-esca-conf-400gr.html">
        <div style="background-image: url('../../cdn.spesati.com/images/products/000111299/esca-papassinos-400-g-01.png')">
            <div class="hover"></div>
            <p class="arrow bgRed white">Best Seller</p>
            <div class="stickers"></div>
        </div>
    </a>
    <div>
        <h4><a href="../papassinos-esca-conf-400gr.html"><b>Papassinos Esca Conf 400gr</b></a></h4>
        <p class="description">Esca Papassinos 400 g</p>
        <p class="right price"><b>6.29 €</b></p>
        <p class="right unitPrice">15.73 € per kg</p>
    </div>
    <div class="notAvailable">
    <a class="button bgDarkGrey white" href="../papassinos-esca-conf-400gr.html">Not available</a>
</div>
</div><div class="left product prod85"
        data-name="Amaretti Esca Vaschetta 300gr"
        data-price="7.79"
        data-id="25664"
        data-available="no"
        data-category="1876"
        data-bestselling="">
    <a href="../amaretti-esca-vaschetta-300gr.html">
        <div style="background-image: url('../../cdn.spesati.com/images/products/000111293/esca-amaretti-300-g-01.png')">
            <div class="hover"></div>
            
            <div class="stickers"></div>
        </div>
    </a>
    <div>
        <h4><a href="../amaretti-esca-vaschetta-300gr.html"><b>Amaretti Esca Vaschetta 300gr</b></a></h4>
        <p class="description">Esca Amaretti 300 g</p>
        <p class="right price"><b>7.79 €</b></p>
        <p class="right unitPrice">25.97 € per kg</p>
    </div>
    <div class="notAvailable">
    <a class="button bgDarkGrey white" href="../amaretti-esca-vaschetta-300gr.html">Not available</a>
</div>
</div><div class="left product prod86"
        data-name="Galani Dei Dogi Gecchele 150 Gr"
        data-price="2.99"
        data-id="5727"
        data-available="no"
        data-category="1876"
        data-bestselling="">
    <a href="../galani-dei-dogi-gecchele-150-gr.html">
        <div style="background-image: url('../../cdn.spesati.com/images/products/000109337/gecchele-galani-dei-dogi-200-g-01.png')">
            <div class="hover"></div>
            
            <div class="stickers"></div>
        </div>
    </a>
    <div>
        <h4><a href="../galani-dei-dogi-gecchele-150-gr.html"><b>Galani Dei Dogi Gecchele 150 Gr</b></a></h4>
        <p class="description">Gecchele Galani dei Dogi 200 g</p>
        <p class="right price"><b>2.99 €</b></p>
        <p class="right unitPrice">19.93 € per kg</p>
    </div>
    <div class="notAvailable">
    <a class="button bgDarkGrey white" href="../galani-dei-dogi-gecchele-150-gr.html">Not available</a>
</div>
</div><div class="left product prod87"
        data-name="Galbi Galbani Bontalat Fra 2pz"
        data-price="1.39"
        data-id="24753"
        data-available="no"
        data-category="1876"
        data-bestselling="">
    <a href="../galbi-galbani-bontalat-fra-2pz.html">
        <div style="background-image: url('../../cdn.spesati.com/images/products/000105477/galbani-galbi-bontalatte-crema-alla-fragola-2-x-110-g-01.png')">
            <div class="hover"></div>
            
            <div class="stickers"></div>
        </div>
    </a>
    <div>
        <h4><a href="../galbi-galbani-bontalat-fra-2pz.html"><b>Galbi Galbani Bontalat Fra 2pz</b></a></h4>
        <p class="description">Galbani Galbi BontàLatte Crema alla fragola 2 x 110 g</p>
        <p class="right price"><b>1.39 €</b></p>
        <p class="right unitPrice">5.80 € per kg</p>
    </div>
    <div class="notAvailable">
    <a class="button bgDarkGrey white" href="../galbi-galbani-bontalat-fra-2pz.html">Not available</a>
</div>
</div><div class="left product prod88"
        data-name="Plum Cake Gargani Cacao 300gr"
        data-price="3.25"
        data-id="27144"
        data-available="no"
        data-category="1876"
        data-bestselling="">
    <a href="../plum-cake-gargani-cacao-300gr.html">
        <div style="background-image: url('../../cdn.spesati.com/images/products/missing-image/missing-image.jpg')">
            <div class="hover"></div>
            
            <div class="stickers"></div>
        </div>
    </a>
    <div>
        <h4><a href="../plum-cake-gargani-cacao-300gr.html"><b>Plum Cake Gargani Cacao 300gr</b></a></h4>
        <p class="description">0.3 Kg</p>
        <p class="right price"><b>3.25 €</b></p>
        <p class="right unitPrice">10.84 € per kg</p>
    </div>
    <div class="notAvailable">
    <a class="button bgDarkGrey white" href="../plum-cake-gargani-cacao-300gr.html">Not available</a>
</div>
</div><div class="left product prod89"
        data-name="Plum Cake Gargani Yogurt 300gr"
        data-price="3.25"
        data-id="27145"
        data-available="no"
        data-category="1876"
        data-bestselling="">
    <a href="../plum-cake-gargani-yogurt-300gr.html">
        <div style="background-image: url('../../cdn.spesati.com/images/products/missing-image/missing-image.jpg')">
            <div class="hover"></div>
            
            <div class="stickers"></div>
        </div>
    </a>
    <div>
        <h4><a href="../plum-cake-gargani-yogurt-300gr.html"><b>Plum Cake Gargani Yogurt 300gr</b></a></h4>
        <p class="description">0.3 Kg</p>
        <p class="right price"><b>3.25 €</b></p>
        <p class="right unitPrice">10.84 € per kg</p>
    </div>
    <div class="notAvailable">
    <a class="button bgDarkGrey white" href="../plum-cake-gargani-yogurt-300gr.html">Not available</a>
</div>
</div><div class="left product prod90"
        data-name="Plum Cake Gargani Limone 300gr"
        data-price="3.25"
        data-id="27146"
        data-available="no"
        data-category="1876"
        data-bestselling="">
    <a href="../plum-cake-gargani-limone-300gr.html">
        <div style="background-image: url('../../cdn.spesati.com/images/products/missing-image/missing-image.jpg')">
            <div class="hover"></div>
            
            <div class="stickers"></div>
        </div>
    </a>
    <div>
        <h4><a href="../plum-cake-gargani-limone-300gr.html"><b>Plum Cake Gargani Limone 300gr</b></a></h4>
        <p class="description">0.3 Kg</p>
        <p class="right price"><b>3.25 €</b></p>
        <p class="right unitPrice">10.84 € per kg</p>
    </div>
    <div class="notAvailable">
    <a class="button bgDarkGrey white" href="../plum-cake-gargani-limone-300gr.html">Not available</a>
</div>
</div><div class="left product prod91"
        data-name="Ciambellone Gargani Yogurt 650"
        data-price="5.59"
        data-id="27147"
        data-available="no"
        data-category="1876"
        data-bestselling="">
    <a href="../ciambellone-gargani-yogurt-650.html">
        <div style="background-image: url('../../cdn.spesati.com/images/products/missing-image/missing-image.jpg')">
            <div class="hover"></div>
            
            <div class="stickers"></div>
        </div>
    </a>
    <div>
        <h4><a href="../ciambellone-gargani-yogurt-650.html"><b>Ciambellone Gargani Yogurt 650</b></a></h4>
        <p class="description">0.65 Kg</p>
        <p class="right price"><b>5.59 €</b></p>
        <p class="right unitPrice">8.60 € per kg</p>
    </div>
    <div class="notAvailable">
    <a class="button bgDarkGrey white" href="../ciambellone-gargani-yogurt-650.html">Not available</a>
</div>
</div><div class="left product prod92"
        data-name="Ciambellone Gargani Limone"
        data-price="8.40"
        data-id="27148"
        data-available="no"
        data-category="1876"
        data-bestselling="">
    <a href="../ciambellone-gargani-limone.html">
        <div style="background-image: url('../../cdn.spesati.com/images/products/missing-image/missing-image.jpg')">
            <div class="hover"></div>
            
            <div class="stickers"></div>
        </div>
    </a>
    <div>
        <h4><a href="../ciambellone-gargani-limone.html"><b>Ciambellone Gargani Limone</b></a></h4>
        <p class="description">medium weight 1 Kg</p>
        <p class="right price"><b>8.40 €</b></p>
        <p class="right unitPrice">8.40 € per kg</p>
    </div>
    <div class="notAvailable">
    <a class="button bgDarkGrey white" href="../ciambellone-gargani-limone.html">Not available</a>
</div>
</div><div class="left product prod93"
        data-name="Ciambellone Gargani Cacao"
        data-price="8.40"
        data-id="27149"
        data-available="no"
        data-category="1876"
        data-bestselling="">
    <a href="../ciambellone-gargani-cacao.html">
        <div style="background-image: url('../../cdn.spesati.com/images/products/missing-image/missing-image.jpg')">
            <div class="hover"></div>
            
            <div class="stickers"></div>
        </div>
    </a>
    <div>
        <h4><a href="../ciambellone-gargani-cacao.html"><b>Ciambellone Gargani Cacao</b></a></h4>
        <p class="description">medium weight 1 Kg</p>
        <p class="right price"><b>8.40 €</b></p>
        <p class="right unitPrice">8.40 € per kg</p>
    </div>
    <div class="notAvailable">
    <a class="button bgDarkGrey white" href="../ciambellone-gargani-cacao.html">Not available</a>
</div>
</div><div class="left product prod94"
        data-name="Crostata Gargani Albicocche"
        data-price="13.50"
        data-id="27150"
        data-available="no"
        data-category="1876"
        data-bestselling="">
    <a href="../crostata-gargani-albicocche.html">
        <div style="background-image: url('../../cdn.spesati.com/images/products/missing-image/missing-image.jpg')">
            <div class="hover"></div>
            
            <div class="stickers"></div>
        </div>
    </a>
    <div>
        <h4><a href="../crostata-gargani-albicocche.html"><b>Crostata Gargani Albicocche</b></a></h4>
        <p class="description">medium weight 1 Kg</p>
        <p class="right price"><b>13.50 €</b></p>
        <p class="right unitPrice">13.50 € per kg</p>
    </div>
    <div class="notAvailable">
    <a class="button bgDarkGrey white" href="../crostata-gargani-albicocche.html">Not available</a>
</div>
</div><div class="left product prod95"
        data-name="Crostata Gargani Frutti Bosco"
        data-price="13.50"
        data-id="27151"
        data-available="no"
        data-category="1876"
        data-bestselling="">
    <a href="../crostata-gargani-frutti-bosco.html">
        <div style="background-image: url('../../cdn.spesati.com/images/products/missing-image/missing-image.jpg')">
            <div class="hover"></div>
            
            <div class="stickers"></div>
        </div>
    </a>
    <div>
        <h4><a href="../crostata-gargani-frutti-bosco.html"><b>Crostata Gargani Frutti Bosco</b></a></h4>
        <p class="description">medium weight 1 Kg</p>
        <p class="right price"><b>13.50 €</b></p>
        <p class="right unitPrice">13.50 € per kg</p>
    </div>
    <div class="notAvailable">
    <a class="button bgDarkGrey white" href="../crostata-gargani-frutti-bosco.html">Not available</a>
</div>
</div><div class="left product prod96"
        data-name="Torroncini Prun Tras Noci 200g"
        data-price="4.29"
        data-id="27496"
        data-available="no"
        data-category="1876"
        data-bestselling="">
    <a href="../torroncini-prun-tras-noci-200g.html">
        <div style="background-image: url('../../cdn.spesati.com/images/products/missing-image/missing-image.jpg')">
            <div class="hover"></div>
            
            <div class="stickers"></div>
        </div>
    </a>
    <div>
        <h4><a href="../torroncini-prun-tras-noci-200g.html"><b>Torroncini Prun Tras Noci 200g</b></a></h4>
        <p class="description">0.2 Kg</p>
        <p class="right price"><b>4.29 €</b></p>
        <p class="right unitPrice">21.45 € per kg</p>
    </div>
    <div class="notAvailable">
    <a class="button bgDarkGrey white" href="../torroncini-prun-tras-noci-200g.html">Not available</a>
</div>
</div><div class="left product prod97"
        data-name="Torroncini Prun Tras Nocc 200g"
        data-price="4.29"
        data-id="27497"
        data-available="no"
        data-category="1876"
        data-bestselling="">
    <a href="../torroncini-prun-tras-nocc-200g.html">
        <div style="background-image: url('../../cdn.spesati.com/images/products/missing-image/missing-image.jpg')">
            <div class="hover"></div>
            
            <div class="stickers"></div>
        </div>
    </a>
    <div>
        <h4><a href="../torroncini-prun-tras-nocc-200g.html"><b>Torroncini Prun Tras Nocc 200g</b></a></h4>
        <p class="description">0.2 Kg</p>
        <p class="right price"><b>4.29 €</b></p>
        <p class="right unitPrice">21.45 € per kg</p>
    </div>
    <div class="notAvailable">
    <a class="button bgDarkGrey white" href="../torroncini-prun-tras-nocc-200g.html">Not available</a>
</div>
</div><div class="left product prod98"
        data-name="Torroncini Prun Mand Tela 200g"
        data-price="8.99"
        data-id="27504"
        data-available="no"
        data-category="1876"
        data-bestselling="">
    <a href="../torroncini-prun-mand-tela-200g.html">
        <div style="background-image: url('../../cdn.spesati.com/images/products/missing-image/missing-image.jpg')">
            <div class="hover"></div>
            
            <div class="stickers"></div>
        </div>
    </a>
    <div>
        <h4><a href="../torroncini-prun-mand-tela-200g.html"><b>Torroncini Prun Mand Tela 200g</b></a></h4>
        <p class="description">0.2 Kg</p>
        <p class="right price"><b>8.99 €</b></p>
        <p class="right unitPrice">44.96 € per kg</p>
    </div>
    <div class="notAvailable">
    <a class="button bgDarkGrey white" href="../torroncini-prun-mand-tela-200g.html">Not available</a>
</div>
</div><div class="left product prod99"
        data-name="Torrone C Isol Mandor Stec 200"
        data-price="4.77"
        data-id="32603"
        data-available="no"
        data-category="1876"
        data-bestselling="">
    <a href="../torrone-c-isol-mandor-stec-200.html">
        <div style="background-image: url('../../cdn.spesati.com/images/products/missing-image/missing-image.jpg')">
            <div class="hover"></div>
            
            <div class="stickers"></div>
        </div>
    </a>
    <div>
        <h4><a href="../torrone-c-isol-mandor-stec-200.html"><b>Torrone C Isol Mandor Stec 200</b></a></h4>
        <p class="description">0.2 Kg</p>
        <p class="right price"><b>4.77 €</b></p>
        <p class="right unitPrice">23.83 € per kg</p>
    </div>
    <div class="notAvailable">
    <a class="button bgDarkGrey white" href="../torrone-c-isol-mandor-stec-200.html">Not available</a>
</div>
</div><div class="left product prod100"
        data-name="Torrone Pruneddu Tras Mand 200"
        data-price="3.99"
        data-id="33856"
        data-available="no"
        data-category="1876"
        data-bestselling="">
    <a href="../torrone-pruneddu-tras-mand-200.html">
        <div style="background-image: url('../../cdn.spesati.com/images/products/missing-image/missing-image.jpg')">
            <div class="hover"></div>
            
            <div class="stickers"></div>
        </div>
    </a>
    <div>
        <h4><a href="../torrone-pruneddu-tras-mand-200.html"><b>Torrone Pruneddu Tras Mand 200</b></a></h4>
        <p class="description">0.2 Kg</p>
        <p class="right price"><b>3.99 €</b></p>
        <p class="right unitPrice">19.95 € per kg</p>
    </div>
    <div class="notAvailable">
    <a class="button bgDarkGrey white" href="../torrone-pruneddu-tras-mand-200.html">Not available</a>
</div>
</div><div class="left product prod101"
        data-name="Torrone Pruneddu Tras Noci 200"
        data-price="3.99"
        data-id="33858"
        data-available="no"
        data-category="1876"
        data-bestselling="">
    <a href="../torrone-pruneddu-tras-noci-200.html">
        <div style="background-image: url('../../cdn.spesati.com/images/products/missing-image/missing-image.jpg')">
            <div class="hover"></div>
            
            <div class="stickers"></div>
        </div>
    </a>
    <div>
        <h4><a href="../torrone-pruneddu-tras-noci-200.html"><b>Torrone Pruneddu Tras Noci 200</b></a></h4>
        <p class="description">0.2 Kg</p>
        <p class="right price"><b>3.99 €</b></p>
        <p class="right unitPrice">19.95 € per kg</p>
    </div>
    <div class="notAvailable">
    <a class="button bgDarkGrey white" href="../torrone-pruneddu-tras-noci-200.html">Not available</a>
</div>
</div><div class="left product prod102"
        data-name="Torroncini Prun Tras Mand 200g"
        data-price="4.25"
        data-id="33859"
        data-available="no"
        data-category="1876"
        data-bestselling="">
    <a href="../torroncini-prun-tras-mand-200g.html">
        <div style="background-image: url('../../cdn.spesati.com/images/products/missing-image/missing-image.jpg')">
            <div class="hover"></div>
            
            <div class="stickers"></div>
        </div>
    </a>
    <div>
        <h4><a href="../torroncini-prun-tras-mand-200g.html"><b>Torroncini Prun Tras Mand 200g</b></a></h4>
        <p class="description">0.2 Kg</p>
        <p class="right price"><b>4.25 €</b></p>
        <p class="right unitPrice">21.25 € per kg</p>
    </div>
    <div class="notAvailable">
    <a class="button bgDarkGrey white" href="../torroncini-prun-tras-mand-200g.html">Not available</a>
</div>
</div><div class="left product prod103"
        data-name="Itagel Cannoli Siciliani 12pz"
        data-price="38.50"
        data-id="34105"
        data-available="no"
        data-category="1876"
        data-bestselling="">
    <a href="../itagel-cannoli-siciliani-12pz.html">
        <div style="background-image: url('../../cdn.spesati.com/images/products/missing-image/missing-image.jpg')">
            <div class="hover"></div>
            
            <div class="stickers"></div>
        </div>
    </a>
    <div>
        <h4><a href="../itagel-cannoli-siciliani-12pz.html"><b>Itagel Cannoli Siciliani 12pz</b></a></h4>
        <p class="description">1.44 Kg</p>
        <p class="right price"><b>38.50 €</b></p>
        <p class="right unitPrice">26.74 € per kg</p>
    </div>
    <div class="notAvailable">
    <a class="button bgDarkGrey white" href="../itagel-cannoli-siciliani-12pz.html">Not available</a>
</div>
</div><div class="left product prod104"
        data-name="Panforte Fiore Margherit 227gr"
        data-price="6.07"
        data-id="62922"
        data-available="no"
        data-category="1876"
        data-bestselling="">
    <a href="../panforte-fiore-margherit-227gr.html">
        <div style="background-image: url('../../cdn.spesati.com/images/products/missing-image/missing-image.jpg')">
            <div class="hover"></div>
            
            <div class="stickers"></div>
        </div>
    </a>
    <div>
        <h4><a href="../panforte-fiore-margherit-227gr.html"><b>Panforte Fiore Margherit 227gr</b></a></h4>
        <p class="description">0.23 Kg</p>
        <p class="right price"><b>6.07 €</b></p>
        <p class="right unitPrice">26.37 € per kg</p>
    </div>
    <div class="notAvailable">
    <a class="button bgDarkGrey white" href="../panforte-fiore-margherit-227gr.html">Not available</a>
</div>
</div><div class="left product prod105"
        data-name="Fondi Pasta Sfoglia Gecch 150g"
        data-price="3.29"
        data-id="67659"
        data-available="no"
        data-category="1876"
        data-bestselling="">
    <a href="../fondi-pasta-sfoglia-gecch-150g.html">
        <div style="background-image: url('../../cdn.spesati.com/images/products/missing-image/missing-image.jpg')">
            <div class="hover"></div>
            
            <div class="stickers"></div>
        </div>
    </a>
    <div>
        <h4><a href="../fondi-pasta-sfoglia-gecch-150g.html"><b>Fondi Pasta Sfoglia Gecch 150g</b></a></h4>
        <p class="description">0.15 Kg</p>
        <p class="right price"><b>3.29 €</b></p>
        <p class="right unitPrice">21.93 € per kg</p>
    </div>
    <div class="notAvailable">
    <a class="button bgDarkGrey white" href="../fondi-pasta-sfoglia-gecch-150g.html">Not available</a>
</div>
</div><div class="left product prod106"
        data-name="Torta Gecchele Monster 350gr"
        data-price="3.01"
        data-id="71928"
        data-available="no"
        data-category="1876"
        data-bestselling="">
    <a href="../torta-gecchele-monster-350gr.html">
        <div style="background-image: url('../../cdn.spesati.com/images/products/missing-image/missing-image.jpg')">
            <div class="hover"></div>
            
            <div class="stickers"></div>
        </div>
    </a>
    <div>
        <h4><a href="../torta-gecchele-monster-350gr.html"><b>Torta Gecchele Monster 350gr</b></a></h4>
        <p class="description">0.35 Kg</p>
        <p class="right price"><b>3.01 €</b></p>
        <p class="right unitPrice">8.61 € per kg</p>
    </div>
    <div class="notAvailable">
    <a class="button bgDarkGrey white" href="../torta-gecchele-monster-350gr.html">Not available</a>
</div>
</div><div class="left product prod107"
        data-name="Torrone C Isol Mand/mirto 200g"
        data-price="4.77"
        data-id="72961"
        data-available="no"
        data-category="1876"
        data-bestselling="">
    <a href="../torrone-c-isol-mandmirto-200g.html">
        <div style="background-image: url('../../cdn.spesati.com/images/products/missing-image/missing-image.jpg')">
            <div class="hover"></div>
            
            <div class="stickers"></div>
        </div>
    </a>
    <div>
        <h4><a href="../torrone-c-isol-mandmirto-200g.html"><b>Torrone C Isol Mand/mirto 200g</b></a></h4>
        <p class="description">0.2 Kg</p>
        <p class="right price"><b>4.77 €</b></p>
        <p class="right unitPrice">23.83 € per kg</p>
    </div>
    <div class="notAvailable">
    <a class="button bgDarkGrey white" href="../torrone-c-isol-mandmirto-200g.html">Not available</a>
</div>
</div><div class="left product prod108"
        data-name="Torrone C Isol Mand/corbez 200"
        data-price="4.77"
        data-id="72964"
        data-available="no"
        data-category="1876"
        data-bestselling="">
    <a href="../torrone-c-isol-mandcorbez-200.html">
        <div style="background-image: url('../../cdn.spesati.com/images/products/missing-image/missing-image.jpg')">
            <div class="hover"></div>
            
            <div class="stickers"></div>
        </div>
    </a>
    <div>
        <h4><a href="../torrone-c-isol-mandcorbez-200.html"><b>Torrone C Isol Mand/corbez 200</b></a></h4>
        <p class="description">0.2 Kg</p>
        <p class="right price"><b>4.77 €</b></p>
        <p class="right unitPrice">23.83 € per kg</p>
    </div>
    <div class="notAvailable">
    <a class="button bgDarkGrey white" href="../torrone-c-isol-mandcorbez-200.html">Not available</a>
</div>
</div><div class="left product prod109"
        data-name="Croccante Mandorla Rdg Gr 150"
        data-price="3.49"
        data-id="73294"
        data-available="no"
        data-category="1876"
        data-bestselling="">
    <a href="../croccante-mandorla-rdg-gr-150.html">
        <div style="background-image: url('../../cdn.spesati.com/images/products/missing-image/missing-image.jpg')">
            <div class="hover"></div>
            
            <div class="stickers"></div>
        </div>
    </a>
    <div>
        <h4><a href="../croccante-mandorla-rdg-gr-150.html"><b>Croccante Mandorla Rdg Gr 150</b></a></h4>
        <p class="description">0.15 Kg</p>
        <p class="right price"><b>3.49 €</b></p>
        <p class="right unitPrice">23.27 € per kg</p>
    </div>
    <div class="notAvailable">
    <a class="button bgDarkGrey white" href="../croccante-mandorla-rdg-gr-150.html">Not available</a>
</div>
</div><div class="left product prod110"
        data-name="Cameo Love It Cioccolato 125gr"
        data-price="1.35"
        data-id="74198"
        data-available="no"
        data-category="1876"
        data-bestselling="">
    <a href="../cameo-love-it-cioccolato-125gr.html">
        <div style="background-image: url('../../cdn.spesati.com/images/products/missing-image/missing-image.jpg')">
            <div class="hover"></div>
            
            <div class="stickers"></div>
        </div>
    </a>
    <div>
        <h4><a href="../cameo-love-it-cioccolato-125gr.html"><b>Cameo Love It Cioccolato 125gr</b></a></h4>
        <p class="description">0.13 Kg</p>
        <p class="right price"><b>1.35 €</b></p>
        <p class="right unitPrice">10.38 € per kg</p>
    </div>
    <div class="notAvailable">
    <a class="button bgDarkGrey white" href="../cameo-love-it-cioccolato-125gr.html">Not available</a>
</div>
</div><div class="left product prod111"
        data-name="Cameo Love It Vaniglia 125gr"
        data-price="1.35"
        data-id="74201"
        data-available="no"
        data-category="1876"
        data-bestselling="">
    <a href="../cameo-love-it-vaniglia-125gr.html">
        <div style="background-image: url('../../cdn.spesati.com/images/products/missing-image/missing-image.jpg')">
            <div class="hover"></div>
            
            <div class="stickers"></div>
        </div>
    </a>
    <div>
        <h4><a href="../cameo-love-it-vaniglia-125gr.html"><b>Cameo Love It Vaniglia 125gr</b></a></h4>
        <p class="description">0.13 Kg</p>
        <p class="right price"><b>1.35 €</b></p>
        <p class="right unitPrice">10.38 € per kg</p>
    </div>
    <div class="notAvailable">
    <a class="button bgDarkGrey white" href="../cameo-love-it-vaniglia-125gr.html">Not available</a>
</div>
</div><div class="left product prod112"
        data-name="Cantuccini Fiore Class 200gr"
        data-price="3.11"
        data-id="81245"
        data-available="no"
        data-category="1876"
        data-bestselling="">
    <a href="../cantuccini-fiore-class-200gr.html">
        <div style="background-image: url('../../cdn.spesati.com/images/products/missing-image/missing-image.jpg')">
            <div class="hover"></div>
            
            <div class="stickers"></div>
        </div>
    </a>
    <div>
        <h4><a href="../cantuccini-fiore-class-200gr.html"><b>Cantuccini Fiore Class 200gr</b></a></h4>
        <p class="description">0.2 Kg</p>
        <p class="right price"><b>3.11 €</b></p>
        <p class="right unitPrice">15.57 € per kg</p>
    </div>
    <div class="notAvailable">
    <a class="button bgDarkGrey white" href="../cantuccini-fiore-class-200gr.html">Not available</a>
</div>
</div><div class="left product prod113"
        data-name="Baci Di Dama Rdg 190gr"
        data-price="3.19"
        data-id="83393"
        data-available="no"
        data-category="1876"
        data-bestselling="">
    <a href="../baci-di-dama-rdg-190gr.html">
        <div style="background-image: url('../../cdn.spesati.com/images/products/missing-image/missing-image.jpg')">
            <div class="hover"></div>
            
            <div class="stickers"></div>
        </div>
    </a>
    <div>
        <h4><a href="../baci-di-dama-rdg-190gr.html"><b>Baci Di Dama Rdg 190gr</b></a></h4>
        <p class="description">0.19 Kg</p>
        <p class="right price"><b>3.19 €</b></p>
        <p class="right unitPrice">16.79 € per kg</p>
    </div>
    <div class="notAvailable">
    <a class="button bgDarkGrey white" href="../baci-di-dama-rdg-190gr.html">Not available</a>
</div>
</div><div class="left product prod114"
        data-name="Papassine Rau Nostrane Vas 300"
        data-price="6.79"
        data-id="87170"
        data-available="no"
        data-category="1876"
        data-bestselling="">
    <a href="../papassine-rau-nostrane-vas-300.html">
        <div style="background-image: url('../../cdn.spesati.com/images/products/missing-image/missing-image.jpg')">
            <div class="hover"></div>
            
            <div class="stickers"></div>
        </div>
    </a>
    <div>
        <h4><a href="../papassine-rau-nostrane-vas-300.html"><b>Papassine Rau Nostrane Vas 300</b></a></h4>
        <p class="description">0.3 Kg</p>
        <p class="right price"><b>6.79 €</b></p>
        <p class="right unitPrice">22.64 € per kg</p>
    </div>
    <div class="notAvailable">
    <a class="button bgDarkGrey white" href="../papassine-rau-nostrane-vas-300.html">Not available</a>
</div>
</div><div class="left product prod115"
        data-name="Coppetta Cialda Del Re 80pz"
        data-price="44.01"
        data-id="25642"
        data-available="no"
        data-category="1876"
        data-bestselling="">
    <a href="../coppetta-cialda-del-re-80pz.html">
        <div style="background-image: url('../../cdn.spesati.com/images/products/missing-image/missing-image.jpg')">
            <div class="hover"></div>
            
            <div class="stickers"></div>
        </div>
    </a>
    <div>
        <h4><a href="../coppetta-cialda-del-re-80pz.html"><b>Coppetta Cialda Del Re 80pz</b></a></h4>
        <p class="description">1 Kg</p>
        <p class="right price"><b>44.01 €</b></p>
        <p class="right unitPrice">44.01 € per kg</p>
    </div>
    <div class="notAvailable">
    <a class="button bgDarkGrey white" href="../coppetta-cialda-del-re-80pz.html">Not available</a>
</div>
</div><div class="left product prod116"
        data-name="Cialde Sigarette Bicolor 250pz"
        data-price="25.24"
        data-id="25646"
        data-available="no"
        data-category="1876"
        data-bestselling="">
    <a href="../cialde-sigarette-bicolor-250pz.html">
        <div style="background-image: url('../../cdn.spesati.com/images/products/missing-image/missing-image.jpg')">
            <div class="hover"></div>
            
            <div class="stickers"></div>
        </div>
    </a>
    <div>
        <h4><a href="../cialde-sigarette-bicolor-250pz.html"><b>Cialde Sigarette Bicolor 250pz</b></a></h4>
        <p class="description">0.75 Kg</p>
        <p class="right price"><b>25.24 €</b></p>
        <p class="right unitPrice">33.65 € per kg</p>
    </div>
    <div class="notAvailable">
    <a class="button bgDarkGrey white" href="../cialde-sigarette-bicolor-250pz.html">Not available</a>
</div>
</div><div class="left product prod117"
        data-name="Bugie Gecchele Artigianali 2kg"
        data-price="23.98"
        data-id="25675"
        data-available="no"
        data-category="1876"
        data-bestselling="">
    <a href="../bugie-gecchele-artigianali-2kg.html">
        <div style="background-image: url('../../cdn.spesati.com/images/products/missing-image/missing-image.jpg')">
            <div class="hover"></div>
            
            <div class="stickers"></div>
        </div>
    </a>
    <div>
        <h4><a href="../bugie-gecchele-artigianali-2kg.html"><b>Bugie Gecchele Artigianali 2kg</b></a></h4>
        <p class="description">2 Kg</p>
        <p class="right price"><b>23.98 €</b></p>
        <p class="right unitPrice">11.99 € per kg</p>
    </div>
    <div class="notAvailable">
    <a class="button bgDarkGrey white" href="../bugie-gecchele-artigianali-2kg.html">Not available</a>
</div>
</div><div class="left product prod118"
        data-name="Snack Gecchele Ghost 100gr"
        data-price="1.83"
        data-id="88041"
        data-available="no"
        data-category="1876"
        data-bestselling="">
    <a href="../snack-gecchele-ghost-100gr.html">
        <div style="background-image: url('../../cdn.spesati.com/images/products/missing-image/missing-image.jpg')">
            <div class="hover"></div>
            
            <div class="stickers"></div>
        </div>
    </a>
    <div>
        <h4><a href="../snack-gecchele-ghost-100gr.html"><b>Snack Gecchele Ghost 100gr</b></a></h4>
        <p class="description">0.1 Kg</p>
        <p class="right price"><b>1.83 €</b></p>
        <p class="right unitPrice">18.27 € per kg</p>
    </div>
    <div class="notAvailable">
    <a class="button bgDarkGrey white" href="../snack-gecchele-ghost-100gr.html">Not available</a>
</div>
</div><div class="left product prod119"
        data-name="Fondo Per Torta Gecchele 400gr"
        data-price="3.69"
        data-id="26084"
        data-available="no"
        data-category="1876"
        data-bestselling="">
    <a href="../fondo-per-torta-gecchele-400gr.html">
        <div style="background-image: url('../../cdn.spesati.com/images/products/missing-image/missing-image.jpg')">
            <div class="hover"></div>
            
            <div class="stickers"></div>
        </div>
    </a>
    <div>
        <h4><a href="../fondo-per-torta-gecchele-400gr.html"><b>Fondo Per Torta Gecchele 400gr</b></a></h4>
        <p class="description">0.4 Kg</p>
        <p class="right price"><b>3.69 €</b></p>
        <p class="right unitPrice">9.23 € per kg</p>
    </div>
    <div class="notAvailable">
    <a class="button bgDarkGrey white" href="../fondo-per-torta-gecchele-400gr.html">Not available</a>
</div>
</div><div class="left product prod120"
        data-name="Cono D'estate Gecchele 50gr"
        data-price="1.75"
        data-id="26532"
        data-available="no"
        data-category="1876"
        data-bestselling="">
    <a href="../cono-destate-gecchele-50gr.html">
        <div style="background-image: url('../../cdn.spesati.com/images/products/missing-image/missing-image.jpg')">
            <div class="hover"></div>
            
            <div class="stickers"></div>
        </div>
    </a>
    <div>
        <h4><a href="../cono-destate-gecchele-50gr.html"><b>Cono D'estate Gecchele 50gr</b></a></h4>
        <p class="description">0.05 Kg</p>
        <p class="right price"><b>1.75 €</b></p>
        <p class="right unitPrice">35.00 € per kg</p>
    </div>
    <div class="notAvailable">
    <a class="button bgDarkGrey white" href="../cono-destate-gecchele-50gr.html">Not available</a>
</div>
</div><div class="left product prod121"
        data-name="Burro Cacao Callebaut 600gr"
        data-price="69.30"
        data-id="26908"
        data-available="no"
        data-category="1876"
        data-bestselling="">
    <a href="../burro-cacao-callebaut-600gr.html">
        <div style="background-image: url('../../cdn.spesati.com/images/products/missing-image/missing-image.jpg')">
            <div class="hover"></div>
            
            <div class="stickers"></div>
        </div>
    </a>
    <div>
        <h4><a href="../burro-cacao-callebaut-600gr.html"><b>Burro Cacao Callebaut 600gr</b></a></h4>
        <p class="description">0.6 Kg</p>
        <p class="right price"><b>69.30 €</b></p>
        <p class="right unitPrice">115.50 € per kg</p>
    </div>
    <div class="notAvailable">
    <a class="button bgDarkGrey white" href="../burro-cacao-callebaut-600gr.html">Not available</a>
</div>
</div><div class="left product prod122"
        data-name="Ciambel Gargani 1-4 Yogurt 470"
        data-price="4.29"
        data-id="27141"
        data-available="no"
        data-category="1876"
        data-bestselling="">
    <a href="../ciambel-gargani-1-4-yogurt-470.html">
        <div style="background-image: url('../../cdn.spesati.com/images/products/missing-image/missing-image.jpg')">
            <div class="hover"></div>
            
            <div class="stickers"></div>
        </div>
    </a>
    <div>
        <h4><a href="../ciambel-gargani-1-4-yogurt-470.html"><b>Ciambel Gargani 1-4 Yogurt 470</b></a></h4>
        <p class="description">0.47 Kg</p>
        <p class="right price"><b>4.29 €</b></p>
        <p class="right unitPrice">9.13 € per kg</p>
    </div>
    <div class="notAvailable">
    <a class="button bgDarkGrey white" href="../ciambel-gargani-1-4-yogurt-470.html">Not available</a>
</div>
</div><div class="left product prod123"
        data-name="Ciambel Gargani 1-4 Cacao 470g"
        data-price="4.29"
        data-id="27142"
        data-available="no"
        data-category="1876"
        data-bestselling="">
    <a href="../ciambel-gargani-1-4-cacao-470g.html">
        <div style="background-image: url('../../cdn.spesati.com/images/products/missing-image/missing-image.jpg')">
            <div class="hover"></div>
            
            <div class="stickers"></div>
        </div>
    </a>
    <div>
        <h4><a href="../ciambel-gargani-1-4-cacao-470g.html"><b>Ciambel Gargani 1-4 Cacao 470g</b></a></h4>
        <p class="description">0.47 Kg</p>
        <p class="right price"><b>4.29 €</b></p>
        <p class="right unitPrice">9.13 € per kg</p>
    </div>
    <div class="notAvailable">
    <a class="button bgDarkGrey white" href="../ciambel-gargani-1-4-cacao-470g.html">Not available</a>
</div>
</div><div class="left product prod124"
        data-name="Ciamb Gargan 1-4 Pere-cioc 470"
        data-price="4.49"
        data-id="27143"
        data-available="no"
        data-category="1876"
        data-bestselling="">
    <a href="../ciamb-gargan-1-4-pere-cioc-470.html">
        <div style="background-image: url('../../cdn.spesati.com/images/products/missing-image/missing-image.jpg')">
            <div class="hover"></div>
            
            <div class="stickers"></div>
        </div>
    </a>
    <div>
        <h4><a href="../ciamb-gargan-1-4-pere-cioc-470.html"><b>Ciamb Gargan 1-4 Pere-cioc 470</b></a></h4>
        <p class="description">0.47 Kg</p>
        <p class="right price"><b>4.49 €</b></p>
        <p class="right unitPrice">9.56 € per kg</p>
    </div>
    <div class="notAvailable">
    <a class="button bgDarkGrey white" href="../ciamb-gargan-1-4-pere-cioc-470.html">Not available</a>
</div>
</div>        </div>
    </div>
</section>
<div class="footer">
    <div class="bgDarkGrey"></div>
    <footer>
        <div class="left bgDarkGrey">
            <a id="logoFooter" href="../index.html" class="estDynamic">
                <img src="../../cdn.spesati.com/images/layout/logo-eng.png" alt="Spesati.com" />
                <h2 class="red">Grocery Delivery</h2>
            </a>
            <a class="button bgRed white mobile" href="tel:390707968318">Phone order</a>
            <a class="button bgRed white desktop" href="../news/2020-04-07/news-on-spesati-the-telephone-order-service-is-active.html">Phone order</a>
            <a class="button bgRed white" href="../cdn-cgi/l/email-protection.html#167f787079566566736577627f3875797b">Send mail</a>
            <div id="social">
                <a class="left" href="https://www.facebook.com/spesati/" rel="external" target="_blank">
                    <span class="facebook bgRed fa-stack fa-lg">
                        <i class="fa fa-facebook fa-stack-1x "></i>
                    </span>
                </a>
                <a class="right" href="https://twitter.com/spesati" rel="external" target="_blank">
                    <span class="twitter bgRed fa-stack fa-lg">
                        <i class="fa fa-twitter fa-stack-1x "></i>
                    </span>
                </a>
            </div>
            <p>Copyright 2024 Spesati.com </p>
            
                    <p>All rights reserved</p>
                    <p>SPESATI SRL</p>
                    <p>Corso Vittorio Veneto 15/I, 07026, Olbia</p>
                    <p>CF e P.Iva: 02772380909</p>
                        </div>
        <div class="center bgRed">
            <div class="top">
                <h3>Categories</h3>
                <div class="col">
                    <ul>
                        <li>
                            <a href="#" class="estDynamic">On sale</a>
                        </li>
                        <li>
                            <a href="../fruit-and-vegetables.html" class="estDynamic">Fruit and vegetables</a>
                        </li>
                        <li>
                            <a href="../fresh-products.html" class="estDynamic">Fresh products</a>
                        </li>
                        <li>
                            <a href="../frozen-foods.html" class="estDynamic">Frozen foods</a>
                        </li>
                        <li>
                            <a href="../bread-and-pasta.html" class="estDynamic">Bread and pasta</a>
                        </li>
                        <li>
                            <a href="../meat.html" class="estDynamic">Meat</a>
                        </li>
                        <li>
                            <a href="../fish.html" class="estDynamic">Fish</a>
                        </li>
                    </ul>
                </div>
                <div class="col">
                    <ul>
                        <li>
                            <a href="../wine-beer-and-spirits.html" class="estDynamic">Wine beer and spirits</a>
                        </li>
                        <li>
                            <a href="../water-and-drinks.html" class="estDynamic">Water and drinks</a>
                        </li>
                        <li>
                            <a href="../sweets.html" class="estDynamic">Sweets</a>
                        </li>
                        <li>
                            <a href="../shelf.html" class="estDynamic">Cupboard</a>
                        </li>
                        <li>
                            <a href="../personal-care.html" class="estDynamic">Personal care</a>
                        </li>
                        <li>
                            <a href="../household-and-outdoors.html" class="estDynamic">Home and outdoors</a>
                        </li>
                        <li>
                            <a href="../pet.html" class="estDynamic">Pets</a>
                        </li>
                    </ul>
                </div>
                <div class="col">
                    <ul>
                        <li>
                            <a href="../technology.html" class="estDynamic">Technology</a>
                        </li>
                        <li>
                            <a href="../gluten-free.html" class="estDynamic">Gluten free</a>
                        </li>
                        <li>
                            <a href="../lactose-free.html" class="estDynamic">Lactose free</a>
                        </li>
                        <li>
                            <a href="../special.html" class="estDynamic">Special</a>
                        </li>
                        <li>
                            <a href="../sardinian-products.html" class="estDynamic">Sardinian products</a>
                        </li>
                    </ul>
                </div>
            </div>
            <div class="bottom bgRed">
                <div class="left">
                    <h3>Delivery payment</h3>
                    <div>
                        <i class="fa fa-money fa-3x" aria-hidden="true"></i>
                        <p>Cash</p>
                    </div>
                    <div>
                        <i class="fa fa-credit-card fa-3x" aria-hidden="true"></i>
                        <p>Bancomat or card</p>
                    </div>
                </div>
                <div class="right">
                    <h3>Online payment</h3>
                    <div>
                        <i class="fa fa-credit-card fa-3x" aria-hidden="true"></i>
                        <p>Credit or debit card <span class="red">online</span></p>
                    </div>
                    <div>
                        <i class="fa fa-paypal fa-3x" aria-hidden="true"></i>
                        <p>PayPal</p>
                    </div>
                    <div>
                        <i class="fa fa-university fa-3x" aria-hidden="true"></i>
                        <p>Bank transfer</p>
                    </div>
                </div>
            </div>
        </div>
        <div class="right bgRed">
            <div>
                <i class="fa fa-truck fa-flip-horizontal"></i>
                <a class="button bgYellow white" href="../delivery-prices.html">Delivery prices</a>
                
                    <h3>Home delivery:</h3>
                    <p><b>Monday to Saturday</b></p>
                    <p><b>9:00 to 20:00</b></p>
                    <p><b>Minimum order:</b> 29€</p>
                    <p><b>Delivery starting from:</b> 3,50€</p>
                            </div>
            <ul>
                <li>
                    <a href="../delivery-prices.html">Delivery prices</a>
                </li>
                <li>
                    <a href="../about.html">About</a>
                </li>
                <li>
                    <a href="../faq.html">Faq</a>
                </li>
                <li>
                    <a href="../customer-care.html">Support</a>
                </li>
                <li>
                    <a href="../news.html">Blog</a>
                </li>
                <li>
                    <a href="../terms-and-conditions.html">Conditions</a>
                </li>
                <li>
                    <a href="../privacy-policy.html">Privacy policy</a>
                </li>
                <li>
                    <a href="../legal-warranty.html">Legal guarantee</a>
                </li>
            </ul>
        </div>
    </footer>
    <div class="bgRed"></div>
</div>
<!--Start of Tawk.to Script-->
<script data-cfasync="false" src="../cdn-cgi/scripts/5c5dd728/cloudflare-static/email-decode.min.js"></script><script type="text/javascript">
var Tawk_API=Tawk_API||{}, Tawk_LoadStart=new Date();
(function(){
var s1=document.createElement("script"),s0=document.getElementsByTagName("script")[0];
s1.async=true;
s1.src='https://embed.tawk.to/59e86945c28eca75e4626ed9/default';
s1.charset='UTF-8';
s1.setAttribute('crossorigin','*');
s0.parentNode.insertBefore(s1,s0);
})();
</script>
<!--End of Tawk.to Script-->

<!-- Here are parked a few translatable strings, useful for Javascript rendering -->
<div id="js-texts" hidden>
    <input type="hidden" name="save_cart_notice" value="Saving your cart it will be possible to reload it next time you come for shopping">
    <input type="hidden" name="save_cart_notice_title" value="Want to save your cart?">
    <input type="hidden" name="save_cart_ok" value="Save">
    <input type="hidden" name="save_cart_ko" value="Don't Save">
    <input type="hidden" name="reload_cart" value="The Reload Order function allows you to top up your last cart to make a New Order. Warning: do not use this function to add products to the last order. At this time it is not possible to modify an order placed previously.">
</div>

<!-- new site and login popup -->
</body>
<!-- Mirrored from www.spesati.com/sweets/pastry by HTTrack Website Copier/3.x [XR&CO'2014], Fri, 23 Feb 2024 18:40:28 GMT -->
</html>