<!DOCTYPE html><html lang="en">
<!-- Mirrored from www.spesati.com/bread-and-pasta/crackers by HTTrack Website Copier/3.x [XR&CO'2014], Fri, 23 Feb 2024 17:48:20 GMT -->
<!-- Added by HTTrack --><meta http-equiv="content-type" content="text/html;charset=utf-8" /><!-- /Added by HTTrack -->
<head>
    <title>Crackers - Bread and pasta - Spesati.com</title>
    <meta http-equiv="Content-Type" content="text/html; charset=UTF-8" />
    <meta name="description" content="" />
    <meta name="keywords" content="" />
    <link href="../images/favicon.ico" rel="shortcut icon" type="image/x-icon" />
    <meta name="author" content="www.dodify.com" /><link rel="canonical" href="crackers.html" /><link rel="alternate" hreflang="en" href="crackers.html" /><link rel="alternate" hreflang="it" href="https://www.spesati.it/pane-e-pasta/cracker-e-derivati" /><link href="../../cdnjs.cloudflare.com/ajax/libs/meyer-reset/2.0/reset.min.css" rel="stylesheet" type="text/css" /><link href="../../cdnjs.cloudflare.com/ajax/libs/font-awesome/6.5.1/css/all.min.css" rel="stylesheet" type="text/css" /><link href="https://fonts.googleapis.com/css?family=Montserrat:400,700" rel="stylesheet" type="text/css" /><link href="../../cdnjs.cloudflare.com/ajax/libs/fancybox/2.1.5/jquery.fancybox.min.css" rel="stylesheet" type="text/css" /><link href="../style/mainbea6.css?v=7" rel="stylesheet" type="text/css" /><link href="../style/lightslider.css" rel="stylesheet" type="text/css" /><link href="../style/categories.css" rel="stylesheet" type="text/css" /><script src="../../cdnjs.cloudflare.com/ajax/libs/jquery/3.6.1/jquery.min.js" type="text/javascript"></script><script src="../../ajax.googleapis.com/ajax/libs/jquery/1.11.0/jquery.min.js" type="text/javascript"></script><script src="http://unpkg.com/@floating-ui/core@0.4.0" type="text/javascript"></script><script src="http://unpkg.com/@floating-ui/dom@0.2.0" type="text/javascript"></script><script src="../../cdnjs.cloudflare.com/ajax/libs/fancybox/2.1.5/jquery.fancybox.min.js" type="text/javascript"></script><script src="../js/menu.js" type="text/javascript"></script><script src="../js/interfaceb6f5.js?v=10" type="text/javascript"></script><script src="../js/spesati.lightslider.min.js" type="text/javascript"></script><meta name="viewport" content="width=device-width, initial-scale=1, maximum-scale=1" /><meta name = "format-detection" content = "telephone=no">
<!-- Facebook Pixel Code -->
<script>
  !function(f,b,e,v,n,t,s)
  {if(f.fbq)return;n=f.fbq=function(){n.callMethod?
  n.callMethod.apply(n,arguments):n.queue.push(arguments)};
  if(!f._fbq)f._fbq=n;n.push=n;n.loaded=!0;n.version='2.0';
  n.queue=[];t=b.createElement(e);t.async=!0;
  t.src=v;s=b.getElementsByTagName(e)[0];
  s.parentNode.insertBefore(t,s)}(window, document,'script',
  '../../connect.facebook.net/en_US/fbevents.js');
  fbq('init', '792335014180667');
  fbq('track', 'PageView');
</script>
<noscript>
    <img height="1" width="1" style="display:none" src="https://www.facebook.com/tr?id=792335014180667&amp;ev=PageView&amp;noscript=1" />
</noscript>
<!-- End Facebook Pixel Code -->

<!-- GA4 -->
<script async src="https://www.googletagmanager.com/gtag/js?id=G-SSS6NRNXL0"></script>
<script>
  window.dataLayer = window.dataLayer || [];
  function gtag(){dataLayer.push(arguments);}
  gtag('js', new Date());
  gtag('config', 'AW-976671669');
  gtag('config', 'G-SSS6NRNXL0');
</script>
<!-- Elements for PWA deploy -->
<link rel="manifest" href="../manifest.json">
<meta name="theme-color" media="(prefers-color-scheme: light)" content="white">
<meta name="theme-color" media="(prefers-color-scheme: dark)"  content="black">
<link href=../images/icon-192.png rel=apple-touch-icon sizes="192x192">
<!-- Establishment logic -->
<script>var pageEstablishment = "Olbia"; var estDefaultPages = true</script>
    <!--[if lt IE 9]>
        <script src="https://cdnjs.cloudflare.com/ajax/libs/html5shiv/3.7.3/html5shiv.min.js" type="text/javascript"></script>
    <![endif]--><script type="text/javascript">
$(document).ready(function() {
    // Check if exists cookie
    if(document.cookie.indexOf("cookieAccepted") < 0) {
        var cookieText = '<div id=\"cookie\"><p>This site uses cookies. Cookies are used for ads personalisation. <a href=\"/privacy-policy\">More info</a></p><button id=\"cookieConsent\" type=\"button\">Accept</button></div>';
        $("body").append($(
            cookieText
        ));
        $('#cookie').css({
            'width'           : '100%',
            'text-align'      : 'center',
            'color'           : '#FFFFFF',
            'background-color': '#000000', 
            'opacity'         : '.8', 
            'position'        : 'fixed', 
            'bottom'          : '0',
            'padding'         : '.5em 0',
            'z-index'         : '999'
        });
        $('#cookie > *').css({
            'display': 'inline'
        });
        $('#cookie a').css({
            'color'          : '#FFFFFF',
            'text-decoration': 'underline',
            'margin-right'   : '2%'
        });
        $('#cookieConsent').click(function() {
            // Set cookie
            var expiry = new Date();
            expiry.setTime(expiry.getTime() + (365 * 24 * 60 * 60 * 1000));
            document.cookie = "cookieAccepted=yes; expires=" + expiry.toGMTString() + "; path=/; domain=.spesati.com";
            $('#cookie').css({'display': 'none'});
        });
    }
});
</script></head><body><script type="text/javascript">
    var addText = "Add";
    var slider  = null;
    $(document).ready(function() {
        slider = $('#cartSlider').lightSlider({
            controls: false,
            item:13,
            loop:false,
            slideMove:1,
            easing: 'cubic-bezier(0.25, 0, 0.25, 1)',
            speed:600,
            responsive : [
                {
                    breakpoint:1400,
                    settings: {
                        item:12,
                        slideMove:1,
                    }
                },
                {
                    breakpoint:1200,
                    settings: {
                        item:11,
                        slideMove:1,
                    }
                },
                {
                    breakpoint:1080,
                    settings: {
                        item:14,
                        slideMove:1,
                    }
                },
                {
                    breakpoint:800,
                    settings: {
                        item:12,
                        slideMove:1,
                    }
                }
            ]
        });
        $('.lSPager').css("display","none");
        $('.lSAction').css("display","block");
        $('#goToPrevSlide').on('click', function () {
            slider.goToPrevSlide();
        });
        $('#goToNextSlide').on('click', function () {
            slider.goToNextSlide();
        });
    });

</script>
<div id="header" class="bgYellow">
    <header>
        <a class="menu" href="#"><i class="fa red fa-bars fa-2x"></i></a>
        <a id="logo" class="colLeft estDynamic" href="../index.html">
            <img src="../../cdn.spesati.com/images/layout/logo-eng.png" alt="Spesati.com" />
            <h2 class="red">Grocery Delivery</h2>
        </a>
        <div class="colRight">
            <div id="controls" class="right">
                <p id="establishmentControls">
                    <span class="establishmentWarning"><i class="fa-solid fa-triangle-exclamation red" title="Stai visualizzando i prodotti disponibili in una zona diversa. Se vuoi cambiare zona, cliccan qui"></i>&nbsp;&nbsp;</span>
                    Shopping from <b><a id="establishment" href="#"></a></b> <span id="estAddress">for </span> <a href="../change-establishment.html">(<i class="fa-solid fa-pencil"></i> Change)</a> <span class="establishmentWarning">but viewing <b>Olbia</b></span>
                </p>
                <p><a href="https://www.spesati.it/pane-e-pasta/cracker-e-derivati" class="black switch-site">Versione italiana</a></p>                
            </div>
            <div>
                <form id="search" action="https://www.spesati.com/search" method="post" class="left">
                    <fieldset>
                        <div>
                            <input type="text" name="searchBox" id="searchBox" placeholder="Search for a product"></input>
                            <input id="searchButton" type="submit" name="searchButton" class="button bgRed white left" value="Find" />
                        </div>
                    </fieldset>
                </form>
                <div class="center left">
                    <a class="button bgRed white log-in" href="../login.html">Login</a>
                    <a class="button bgRed white sign-up" href="../sign-up.html">Sign up</a>
                    <a class="button bgRed white profile" href="../profile.html">Profile</a>
                    <a class="button bgRed white log-out" href="../index.html" data-endpoint-check-cart="https://api.spesati.com/cart/check">Logout</a>
                </div>
                <div class="right user-function-icons">
                    <a class="red left account"><i class="fa fa-user fa-3x"></i></a>
                    <div id="dropdown">
                        <a class="log-in button bgRed white" href="../login.html">Login</a>
                        <a class="sign-up button bgRed white" href="../sign-up.html">Sign up</a>
                        <a class="profile button bgRed white" href="../profile.html">Profile</a>
                        <a class="log-out button bgRed white" href="../index.html">Logout</a>
                    </div>

                    <div class="cart left">
                        <i class="fa fa-sm fa-shopping-cart red" aria-hidden="true" id="shipping-cart-button"></i>
                        <p id="cartQuantity"></p>
                    </div>

                    <a class="right" href="../cart.html"><p class="black" id="cartTotal"></p></a>
                </div>
            </div>
                            <div id="previewCart">
                    <i id="goToPrevSlide" class="yellow fa fa-angle-left fa-2x" aria-hidden="true"></i>
                    <div><ul id="cartSlider"></ul></div>
                    <i id="goToNextSlide" class="yellow fa fa-angle-right fa-2x" aria-hidden="true"></i>
                </div>
                    </div>
    </header>

    <div id="shipping-cart-options" data-inited="false">
        <a href="../cart.html" class="goto-cart">checkout</a>
        <a href="#" data-endpoint-auth="https://api.spesati.com/cart/save" data-endpoint-noauth="/login" class="save-cart">save</a>
        <a href="#" data-endpoint-auth="https://api.spesati.com/cart/load" class="load-cart">load</a>
    </div>
</div>
<div id="menuCategoriesMobile" class="mobile bgRed">
    <div class="closeMenu">
        <i class="fa fa-times fa-2x white"></i>
        Close
    </div>
    <ul class="bgRed white">
        <div id="langMobile" class="right">
        <a href="https://www.spesati.it/pane-e-pasta/cracker-e-derivati" class="white switch-site"><p>Versione italiana</p></a>    </div>
        <li><a>Categories</a>
            <ul class="bgWhite">
                <li>
                    <img src="../../cdn.spesati.com/images/menu/on-sale.png"/>
                    On sale                    <i class="fa fa-angle-down" aria-hidden="true"></i>
                    <ul class="sub-menu">
                    <li>
    <a href="../tacchino-fesa-a-fette.html">Tacchino Fesa A Fette</a>
</li><li>
    <a href="../amaro-montenegro-15lt.html">Amaro Montenegro 1,5lt</a>
</li><li>
    <a href="../carbone-di-legna-sacco-10kg.html">Carbone Di Legna Sacco 10Kg</a>
</li><li>
    <a href="../filu-e-ferru-silvio-carta-70cl.html">Filu E Ferru Silvio Carta 70Cl</a>
</li><li>
    <a href="../braciole-suino-con-cotenna.html">Braciole Suino Con Cotenna</a>
</li><li>
    <a href="../bovino-adulto-polpa.html">Bovino Adulto Polpa</a>
</li><li>
    <a href="../vino-la-palma-cannonau-le-bombarde.html">Vino La Palma Cannonau Le Bombarde</a>
</li><li>
    <a href="../fettine-sceltissime-bovino-adulto.html">Fettine Sceltissime Bovino Adulto</a>
</li><li>
    <a href="../suino-fettine-scelte.html">Suino Fettine Scelte</a>
</li><li>
    <a href="../lavazza-caffe-qualita-rossa-2x250gr.html">Lavazza Caffé Qualità Rossa 2x250gr</a>
</li>                        <li>
                            <a class="estDynamic" href="../on-offer.html">All products on sale</a>
                        </li>
                    </ul>
                </li>
                <li>
                    <img src="../../cdn.spesati.com/images/menu/gift.png"/>
                    Gifts                    <i class="fa fa-angle-down" aria-hidden="true"></i>
                    <ul class="sub-menu">
                        <li>
    <a href="../gift-card-da-150.html">Gift Card Da 150</a>
</li><li>
    <a href="../gift-card-da-100.html">Gift Card Da 100</a>
</li><li>
    <a href="../gift-card-da-50.html">Gift Card Da 50</a>
</li><li>
    <a href="../gift-card-da-25.html">Gift Card Da 25</a>
</li>                        <li>
                            <a class="estDynamic" href="../gift.html">All products in the gifts category</a>
                        </li>
                    </ul>
                </li>
                <li>
                    <img src="../../cdn.spesati.com/images/menu/gift-card.png"/>
                    Gift card and discounts                    <i class="fa fa-angle-down" aria-hidden="true"></i>
                    <ul class="sub-menu">
                        <li>
    <a href="../gift-card-da-150.html">Gift Card Da 150</a>
</li><li>
    <a href="../gift-card-da-100.html">Gift Card Da 100</a>
</li><li>
    <a href="../gift-card-da-50.html">Gift Card Da 50</a>
</li><li>
    <a href="../gift-card-da-25.html">Gift Card Da 25</a>
</li>                    </ul>
                </li>
                <li>
                    <img src="../../cdn.spesati.com/images/menu/fuit-and-vegetables.png"/>
                    Fruit and vegetables                    <i class="fa fa-angle-down" aria-hidden="true"></i>
                    <ul class="sub-menu">
                        <li>
                            <a class="estDynamic" href="../fruit-and-vegetables/pulses-and-beans.html">Cereals and pulses and beans</a>
                        </li>
                        <li>
                            <a class="estDynamic" href="../fruit-and-vegetables/fruit.html">Fruit</a>
                        </li>
                        <li>
                            <a class="estDynamic" href="../fruit-and-vegetables/canned-fruit.html">Canned fruit</a>
                        </li>
                        <li>
                            <a class="estDynamic" href="../fruit-and-vegetables/dried-fruit.html">Dried fruit</a>
                        </li>
                        <li>
                            <a class="estDynamic" href="../fruit-and-vegetables/ready-salads.html">Ready salads</a>
                        </li>
                        <li>
                            <a class="estDynamic" href="../fruit-and-vegetables/fresh-spices.html">Fresh spices</a>
                        </li>
                        <li>
                            <a class="estDynamic" href="../fruit-and-vegetables/vegetables.html">Vegetables and soy</a>
                        </li>
                    </ul>
                </li>
                <li>
                    <img src="../../cdn.spesati.com/images/menu/fresh-products.png"/>
                    Fresh products                    <i class="fa fa-angle-down" aria-hidden="true"></i>
                    <ul class="sub-menu">
                        <li>
                            <a class="estDynamic" href="../fresh-products/margarine-and-butter.html">Butter and margarine</a>
                        </li>
                        <li>
                            <a class="estDynamic" href="../fresh-products/danone.html">Danone</a>
                        </li>
                        <li>
                            <a class="estDynamic" href="../fresh-products/dessert.html">Dessert</a>
                        </li>
                        <li>
                            <a class="estDynamic" href="../fresh-products/sweets.html">Sweets</a>
                        </li>
                        <li>
                            <a class="estDynamic" href="../fresh-products/dairy-products.html">Dairy product</a>
                        </li>
                        <li>
                            <a class="estDynamic" href="../fresh-products/bakery.html">Yeast</a>
                        </li>
                        <li>
                            <a class="estDynamic" href="../fresh-products/mascarpone.html">Mascarpone</a>
                        </li>
                        <li>
                            <a class="estDynamic" href="../fresh-products/snacks.html">Snacks</a>
                        </li>
                        <li>
                            <a class="estDynamic" href="../fresh-products/mozzarella.html">Mozzarella</a>
                        </li>
                        <li>
                            <a class="estDynamic" href="../fresh-products/pasta.html">Pasta</a>
                        </li>
                        <li>
                            <a class="estDynamic" href="../fresh-products/pesto-and-sauces.html">Pesto and sauces</a>
                        </li>
                        <li>
                            <a class="estDynamic" href="../fresh-products/ricotta-and-cheese.html">Ricotta and cheese</a>
                        </li>
                        <li>
                            <a class="estDynamic" href="../fresh-products/cured-meat.html">Cured meat</a>
                        </li>
                        <li>
                            <a class="estDynamic" href="../fresh-products/wurstel.html">Würstel</a>
                        </li>
                        <li>
                            <a class="estDynamic" href="../fresh-products/yogurt.html">Yogurt</a>
                        </li>
                    </ul>
                </li>
                <li>
                    <img src="../../cdn.spesati.com/images/menu/frozen-foods.png"/>
                    Frozen foods                    <i class="fa fa-angle-down" aria-hidden="true"></i>
                    <ul class="sub-menu">
                        <li>
                            <a class="estDynamic" href="../frozen-foods/meat.html">Meat</a>
                        </li>
                        <li>
                            <a class="estDynamic" href="../frozen-foods/ice-creams.html">Ice cream and sweet</a>
                        </li>
                        <li>
                            <a class="estDynamic" href="../frozen-foods/pasta.html">Pasta</a>
                        </li>
                        <li>
                            <a class="estDynamic" href="../frozen-foods/fish.html">Fish</a>
                        </li>
                        <li>
                            <a class="estDynamic" href="../frozen-foods/ready-meals.html">Ready meals</a>
                        </li>
                        <li>
                            <a class="estDynamic" href="../frozen-foods/pizzas.html">Pizzas</a>
                        </li>
                        <li>
                            <a class="estDynamic" href="../frozen-foods/vegetables.html">Vegetables and soy</a>
                        </li>
                    </ul>
                </li>
                <li>
                    <img src="../../cdn.spesati.com/images/menu/bread-and-pasta.png"/>
                    Bread and pasta                    <i class="fa fa-angle-down" aria-hidden="true"></i>
                    <ul class="sub-menu">
                        <li>
                            <a class="estDynamic" href="crackers.html">Crackers</a>
                        </li>
                        <li>
                            <a class="estDynamic" href="rusks.html">Rusks</a>
                        </li>
                        <li>
                            <a class="estDynamic" href="white-bread.html">White bread</a>
                        </li>
                        <li>
                            <a class="estDynamic" href="local-bread.html">Local bread</a>
                        </li>
                        <li>
                            <a class="estDynamic" href="soft-bread.html">Soft bread</a>
                        </li>
                        <li>
                            <a class="estDynamic" href="sardinian-bread.html">Sardinian bread</a>
                        </li>
                        <li>
                            <a class="estDynamic" href="bakery.html">Bakery</a>
                        </li>
                        <li>
                            <a class="estDynamic" href="pasta.html">Pasta</a>
                        </li>
                        <li>
                            <a class="estDynamic" href="fresh-pasta.html">Fresh pasta</a>
                        </li>
                    </ul>
                </li>
                <li>
                    <img src="../../cdn.spesati.com/images/menu/meat.png"/>
                    Meat                    <i class="fa fa-angle-down" aria-hidden="true"></i>
                    <ul class="sub-menu">
                        <li>
                            <a class="estDynamic" href="../meat/beef.html">Beef</a>
                        </li>
                        <li>
                            <a class="estDynamic" href="../meat/goat.html">Goat</a>
                        </li>
                        <li>
                            <a class="estDynamic" href="../meat/packaged-meat.html">Packaged meat</a>
                        </li>
                        <li>
                            <a class="estDynamic" href="../meat/rabbit.html">Rabbit</a>
                        </li>
                        <li>
                            <a class="estDynamic" href="../meat/horse.html">Horse</a>
                        </li>
                        <li>
                            <a class="estDynamic" href="../meat/pork.html">Pork</a>
                        </li>
                        <li>
                            <a class="estDynamic" href="../meat/lamb.html">Lamb</a>
                        </li>
                        <li>
                            <a class="estDynamic" href="../meat/poultry.html">Poultry</a>
                        </li>
                    </ul>
                </li>
                <li>
                    <img src="../../cdn.spesati.com/images/menu/fish.png"/>
                    Fish                    <i class="fa fa-angle-down" aria-hidden="true"></i>
                    <ul class="sub-menu">
                        <li>
                            <a class="estDynamic" href="../fish/fresh-water.html">Fresh water</a>
                        </li>
                        <li>
                            <a class="estDynamic" href="../fish/salt-water.html">Salt water</a>
                        </li>
                        <li>
                            <a class="estDynamic" href="../fish/mussels.html">Mussels</a>
                        </li>
                        <li>
                            <a class="estDynamic" href="../fish/dried-and-salted.html">Dried and salted</a>
                        </li>
                        <li>
                            <a class="estDynamic" href="../fish/seafood-salad.html">Seafood salad</a>
                        </li>
                        <li>
                            <a class="estDynamic" href="../fish/prepared.html">Prepared</a>
                        </li>
                        <li>
                            <a class="estDynamic" href="../fish/specialty.html">Specialty</a>
                        </li>   
                        <li>
                            <a class="estDynamic" href="../fish/tuna-and-salmon.html">Tuna and salmon</a>
                        </li>
                    </ul>
                </li>
                <li>
                    <img src="../../cdn.spesati.com/images/menu/alcohol.png"/>
                    Wine beer and spirits                    <i class="fa fa-angle-down" aria-hidden="true"></i>
                    <ul class="sub-menu">
                        <li>
                            <a class="estDynamic" href="../wine-beer-and-spirits/spirits-and-liquors.html">Alcohol</a>
                        </li>
                        <li>
                            <a class="estDynamic" href="../wine-beer-and-spirits/bitters.html">Bitters</a>
                        </li>
                        <li>
                            <a class="estDynamic" href="../wine-beer-and-spirits/aperatif.html">Aperatifs</a>
                        </li>
                        <li>
                            <a class="estDynamic" href="../wine-beer-and-spirits/beer.html">Beer</a>
                        </li>
                        <li>
                            <a class="estDynamic" href="../wine-beer-and-spirits/creams.html">Creams</a>
                        </li>
                        <li>
                            <a class="estDynamic" href="../wine-beer-and-spirits/spirits.html">Spirits</a>
                        </li>
                        <li>
                            <a class="estDynamic" href="../wine-beer-and-spirits/liquors.html">Liquors</a>
                        </li>
                        <li>
                            <a class="estDynamic" href="../wine-beer-and-spirits/white-wine.html">White wine</a>
                        </li>
                        <li>
                            <a class="estDynamic" href="../wine-beer-and-spirits/prosecco-wine.html">Prosecco wine</a>
                        </li>
                        <li>
                            <a class="estDynamic" href="../wine-beer-and-spirits/rose-wine.html">Rose wine</a>
                        </li>
                        <li>
                            <a class="estDynamic" href="../wine-beer-and-spirits/red-wine.html">Red wine</a>
                        </li>
                        <li>
                            <a class="estDynamic" href="../wine-beer-and-spirits/specialty-wine.html">Special wine</a>
                        </li>
                        <li>
                            <a class="estDynamic" href="../wine-beer-and-spirits/sparkling-wine.html">Sparkling wine</a>
                        </li>
                        <li>
                            <a class="estDynamic" href="../wine-beer-and-spirits/vermentino-wine.html">Vermentino wine</a>
                        </li>
                    </ul>
                </li>
                <li>
                    <img src="../../cdn.spesati.com/images/menu/water-and-drinks.png"/>
                    Water and drinks                    <i class="fa fa-angle-down" aria-hidden="true"></i>
                    <ul class="sub-menu">
                        <li>
                            <a class="estDynamic" href="../water-and-drinks/san-martino.html">San Martino</a>
                        </li>
                        <li>
                            <a class="estDynamic" href="../water-and-drinks/water.html">Water</a>
                        </li>
                        <li>
                            <a class="estDynamic" href="../water-and-drinks/alpro.html">Alpro</a>
                        </li>
                        <li>
                            <a class="estDynamic" href="../water-and-drinks/fizzy-drinks.html">Fizzy drinks</a>
                        </li>
                        <li>
                            <a class="estDynamic" href="../water-and-drinks/coca-cola.html">Coca-Cola</a>
                        </li>
                        <li>
                            <a class="estDynamic" href="../water-and-drinks/energy-drink.html">Energy drink</a>
                        </li>
                        <li>
                            <a class="estDynamic" href="../water-and-drinks/syrups.html">Syrups</a>
                        </li>
                        <li>
                            <a class="estDynamic" href="../water-and-drinks/supplements.html">Supplements</a>
                        </li>
                        <li>
                            <a class="estDynamic" href="../water-and-drinks/instant-drinks.html">Instant drinks</a>
                        </li>
                        <li>
                            <a class="estDynamic" href="../water-and-drinks/juice.html">Juice</a>
                        </li>
                        <li>
                            <a class="estDynamic" href="../water-and-drinks/tea.html">Tea</a>
                        </li>
                    </ul>
                </li>
                <li>
                    <img src="../../cdn.spesati.com/images/menu/sweets.png"/>
                    Sweets                    <i class="fa fa-angle-down" aria-hidden="true"></i>
                    <ul class="sub-menu">
                        <li>
                            <a class="estDynamic" href="../sweets/bars-and-snacks.html">Bars and snacks</a>
                        </li>
                        <li>
                            <a class="estDynamic" href="../sweets/biscuits.html">Biscuits</a>
                        </li>
                        <li>
                            <a class="estDynamic" href="../sweets/brioches.html">Brioches</a>
                        </li>
                        <li>
                            <a class="estDynamic" href="../sweets/candy-and-chewing-gum.html">Candy and chewing gum</a>
                        </li>
                        <li>
                            <a class="estDynamic" href="../sweets/cereals.html">Cereals</a>
                        </li>
                        <li>
                            <a class="estDynamic" href="../sweets/chocolate.html">Chocolate</a>
                        </li>
                        <li>
                            <a class="estDynamic" href="../sweets/spreadable-creams.html">Spreads</a>
                        </li>
                        <li>
                            <a class="estDynamic" href="../sweets/dessert-toppings.html">Dessert toppings</a>
                        </li>
                        <li>
                            <a class="estDynamic" href="../sweets/jam.html">Jam</a>
                        </li>
                        <li>
                            <a class="estDynamic" href="../sweets/honey.html">Honey</a>
                        </li>
                        <li>
                            <a class="estDynamic" href="../sweets/panettoni-and-pandoro.html">Panettone and pandoro</a>
                        </li>
                        <li>
                            <a class="estDynamic" href="../sweets/pastry.html">Pastry</a>
                        </li>
                        <li>
                            <a class="estDynamic" href="../sweets/instant-dessert.html">Prepared</a>
                        </li>
                        <li>
                            <a class="estDynamic" href="../sweets/cakes-and-pies.html">Cakes and pies</a>
                        </li>
                        <li>
                            <a class="estDynamic" href="../sweets/easter-eggs-and-doves.html">Easter eggs and doves</a>
                        </li>
                    </ul>
                </li>
                <li>
                    <img src="../../cdn.spesati.com/images/menu/shelf.png"/>
                    Cupboard                    <i class="fa fa-angle-down" aria-hidden="true"></i>
                    <ul class="sub-menu">
                        <li>
                            <a class="estDynamic" href="../shelf/coffee.html">Coffee</a>
                        </li>
                        <li>
                            <a class="estDynamic" href="../shelf/gift-baskets.html">Gift baskets</a>
                        </li>
                        <li>
                            <a class="estDynamic" href="../shelf/stock-cubes.html">Nuts and preparations</a>
                        </li>
                        <li>
                            <a class="estDynamic" href="../shelf/flour-and-baking.html">Flour and baking</a>
                        </li>
                        <li>
                            <a class="estDynamic" href="../shelf/milk.html">Milk</a>
                        </li>
                        <li>
                            <a class="estDynamic" href="../shelf/oil-salt-vinegar.html">Oil, vinegar and salt</a>
                        </li>
                        <li>
                            <a class="estDynamic" href="../shelf/cream-and-bechamel.html">Cream and bechamel</a>
                        </li>
                        <li>
                            <a class="estDynamic" href="../shelf/crisps-and-pretzels.html">Crisps and pretzels</a>
                        </li>
                        <li>
                            <a class="estDynamic" href="../shelf/baby-and-infants-products.html">Early childhood products</a>
                        </li>
                        <li>
                            <a class="estDynamic" href="../shelf/rice.html">Rice</a>
                        </li>
                        <li>
                            <a class="estDynamic" href="../shelf/tins-and-preserves.html">Tins and Preserves</a>
                        </li>
                        <li>
                            <a class="estDynamic" href="../shelf/spices.html">Spices</a>
                        </li>
                        <li>
                            <a class="estDynamic" href="../shelf/sauces.html">Sauces</a>
                        </li>
                        <li>
                            <a class="estDynamic" href="../shelf/tea-and-infusions.html">Tea and infusions</a>
                        </li>
                        <li>
                            <a class="estDynamic" href="../shelf/eggs.html">Eggs</a>
                        </li>
                        <li>
                            <a class="estDynamic" href="../shelf/sugar-and-sweeteners.html">Sugar and sweeteners</a>
                        </li>
                    </ul>
                </li>
                <li>
                    <img src="../../cdn.spesati.com/images/menu/personal-care.png"/>
                    Personal care                    <i class="fa fa-angle-down" aria-hidden="true"></i>
                    <ul class="sub-menu">
                        <li>
                            <a class="estDynamic" href="../personal-care/accessories-and-cotton.html">Accessories and cotton</a>
                        </li>
                        <li>
                            <a class="estDynamic" href="../personal-care/feminine-care-incontinence-and-baby-diapers.html">Feminine incontinence and diapers</a>
                        </li>
                        <li>
                            <a class="estDynamic" href="../personal-care/shower-gel.html">Shower gel</a>
                        </li>
                        <li>
                            <a class="estDynamic" href="../personal-care/creams.html">Creams</a>
                        </li>
                        <li>
                            <a class="estDynamic" href="../personal-care/deodorant.html">Deodorant</a>
                        </li>
                        <li>
                            <a class="estDynamic" href="../personal-care/hair-removal.html">Hair removal</a>
                        </li>
                        <li>
                            <a class="estDynamic" href="../personal-care/disinfectants.html">Disinfectants</a>
                        </li>
                        <li>
                            <a class="estDynamic" href="../personal-care/oral-hygiene.html">Oral hygiene</a>
                        </li>
                        <li>
                            <a class="estDynamic" href="../personal-care/supplements-and-multivitamins.html">Supplements and multivitamins</a>
                        </li>
                        <li>
                            <a class="estDynamic" href="../personal-care/first-aid.html">First aid label</a>
                        </li>
                        <li>
                            <a class="estDynamic" href="../personal-care/beard-products.html">Beard products</a>
                        </li>
                        <li>
                            <a class="estDynamic" href="../personal-care/hairs-products.html">Hair products</a>
                        </li>
                        <li>
                            <a class="estDynamic" href="../personal-care/perfume.html">Perfumes</a>
                        </li>
                        <li>
                            <a class="estDynamic" href="../personal-care/wipes.html">Wipes</a>
                        </li>
                        <li>
                            <a class="estDynamic" href="../personal-care/soaps-and-body-wash.html">Soaps and body wash</a>
                        </li>
                        <li>
                            <a class="estDynamic" href="../personal-care/shampoo-and-conditioner.html">Shampoo and conditioner</a>
                        </li>
                    </ul>
                </li>
                <li>
                    <img src="../../cdn.spesati.com/images/menu/pellet-and-home.png"/>
                    Home and outdoors                    <i class="fa fa-angle-down" aria-hidden="true"></i>
                    <ul class="sub-menu">
                        <li>
                            <a class="estDynamic" href="../household-and-outdoors/distilled-water.html">Distilled water</a>
                        </li>
                        <li>
                            <a class="estDynamic" href="../household-and-outdoors/car-products.html">Cars</a>
                        </li>
                        <li>
                            <a class="estDynamic" href="../household-and-outdoors/bin-bags-and-buckets.html">Bin bags and buckets</a>
                        </li>
                        <li>
                            <a class="estDynamic" href="../household-and-outdoors/bleach-and-stain-removers.html">Bleach and stain removers</a>
                        </li>
                        <li>
                            <a class="estDynamic" href="../household-and-outdoors/candles.html">Candles</a>
                        </li>
                        <li>
                            <a class="estDynamic" href="../household-and-outdoors/kitchen-roll.html">Kitchen roll</a>
                        </li>
                        <li>
                            <a class="estDynamic" href="../household-and-outdoors/air-fresheners.html">Air fresheners</a>
                        </li>
                        <li>
                            <a class="estDynamic" href="../household-and-outdoors/laundry-accessories-and-detergent.html">Laundry detergent</a>
                        </li>
                        <li>
                            <a class="estDynamic" href="../household-and-outdoors/dishwasher-and-washing-up.html">Dishwasher and washing up</a>
                        </li>
                        <li>
                            <a class="estDynamic" href="../household-and-outdoors/gardening.html">Gardening</a>
                        </li>
                        <li>
                            <a class="estDynamic" href="../household-and-outdoors/light-bulbs-and-batteries.html">Lightbulbs and batteries</a>
                        </li>
                        <li>
                            <a class="estDynamic" href="../household-and-outdoors/pellet-and-bbq.html">Pellet and BBQ</a>
                        </li>
                        <li>
                            <a class="estDynamic" href="../household-and-outdoors/bathroom-products.html">Bathroom products</a>
                        </li>
                        <li>
                            <a class="estDynamic" href="../household-and-outdoors/home-and-furniture-products.html">Home and furniture products</a>
                        </li>
                        <li>
                            <a class="estDynamic" href="../household-and-outdoors/kitchen-products.html">Kitchen products</a>
                        </li>
                        <li>
                            <a class="estDynamic" href="../household-and-outdoors/window-and-floor-cleaners.html">Window and floor cleaner</a>
                        </li>
                        <li>
                            <a class="estDynamic" href="../household-and-outdoors/repellents.html">Repellents</a>
                        </li>
                        <li>
                            <a class="estDynamic" href="../household-and-outdoors/disposable-tableware.html">Disposable tableware</a>
                        </li>
                    </ul>
                </li>
                <li>
                    <img src="../../cdn.spesati.com/images/menu/animals.png"/>
                    Pets                    <i class="fa fa-angle-down" aria-hidden="true"></i>
                    <ul class="sub-menu">
                        <li>
                            <a class="estDynamic" href="../pets/pet-food-other-animals.html">Other animals pet food</a>
                        </li>
                        <li>
                            <a class="estDynamic" href="../pets/pet-food-dogs.html">Pet food dogs</a>
                        </li>
                        <li>
                            <a class="estDynamic" href="../pets/pet-food-cats.html">Pet food cats</a>
                        </li>
                        <li>
                            <a class="estDynamic" href="../pets/hygiene-and-cleaning.html">Hygiene and cleaning</a>
                        </li>
                    </ul>
                </li>
                <li>
                    <img src="../../cdn.spesati.com/images/menu/technology.png"/>
                    Technology                    <i class="fa fa-angle-down" aria-hidden="true"></i>
                    <ul class="sub-menu">
                        <li>
                            <a class="estDynamic" href="../technology/accessories.html">Accessories</a>
                        </li>
                        <li>
                            <a class="estDynamic" href="../technology/computer.html">Computer</a>
                        </li>
                        <li>
                            <a class="estDynamic" href="../technology/telephones.html">Telephones</a>
                        </li>
                        <li>
                            <a class="estDynamic" href="../technology/tv.html">TV</a>
                        </li>
                    </ul>
                </li>
                <li>
                    <img src="../../cdn.spesati.com/images/menu/gluten-free.png"/>
                    Gluten free                    <i class="fa fa-angle-down" aria-hidden="true"></i>
                    <ul class="sub-menu">
                        <li>
                            <a class="estDynamic" href="../gluten-free/frozen-foods.html">Frozen foods</a>
                        </li>
                        <li>
                            <a class="estDynamic" href="../gluten-free/beer.html">Beer</a>
                        </li>
                        <li>
                            <a class="estDynamic" href="../gluten-free/sweets.html">Sweets</a>
                        </li>
                        <li>
                            <a class="estDynamic" href="../gluten-free/bread-and-pasta.html">Bread and pasta</a>
                        </li>
                        <li>
                            <a class="estDynamic" href="../gluten-free/shelf.html">Cupboard</a>
                        </li>
                    </ul>
                </li>
                <li>
                    <img src="../../cdn.spesati.com/images/menu/lactose-free.png"/>
                    Lactose free                    <i class="fa fa-angle-down" aria-hidden="true"></i>
                    <ul class="sub-menu">
                        <li>
                            <a class="estDynamic" href="../lactose-free/frozen-foods.html">Frozen foods</a>
                        </li>
                        <li>
                            <a class="estDynamic" href="../lactose-free/sweets.html">Sweets</a>
                        </li>
                        <li>
                            <a class="estDynamic" href="../lactose-free/dairy-product.html">Dairy product</a>
                        </li>
                        <li>
                            <a class="estDynamic" href="../lactose-free/shelf.html">Cupboard</a>
                        </li>
                    </ul>
                </li>
                <li>
                    <img src="../../cdn.spesati.com/images/menu/special.png"/>
                    Special                    <i class="fa fa-angle-down" aria-hidden="true"></i>
                    <ul class="sub-menu">
                        <li>
                            <a class="estDynamic" href="../special/alpro.html">Alpro</a>
                        </li>
                        <li>
                            <a class="estDynamic" href="../special/organic.html">Biological</a>
                        </li>
                        <li>
                            <a class="estDynamic" href="../special/meat.html">Meat</a>
                        </li>
                        <li>
                            <a class="estDynamic" href="../special/wholegrain.html">Wholegrain</a>
                        </li>
                        <li>
                            <a class="estDynamic" href="../special/bread-and-pasta.html">Bread and pasta</a>
                        </li>
                        <li>
                            <a class="estDynamic" href="../special/vegan.html">Vegan</a>
                        </li>
                    </ul>
                </li>
                <li>
                    <img src="../../cdn.spesati.com/images/menu/sardinian-products.png"/>
                    Sardinian products                    <i class="fa fa-angle-down" aria-hidden="true"></i>
                    <ul class="sub-menu">
                        <li>
                            <a class="estDynamic" href="../sardinian-products/drinks.html">Drinks</a>
                        </li>
                        <li>
                            <a class="estDynamic" href="../sardinian-products/meat.html">Meat</a>
                        </li>
                        <li>
                            <a class="estDynamic" href="../sardinian-products/sweets.html">Sweets</a>
                        </li>
                        <li>
                            <a class="estDynamic" href="../sardinian-products/fruit-and-vegetables.html">Fruit and vegetables</a>
                        </li>
                        <li>
                            <a class="estDynamic" href="../sardinian-products/ichnusa.html">Ichnusa</a>
                        </li>
                        <li>
                            <a class="estDynamic" href="../sardinian-products/dairy-product.html">Dairy product</a>
                        </li>
                        <li>
                            <a class="estDynamic" href="../sardinian-products/bread-and-pasta.html">Bread and pasta</a>
                        </li>
                        <li>
                            <a class="estDynamic" href="../sardinian-products/fish.html">Fish</a>
                        </li>
                        <li>
                            <a class="estDynamic" href="../sardinian-products/cured-meat.html">Cured meat</a>
                        </li>
                        <li>
                            <a class="estDynamic" href="../sardinian-products/shelf.html">Cupboard</a>
                        </li>
                        <li>
                            <a class="estDynamic" href="../sardinian-products/vermentino-wine.html">Vermentino wine</a>
                        </li>
                        <li>
                            <a class="estDynamic" href="../sardinian-products/wine-beer-and-spirits.html">Wine beer and spirits</a>
                        </li>
                    </ul>
                </li>
            </ul>
        </li>
        <li>
            <a href="../about.html">About</a>
        </li>
        <li>
            <a href="../faq.html">Faq</a>
        </li>
        <li>
            <a href="../customer-care.html">Support</a>
        </li>
        <li>
            <a href="../news.html">Blog</a>
        </li>
        <li>
            <a href="../terms-and-conditions.html">Conditions</a>
        </li>
        <li>
            <a href="../privacy-policy.html">Privacy policy</a>
        </li>
        <li>
            <a href="../login.html">Login</a>
        </li>
        <li>
             <a href="../sign-up.html">Sign up</a>
        </li>
    </ul>
</div><section class="first">
    <div id="menuCategories" class="colLeft">
    <ul id="main_nav" >
        <li>
            <a class="estDynamic" href="../on-offer.html">
               <img src="../../cdn.spesati.com/images/menu/on-sale.png"/>
               On sale            </a>
            <i class="fa fa-angle-right" aria-hidden="true"></i>
            <ul class="sub-menu">
                <li>
    <a href="../tacchino-fesa-a-fette.html" class="estDynamic">Tacchino Fesa A Fette</a>
</li><li>
    <a href="../amaro-montenegro-15lt.html" class="estDynamic">Amaro Montenegro 1,5lt</a>
</li><li>
    <a href="../carbone-di-legna-sacco-10kg.html" class="estDynamic">Carbone Di Legna Sacco 10Kg</a>
</li><li>
    <a href="../filu-e-ferru-silvio-carta-70cl.html" class="estDynamic">Filu E Ferru Silvio Carta 70Cl</a>
</li><li>
    <a href="../braciole-suino-con-cotenna.html" class="estDynamic">Braciole Suino Con Cotenna</a>
</li><li>
    <a href="../bovino-adulto-polpa.html" class="estDynamic">Bovino Adulto Polpa</a>
</li><li>
    <a href="../vino-la-palma-cannonau-le-bombarde.html" class="estDynamic">Vino La Palma Cannonau Le Bombarde</a>
</li><li>
    <a href="../fettine-sceltissime-bovino-adulto.html" class="estDynamic">Fettine Sceltissime Bovino Adulto</a>
</li><li>
    <a href="../suino-fettine-scelte.html" class="estDynamic">Suino Fettine Scelte</a>
</li><li>
    <a href="../lavazza-caffe-qualita-rossa-2x250gr.html" class="estDynamic">Lavazza Caffé Qualità Rossa 2x250gr</a>
</li>                <li>
                    <a class="estDynamic" href="../on-offer.html">All products on sale</a>
                </li>
            </ul>
        </li>
        <li>
            <a class="estDynamic" href="../gift.html">
               <img src="../../cdn.spesati.com/images/menu/gift.png"/>
               Gifts            </a>
            <i class="fa fa-angle-right" aria-hidden="true"></i>
            <ul class="sub-menu">
                <li>
    <a href="../gift-card-da-150.html" class="estDynamic">Gift Card Da 150</a>
</li><li>
    <a href="../gift-card-da-100.html" class="estDynamic">Gift Card Da 100</a>
</li><li>
    <a href="../gift-card-da-50.html" class="estDynamic">Gift Card Da 50</a>
</li><li>
    <a href="../gift-card-da-25.html" class="estDynamic">Gift Card Da 25</a>
</li>                <li>
                    <a class="estDynamic" href="../gift.html">All products in the gifts category</a>
                </li>
            </ul>
        </li>
        <li>
            <a class="estDynamic" href="../gift-card.html">
               <img src="../../cdn.spesati.com/images/menu/gift-card.png"/>
               Gift card and discounts            </a>
            <i class="fa fa-angle-right" aria-hidden="true"></i>
            <ul class="sub-menu">
                <li>
    <a href="../gift-card-da-150.html">Gift Card Da 150</a>
</li><li>
    <a href="../gift-card-da-100.html">Gift Card Da 100</a>
</li><li>
    <a href="../gift-card-da-50.html">Gift Card Da 50</a>
</li><li>
    <a href="../gift-card-da-25.html">Gift Card Da 25</a>
</li>            </ul>
        </li>
        <li>
            <a class="estDynamic" href="../fruit-and-vegetables.html">
               <img src="../../cdn.spesati.com/images/menu/fuit-and-vegetables.png"/>
               Fruit and vegetables           </a>
            <i class="fa fa-angle-right" aria-hidden="true"></i>
            <ul class="sub-menu">
                <li>
                    <a class="estDynamic" href="../fruit-and-vegetables/pulses-and-beans.html">Cereals and pulses and beans</a>
                </li>
                <li>
                    <a class="estDynamic" href="../fruit-and-vegetables/fruit.html">Fruit</a>
                </li>
                <li>
                    <a class="estDynamic" href="../fruit-and-vegetables/canned-fruit.html">Canned fruit</a>
                </li>
                <li>
                    <a class="estDynamic" href="../fruit-and-vegetables/dried-fruit.html">Dried fruit</a>
                </li>
                <li>
                    <a class="estDynamic" href="../fruit-and-vegetables/ready-salads.html">Ready salads</a>
                </li>
                <li>
                    <a class="estDynamic" href="../fruit-and-vegetables/fresh-spices.html">Fresh spices</a>
                </li>
                <li>
                    <a class="estDynamic" href="../fruit-and-vegetables/vegetables.html">Vegetables and soy</a>
                </li>
            </ul>
        </li>
        <li>
            <a class="estDynamic" href="../fresh-products.html">
                <img src="../../cdn.spesati.com/images/menu/fresh-products.png"/>
                Fresh products            </a>
            <i class="fa fa-angle-right" aria-hidden="true"></i>
            <ul class="sub-menu">
                <li>
                    <a class="estDynamic" href="../fresh-products/margarine-and-butter.html">Butter and margarine</a>
                </li>
                <li>
                    <a class="estDynamic" href="../fresh-products/danone.html">Danone</a>
                </li>
                <li>
                    <a class="estDynamic" href="../fresh-products/dessert.html">Dessert</a>
                </li>
                <li>
                    <a class="estDynamic" href="../fresh-products/sweets.html">Sweets</a>
                </li>
                <li>
                    <a class="estDynamic" href="../fresh-products/dairy-products.html">Dairy product</a>
                </li>
                <li>
                    <a class="estDynamic" href="../fresh-products/bakery.html">Yeast</a>
                </li>
                <li>
                    <a class="estDynamic" href="../fresh-products/mascarpone.html">Mascarpone</a>
                </li>
                <li>
                    <a class="estDynamic" href="../fresh-products/snacks.html">Snacks</a>
                </li>
                <li>
                    <a class="estDynamic" href="../fresh-products/mozzarella.html">Mozzarella</a>
                </li>
                <li>
                    <a class="estDynamic" href="../fresh-products/pasta.html">Pasta</a>
                </li>
                <li>
                    <a class="estDynamic" href="../fresh-products/pesto-and-sauces.html">Pesto and sauces</a>
                </li>
                <li>
                    <a class="estDynamic" href="../fresh-products/ricotta-and-cheese.html">Ricotta and cheese</a>
                </li>
                <li>
                    <a class="estDynamic" href="../fresh-products/cured-meat.html">Cured meat</a>
                </li>
                <li>
                    <a class="estDynamic" href="../fresh-products/wurstel.html">Würstel</a>
                </li>
                <li>
                    <a class="estDynamic" href="../fresh-products/yogurt.html">Yogurt</a>
                </li>
            </ul>
        </li>
        <li>
            <a class="estDynamic" href="../frozen-foods.html">
                <img src="../../cdn.spesati.com/images/menu/frozen-foods.png"/>
                Frozen foods            </a>
            <i class="fa fa-angle-right" aria-hidden="true"></i>
            <ul class="sub-menu">
                <li>
                    <a class="estDynamic" href="../frozen-foods/meat.html">Meat</a>
                </li>
                <li>
                    <a class="estDynamic" href="../frozen-foods/ice-creams.html">Ice cream and sweet</a>
                </li>
                <li>
                    <a class="estDynamic" href="../frozen-foods/pasta.html">Pasta</a>
                </li>
                <li>
                    <a class="estDynamic" href="../frozen-foods/fish.html">Fish</a>
                </li>
                <li>
                    <a class="estDynamic" href="../frozen-foods/ready-meals.html">Ready meals</a>
                </li>
                <li>
                    <a class="estDynamic" href="../frozen-foods/pizzas.html">Pizzas</a>
                </li>
                <li>
                    <a class="estDynamic" href="../frozen-foods/vegetables.html">Vegetables and soy</a>
                </li>
            </ul>
        </li>
        <li>
            <a class="estDynamic" href="../bread-and-pasta.html">
                <img src="../../cdn.spesati.com/images/menu/bread-and-pasta.png"/>
                Bread and pasta            </a>
            <i class="fa fa-angle-right" aria-hidden="true"></i>
            <ul class="sub-menu">
                <li>
                    <a class="estDynamic" href="crackers.html">Crackers</a>
                </li>
                <li>
                    <a class="estDynamic" href="rusks.html">Rusks</a>
                </li>
                <li>
                    <a class="estDynamic" href="white-bread.html">White bread</a>
                </li>
                <li>
                    <a class="estDynamic" href="local-bread.html">Local bread</a>
                </li>
                <li>
                    <a class="estDynamic" href="soft-bread.html">Soft bread</a>
                </li>
                <li>
                    <a class="estDynamic" href="sardinian-bread.html">Sardinian bread</a>
                </li>
                <li>
                    <a class="estDynamic" href="bakery.html">Bakery</a>
                </li>
                <li>
                    <a class="estDynamic" href="pasta.html">Pasta</a>
                </li>
                <li>
                    <a class="estDynamic" href="fresh-pasta.html">Fresh pasta</a>
                </li>
            </ul>
        </li>
        <li>
            <a class="estDynamic" href="../meat.html">
                <img src="../../cdn.spesati.com/images/menu/meat.png"/>
                Meat            </a>
            <i class="fa fa-angle-right" aria-hidden="true"></i>
            <ul class="sub-menu">
                <li>
                    <a class="estDynamic" href="../meat/beef.html">Beef</a>
                </li>
                <li>
                    <a class="estDynamic" href="../meat/goat.html">Goat</a>
                </li>
                <li>
                    <a class="estDynamic" href="../meat/packaged-meat.html">Packaged meat</a>
                </li>
                <li>
                    <a class="estDynamic" href="../meat/rabbit.html">Rabbit</a>
                </li>
                <li>
                    <a class="estDynamic" href="../meat/horse.html">Horse</a>
                </li>
                <li>
                    <a class="estDynamic" href="../meat/pork.html">Pork</a>
                </li>
                <li>
                    <a class="estDynamic" href="../meat/lamb.html">Lamb</a>
                </li>
                <li>
                    <a class="estDynamic" href="../meat/poultry.html">Poultry</a>
                </li>
            </ul>
        </li>
        <li>
            <a class="estDynamic" href="../fish.html">
                <img src="../../cdn.spesati.com/images/menu/fish.png"/>
                Fish            </a>
            <i class="fa fa-angle-right" aria-hidden="true"></i>
            <ul class="sub-menu">
                <li>
                    <a class="estDynamic" href="../fish/fresh-water.html">Fresh water</a>
                </li>
                <li>
                    <a class="estDynamic" href="../fish/salt-water.html">Salt water</a>
                </li>
                <li>
                    <a class="estDynamic" href="../fish/mussels.html">Mussels</a>
                </li>
                <li>
                    <a class="estDynamic" href="../fish/dried-and-salted.html">Dried and salted</a>
                </li>
                <li>
                    <a class="estDynamic" href="../fish/seafood-salad.html">Seafood salad</a>
                </li>
                <li>
                    <a class="estDynamic" href="../fish/prepared.html">Prepared</a>
                </li>
                <li>
                    <a class="estDynamic" href="../fish/specialty.html">Specialty</a>
                </li>   
                <li>
                    <a class="estDynamic" href="../fish/tuna-and-salmon.html">Tuna and salmon</a>
                </li>
            </ul>
        </li>
        <li>
            <a class="estDynamic" href="../wine-beer-and-spirits.html">
                <img src="../../cdn.spesati.com/images/menu/alcohol.png"/>
                Wine beer and spirits            </a>
            <i class="fa fa-angle-right" aria-hidden="true"></i>
            <ul class="sub-menu">
                <li>
                    <a class="estDynamic" href="../wine-beer-and-spirits/spirits-and-liquors.html">Alcohol</a>
                </li>
                <li>
                    <a class="estDynamic" href="../wine-beer-and-spirits/bitters.html">Bitters</a>
                </li>
                <li>
                    <a class="estDynamic" href="../wine-beer-and-spirits/aperatif.html">Aperatifs</a>
                </li>
                <li>
                    <a class="estDynamic" href="../wine-beer-and-spirits/beer.html">Beer</a>
                </li>
                <li>
                    <a class="estDynamic" href="../wine-beer-and-spirits/creams.html">Creams</a>
                </li>
                <li>
                    <a class="estDynamic" href="../wine-beer-and-spirits/spirits.html">Spirits</a>
                </li>
                <li>
                    <a class="estDynamic" href="../wine-beer-and-spirits/liquors.html">Liquors</a>
                </li>
                <li>
                    <a class="estDynamic" href="../wine-beer-and-spirits/white-wine.html">White wine</a>
                </li>
                <li>
                    <a class="estDynamic" href="../wine-beer-and-spirits/prosecco-wine.html">Prosecco wine</a>
                </li>
                <li>
                    <a class="estDynamic" href="../wine-beer-and-spirits/rose-wine.html">Rose wine</a>
                </li>
                <li>
                    <a class="estDynamic" href="../wine-beer-and-spirits/red-wine.html">Red wine</a>
                </li>
                <li>
                    <a class="estDynamic" href="../wine-beer-and-spirits/specialty-wine.html">Special wine</a>
                </li>
                <li>
                    <a class="estDynamic" href="../wine-beer-and-spirits/sparkling-wine.html">Sparkling wine</a>
                </li>
                <li>
                    <a class="estDynamic" href="../wine-beer-and-spirits/vermentino-wine.html">Vermentino wine</a>
                </li>
            </ul>
        </li>
        <li>
            <a class="estDynamic" href="../water-and-drinks.html">
                <img src="../../cdn.spesati.com/images/menu/water-and-drinks.png"/>
                Water and drinks            </a>
            <i class="fa fa-angle-right" aria-hidden="true"></i>
            <ul class="sub-menu">
                <li>
                    <a class="estDynamic" href="../water-and-drinks/san-martino.html">San Martino</a>
                </li>
                <li>
                    <a class="estDynamic" href="../water-and-drinks/water.html">Water</a>
                </li>
                <li>
                    <a class="estDynamic" href="../water-and-drinks/alpro.html">Alpro</a>
                </li>
                <li>
                    <a class="estDynamic" href="../water-and-drinks/fizzy-drinks.html">Fizzy drinks</a>
                </li>
                <li>
                    <a class="estDynamic" href="../water-and-drinks/coca-cola.html">Coca-Cola</a>
                </li>
                <li>
                    <a class="estDynamic" href="../water-and-drinks/energy-drink.html">Energy drink</a>
                </li>
                <li>
                    <a class="estDynamic" href="../water-and-drinks/syrups.html">Syrups</a>
                </li>
                <li>
                    <a class="estDynamic" href="../water-and-drinks/supplements.html">Supplements</a>
                </li>
                <li>
                    <a class="estDynamic" href="../water-and-drinks/instant-drinks.html">Instant drinks</a>
                </li>
                <li>
                    <a class="estDynamic" href="../water-and-drinks/juice.html">Juice</a>
                </li>
                <li>
                    <a class="estDynamic" href="../water-and-drinks/tea.html">Tea</a>
                </li>
            </ul>
        </li>
        <li>
            <a class="estDynamic" href="../sweets.html">
                <img src="../../cdn.spesati.com/images/menu/sweets.png"/>
                Sweets            </a>
            <i class="fa fa-angle-right" aria-hidden="true"></i>
            <ul class="sub-menu">
                <li>
                    <a class="estDynamic" href="../sweets/bars-and-snacks.html">Bars and snacks</a>
                </li>
                <li>
                    <a class="estDynamic" href="../sweets/biscuits.html">Biscuits</a>
                </li>
                <li>
                    <a class="estDynamic" href="../sweets/brioches.html">Brioches</a>
                </li>
                <li>
                    <a class="estDynamic" href="../sweets/candy-and-chewing-gum.html">Candy and chewing gum</a>
                </li>
                <li>
                    <a class="estDynamic" href="../sweets/cereals.html">Cereals</a>
                </li>
                <li>
                    <a class="estDynamic" href="../sweets/chocolate.html">Chocolate</a>
                </li>
                <li>
                    <a class="estDynamic" href="../sweets/spreadable-creams.html">Spreads</a>
                </li>
                <li>
                    <a class="estDynamic" href="../sweets/dessert-toppings.html">Dessert toppings</a>
                </li>
                <li>
                    <a class="estDynamic" href="../sweets/jam.html">Jam</a>
                </li>
                <li>
                    <a class="estDynamic" href="../sweets/honey.html">Honey</a>
                </li>
                <li>
                    <a class="estDynamic" href="../sweets/panettoni-and-pandoro.html">Panettone and pandoro</a>
                </li>
                <li>
                    <a class="estDynamic" href="../sweets/pastry.html">Pastry</a>
                </li>
                <li>
                    <a class="estDynamic" href="../sweets/instant-dessert.html">Prepared</a>
                </li>
                <li>
                    <a class="estDynamic" href="../sweets/cakes-and-pies.html">Cakes and pies</a>
                </li>
                <li>
                    <a class="estDynamic" href="../sweets/easter-eggs-and-doves.html">Easter eggs and doves</a>
                </li>
            </ul>
        </li>
        <li>
            <a class="estDynamic" href="../shelf.html">
                <img src="../../cdn.spesati.com/images/menu/shelf.png"/>
                Cupboard            </a>
            <i class="fa fa-angle-right" aria-hidden="true"></i>
            <ul class="sub-menu">
                <li>
                    <a class="estDynamic" href="../shelf/coffee.html">Coffee</a>
                </li>
                <li>
                    <a class="estDynamic" href="../shelf/gift-baskets.html">Gift baskets</a>
                </li>
                <li>
                    <a class="estDynamic" href="../shelf/stock-cubes.html">Nuts and preparations</a>
                </li>
                <li>
                    <a class="estDynamic" href="../shelf/flour-and-baking.html">Flour and baking</a>
                </li>
                <li>
                    <a class="estDynamic" href="../shelf/milk.html">Milk</a>
                </li>
                <li>
                    <a class="estDynamic" href="../shelf/oil-salt-vinegar.html">Oil, vinegar and salt</a>
                </li>
                <li>
                    <a class="estDynamic" href="../shelf/cream-and-bechamel.html">Cream and bechamel</a>
                </li>
                <li>
                    <a class="estDynamic" href="../shelf/crisps-and-pretzels.html">Crisps and pretzels</a>
                </li>
                <li>
                    <a class="estDynamic" href="../shelf/baby-and-infants-products.html">Early childhood products</a>
                </li>
                <li>
                    <a class="estDynamic" href="../shelf/rice.html">Rice</a>
                </li>
                <li>
                    <a class="estDynamic" href="../shelf/tins-and-preserves.html">Tins and Preserves</a>
                </li>
                <li>
                    <a class="estDynamic" href="../shelf/spices.html">Spices</a>
                </li>
                <li>
                    <a class="estDynamic" href="../shelf/sauces.html">Sauces</a>
                </li>
                <li>
                    <a class="estDynamic" href="../shelf/tea-and-infusions.html">Tea and infusions</a>
                </li>
                <li>
                    <a class="estDynamic" href="../shelf/eggs.html">Eggs</a>
                </li>
                <li>
                    <a class="estDynamic" href="../shelf/sugar-and-sweeteners.html">Sugar and sweeteners</a>
                </li>
            </ul>
        </li>
        <li>
            <a class="estDynamic" href="../personal-care.html">
                <img src="../../cdn.spesati.com/images/menu/personal-care.png"/>
                Personal care            </a>
            <i class="fa fa-angle-right" aria-hidden="true"></i>
            <ul class="sub-menu">
                <li>
                    <a class="estDynamic" href="../personal-care/accessories-and-cotton.html">Accessories and cotton</a>
                </li>
                <li>
                    <a class="estDynamic" href="../personal-care/feminine-care-incontinence-and-baby-diapers.html">Feminine incontinence and diapers</a>
                </li>
                <li>
                    <a class="estDynamic" href="../personal-care/shower-gel.html">Shower gel</a>
                </li>
                <li>
                    <a class="estDynamic" href="../personal-care/creams.html">Creams</a>
                </li>
                <li>
                    <a class="estDynamic" href="../personal-care/deodorant.html">Deodorant</a>
                </li>
                <li>
                    <a class="estDynamic" href="../personal-care/hair-removal.html">Hair removal</a>
                </li>
                <li>
                    <a class="estDynamic" href="../personal-care/disinfectants.html">Disinfectants</a>
                </li>
                <li>
                    <a class="estDynamic" href="../personal-care/oral-hygiene.html">Oral hygiene</a>
                </li>
                <li>
                    <a class="estDynamic" href="../personal-care/supplements-and-multivitamins.html">Supplements and multivitamins</a>
                </li>
                <li>
                    <a class="estDynamic" href="../personal-care/first-aid.html">First aid label</a>
                </li>
                <li>
                    <a class="estDynamic" href="../personal-care/beard-products.html">Beard products</a>
                </li>
                <li>
                    <a class="estDynamic" href="../personal-care/hairs-products.html">Hair products</a>
                </li>
                <li>
                    <a class="estDynamic" href="../personal-care/perfume.html">Perfumes</a>
                </li>
                <li>
                    <a class="estDynamic" href="../personal-care/wipes.html">Wipes</a>
                </li>
                <li>
                    <a class="estDynamic" href="../personal-care/soaps-and-body-wash.html">Soaps and body wash</a>
                </li>
                <li>
                    <a class="estDynamic" href="../personal-care/shampoo-and-conditioner.html">Shampoo and conditioner</a>
                </li>
            </ul>
        </li>
        <li>
            <a class="estDynamic" href="../household-and-outdoors.html">
                <img src="../../cdn.spesati.com/images/menu/pellet-and-home.png"/>
                Home and outdoors 
            </a>
            <i class="fa fa-angle-right" aria-hidden="true"></i>
            <ul class="sub-menu">
                <li>
                    <a class="estDynamic" href="../household-and-outdoors/distilled-water.html">Distilled water</a>
                </li>
                <li>
                    <a class="estDynamic" href="../household-and-outdoors/car-products.html">Cars</a>
                </li>
                <li>
                    <a class="estDynamic" href="../household-and-outdoors/bin-bags-and-buckets.html">Bin bags and buckets</a>
                </li>
                <li>
                    <a class="estDynamic" href="../household-and-outdoors/bleach-and-stain-removers.html">Bleach and stain removers</a>
                </li>
                <li>
                    <a class="estDynamic" href="../household-and-outdoors/candles.html">Candles</a>
                </li>
                <li>
                    <a class="estDynamic" href="../household-and-outdoors/kitchen-roll.html">Kitchen roll</a>
                </li>
                <li>
                    <a class="estDynamic" href="../household-and-outdoors/air-fresheners.html">Air fresheners</a>
                </li>
                <li>
                    <a class="estDynamic" href="../household-and-outdoors/laundry-accessories-and-detergent.html">Laundry detergent</a>
                </li>
                <li>
                    <a class="estDynamic" href="../household-and-outdoors/dishwasher-and-washing-up.html">Dishwasher and washing up</a>
                </li>
                <li>
                    <a class="estDynamic" href="../household-and-outdoors/gardening.html">Gardening</a>
                </li>
                <li>
                    <a class="estDynamic" href="../household-and-outdoors/light-bulbs-and-batteries.html">Lightbulbs and batteries</a>
                </li>
                <li>
                    <a class="estDynamic" href="../household-and-outdoors/pellet-and-bbq.html">Pellet and BBQ</a>
                </li>
                <li>
                    <a class="estDynamic" href="../household-and-outdoors/bathroom-products.html">Bathroom products</a>
                </li>
                <li>
                    <a class="estDynamic" href="../household-and-outdoors/home-and-furniture-products.html">Home and furniture products</a>
                </li>
                <li>
                    <a class="estDynamic" href="../household-and-outdoors/kitchen-products.html">Kitchen products</a>
                </li>
                <li>
                    <a class="estDynamic" href="../household-and-outdoors/window-and-floor-cleaners.html">Window and floor cleaner</a>
                </li>
                <li>
                    <a class="estDynamic" href="../household-and-outdoors/repellents.html">Repellents</a>
                </li>
                <li>
                    <a class="estDynamic" href="../household-and-outdoors/disposable-tableware.html">Disposable tableware</a>
                </li>
            </ul>
        </li>
        <li>
            <a class="estDynamic" href="../pet.html">
                <img src="../../cdn.spesati.com/images/menu/animals.png"/>
                Pets            </a>
            <i class="fa fa-angle-right" aria-hidden="true"></i>
            <ul class="sub-menu">
                <li>
                    <a class="estDynamic" href="../pets/pet-food-other-animals.html">Other animals pet food</a>
                </li>
                <li>
                    <a class="estDynamic" href="../pets/pet-food-dogs.html">Pet food dogs</a>
                </li>
                <li>
                    <a class="estDynamic" href="../pets/pet-food-cats.html">Pet food cats</a>
                </li>
                <li>
                    <a class="estDynamic" href="../pets/hygiene-and-cleaning.html">Hygiene and cleaning</a>
                </li>
            </ul>
        </li>
        <li>
            <a class="estDynamic" href="../technology.html">
                <img src="../../cdn.spesati.com/images/menu/technology.png"/>
                Technology            </a>
            <i class="fa fa-angle-right" aria-hidden="true"></i>
            <ul class="sub-menu">
                <li>
                    <a class="estDynamic" href="../technology/accessories.html">Accessories</a>
                </li>
                <li>
                    <a class="estDynamic" href="../technology/computer.html">Computer</a>
                </li>
                <li>
                    <a class="estDynamic" href="../technology/telephones.html">Telephones</a>
                </li>
                <li>
                    <a class="estDynamic" href="../technology/tv.html">TV</a>
                </li>
            </ul>
        </li>
        <li>
            <a class="estDynamic" href="../gluten-free.html">
                <img src="../../cdn.spesati.com/images/menu/gluten-free.png"/>
                Gluten free            </a>
            <i class="fa fa-angle-right" aria-hidden="true"></i>
            <ul class="sub-menu">
                <li>
                    <a class="estDynamic" href="../gluten-free/frozen-foods.html">Frozen foods</a>
                </li>
                <li>
                    <a class="estDynamic" href="../gluten-free/beer.html">Beer</a>
                </li>
                <li>
                    <a class="estDynamic" href="../gluten-free/sweets.html">Sweets</a>
                </li>
                <li>
                    <a class="estDynamic" href="../gluten-free/bread-and-pasta.html">Bread and pasta</a>
                </li>
                <li>
                    <a class="estDynamic" href="../gluten-free/shelf.html">Cupboard</a>
                </li>
            </ul>
        </li>
        <li>
            <a class="estDynamic" href="../lactose-free.html">
                <img src="../../cdn.spesati.com/images/menu/lactose-free.png"/>
                Lactose free            </a>
            <i class="fa fa-angle-right" aria-hidden="true"></i>
            <ul class="sub-menu">
                <li>
                    <a class="estDynamic" href="../lactose-free/frozen-foods.html">Frozen foods</a>
                </li>
                <li>
                    <a class="estDynamic" href="../lactose-free/sweets.html">Sweets</a>
                </li>
                <li>
                    <a class="estDynamic" href="../lactose-free/dairy-product.html">Dairy product</a>
                </li>
                <li>
                    <a class="estDynamic" href="../lactose-free/shelf.html">Cupboard</a>
                </li>
            </ul>
        </li>
        <li>
            <a class="estDynamic" href="../special.html">
                <img src="../../cdn.spesati.com/images/menu/special.png"/>
                Special            </a>
            <i class="fa fa-angle-right" aria-hidden="true"></i>
            <ul class="sub-menu">
                <li>
                    <a class="estDynamic" href="../special/alpro.html">Alpro</a>
                </li>
                <li>
                    <a class="estDynamic" href="../special/organic.html">Biological</a>
                </li>
                <li>
                    <a class="estDynamic" href="../special/meat.html">Meat</a>
                </li>
                <li>
                    <a class="estDynamic" href="../special/wholegrain.html">Wholegrain</a>
                </li>
                <li>
                    <a class="estDynamic" href="../special/bread-and-pasta.html">Bread and pasta</a>
                </li>
                <li>
                    <a class="estDynamic" href="../special/vegan.html">Vegan</a>
                </li>
            </ul>
        </li>
        <li>
            <a class="estDynamic" href="../sardinian-products.html">
                <img src="../../cdn.spesati.com/images/menu/sardinian-products.png"/>
                Sardinian products            </a>
            <i class="fa fa-angle-right" aria-hidden="true"></i>
            <ul class="sub-menu">
                <li>
                    <a class="estDynamic" href="../sardinian-products/drinks.html">Drinks</a>
                </li>
                <li>
                    <a class="estDynamic" href="../sardinian-products/meat.html">Meat</a>
                </li>
                <li>
                    <a class="estDynamic" href="../sardinian-products/sweets.html">Sweets</a>
                </li>
                <li>
                    <a class="estDynamic" href="../sardinian-products/fruit-and-vegetables.html">Fruit and vegetables</a>
                </li>
                <li>
                    <a class="estDynamic" href="../sardinian-products/ichnusa.html">Ichnusa</a>
                </li>
                <li>
                    <a class="estDynamic" href="../sardinian-products/dairy-product.html">Dairy product</a>
                </li>
                <li>
                    <a class="estDynamic" href="../sardinian-products/bread-and-pasta.html">Bread and pasta</a>
                </li>
                <li>
                    <a class="estDynamic" href="../sardinian-products/fish.html">Fish</a>
                </li>
                <li>
                    <a class="estDynamic" href="../sardinian-products/cured-meat.html">Cured meat</a>
                </li>
                <li>
                    <a class="estDynamic" href="../sardinian-products/shelf.html">Cupboard</a>
                </li>
                <li>
                    <a class="estDynamic" href="../sardinian-products/vermentino-wine.html">Vermentino wine</a>
                </li>
                <li>
                    <a class="estDynamic" href="../sardinian-products/wine-beer-and-spirits.html">Wine beer and spirits</a>
                </li>
            </ul>
        </li>
    </ul>
</div>    <div class="colRight">
        <div class="title mobile">
	<a href="../bread-and-pasta.html"><i class="fa red fa-angle-left fa-3x mobile" aria-hidden="true"></i></a>
	<h2>
		<b>
			crackers		</b>
	</h2>
</div>

<div class="breadcrumb bgGrey internal">
	<p>
		<b>
			<a href="../index.html">Home</a>
												&gt; <a href="../bread-and-pasta.html">Bread and pasta</a>
																&gt; Crackers									</b>
	</p>
	<div>
		<p>Order by</p>
		<select name="orderProd" id="orderProd">
			<option disabled="disabled" selected="selected">- Choose -</option>
			<option value="nameAsc">Name (A - Z)</option>
			<option value="nameDes">Name (Z - A)</option>
			<option value="priceHigh">Price - High to low</option>
			<option value="priceLow">Price - Low to high</option>
			<option value="soldAsc">Best Selling</option>
			<option value="available">Availability</option>
		</select>
	</div>
</div>
        <div class="containerProduct">
            <script type='text/javascript'>var track = '{"event":"ViewContent", "type":"category", "id":"Panificio", "subids":["Crackers-Derivati"], "url":"https://www.spesati.com/bread-and-pasta/crackers"}';</script>
<script>
gtag('event', 'select_content', {content_type: 'category', item_id: 'Panificio'});gtag('event', 'select_content', {content_type: 'category', item_id: 'Crackers-Derivati'});
</script>
<div class="left product prod1"
        data-name="Saiwa Cracker Premium Non Salati 315Gr"
        data-price="2.53"
        data-id="4943"
        data-available="yes"
        data-category="1445"
        data-bestselling="1">
    <a href="../saiwa-cracker-premium-non-salati-315gr.html">
        <div style="background-image: url('../../cdn.spesati.com/images/products/5797902/saiwa-cracker-premium-01.jpg')">
            <div class="hover"></div>
            <p class="arrow bgRed white">Best Seller</p>
            <div class="stickers"></div>
        </div>
    </a>
    <div>
        <h4><a href="../saiwa-cracker-premium-non-salati-315gr.html"><b>Saiwa Cracker Premium Non Salati 315Gr</b></a></h4>
        <p class="description">0.32 Kg</p>
        <p class="right price"><b>2.53 €</b></p>
        <p class="right unitPrice">8.03 € per kg</p>
    </div>
    <div class="contButton">
    <a class="button bgRed white addToCart" href="#">Add</a>
</div>
</div><div class="left product prod2"
        data-name="Frisella Integrale Gecchele 350gr"
        data-price="3.69"
        data-id="67662"
        data-available="yes"
        data-category="1445"
        data-bestselling="">
    <a href="../frisella-integrale-gecchele-350gr.html">
        <div style="background-image: url('../../cdn.spesati.com/images/products/438395/frisella-integrale-gecchele-01.html')">
            <div class="hover"></div>
            
            <div class="stickers"></div>
        </div>
    </a>
    <div>
        <h4><a href="../frisella-integrale-gecchele-350gr.html"><b>Frisella Integrale Gecchele 350gr</b></a></h4>
        <p class="description">0.35 Kg</p>
        <p class="right price"><b>3.69 €</b></p>
        <p class="right unitPrice">10.55 € per kg</p>
    </div>
    <div class="contButton">
    <a class="button bgRed white addToCart" href="#">Add</a>
</div>
</div><div class="left product prod3"
        data-name="Grissini Rdg Integrali 200g"
        data-price="3.59"
        data-id="82563"
        data-available="yes"
        data-category="1445"
        data-bestselling="">
    <a href="../grissini-rdg-integrali-200g.html">
        <div style="background-image: url('../../cdn.spesati.com/images/products/222227/grissini-rdg-integrali-01.html')">
            <div class="hover"></div>
            
            <div class="stickers"></div>
        </div>
    </a>
    <div>
        <h4><a href="../grissini-rdg-integrali-200g.html"><b>Grissini Rdg Integrali 200g</b></a></h4>
        <p class="description">0.2 Kg</p>
        <p class="right price"><b>3.59 €</b></p>
        <p class="right unitPrice">17.95 € per kg</p>
    </div>
    <div class="contButton">
    <a class="button bgRed white addToCart" href="#">Add</a>
</div>
</div><div class="left product prod4"
        data-name="Grissini Rdg Classici 200g"
        data-price="3.29"
        data-id="79045"
        data-available="yes"
        data-category="1445"
        data-bestselling="">
    <a href="../grissini-rdg-classici-200g.html">
        <div style="background-image: url('../../cdn.spesati.com/images/products/222109/grissini-rdg-classici-01.html')">
            <div class="hover"></div>
            
            <div class="stickers"></div>
        </div>
    </a>
    <div>
        <h4><a href="../grissini-rdg-classici-200g.html"><b>Grissini Rdg Classici 200g</b></a></h4>
        <p class="description">0.2 Kg</p>
        <p class="right price"><b>3.29 €</b></p>
        <p class="right unitPrice">16.45 € per kg</p>
    </div>
    <div class="contButton">
    <a class="button bgRed white addToCart" href="#">Add</a>
</div>
</div><div class="left product prod5"
        data-name="Lingue Classiche Rdg 150gr"
        data-price="3.79"
        data-id="79042"
        data-available="yes"
        data-category="1445"
        data-bestselling="">
    <a href="../lingue-classiche-rdg-150gr.html">
        <div style="background-image: url('../../cdn.spesati.com/images/products/222108/lingue-classiche-rdg-01.html')">
            <div class="hover"></div>
            
            <div class="stickers"></div>
        </div>
    </a>
    <div>
        <h4><a href="../lingue-classiche-rdg-150gr.html"><b>Lingue Classiche Rdg 150gr</b></a></h4>
        <p class="description">0.15 Kg</p>
        <p class="right price"><b>3.79 €</b></p>
        <p class="right unitPrice">25.26 € per kg</p>
    </div>
    <div class="contButton">
    <a class="button bgRed white addToCart" href="#">Add</a>
</div>
</div><div class="left product prod6"
        data-name="Mini Grissini Rdg Grano 100gr"
        data-price="1.19"
        data-id="82234"
        data-available="yes"
        data-category="1445"
        data-bestselling="">
    <a href="../mini-grissini-rdg-grano-100gr.html">
        <div style="background-image: url('../../cdn.spesati.com/images/products/124002/mini-grissini-rdg-01.html')">
            <div class="hover"></div>
            
            <div class="stickers"></div>
        </div>
    </a>
    <div>
        <h4><a href="../mini-grissini-rdg-grano-100gr.html"><b>Mini Grissini Rdg Grano 100gr</b></a></h4>
        <p class="description">0.12 Kg</p>
        <p class="right price"><b>1.19 €</b></p>
        <p class="right unitPrice">9.91 € per kg</p>
    </div>
    <div class="contButton">
    <a class="button bgRed white addToCart" href="#">Add</a>
</div>
</div><div class="left product prod7"
        data-name="Mini Grissini Rdg Acqua 100gr"
        data-price="1.19"
        data-id="82228"
        data-available="yes"
        data-category="1445"
        data-bestselling="">
    <a href="../mini-grissini-rdg-acqua-100gr.html">
        <div style="background-image: url('../../cdn.spesati.com/images/products/124000/mini-grissini-rdg-01.html')">
            <div class="hover"></div>
            
            <div class="stickers"></div>
        </div>
    </a>
    <div>
        <h4><a href="../mini-grissini-rdg-acqua-100gr.html"><b>Mini Grissini Rdg Acqua 100gr</b></a></h4>
        <p class="description">0.1 Kg</p>
        <p class="right price"><b>1.19 €</b></p>
        <p class="right unitPrice">11.90 € per kg</p>
    </div>
    <div class="contButton">
    <a class="button bgRed white addToCart" href="#">Add</a>
</div>
</div><div class="left product prod8"
        data-name="Taralli Classici Secchiello 1.800gr"
        data-price="14.81"
        data-id="26181"
        data-available="yes"
        data-category="1445"
        data-bestselling="">
    <a href="../taralli-classici-secchiello-1800gr.html">
        <div style="background-image: url('../../cdn.spesati.com/images/products/115017/taralli-classici-secchiello-01.html')">
            <div class="hover"></div>
            
            <div class="stickers"></div>
        </div>
    </a>
    <div>
        <h4><a href="../taralli-classici-secchiello-1800gr.html"><b>Taralli Classici Secchiello 1.800gr</b></a></h4>
        <p class="description">1.8 Kg</p>
        <p class="right price"><b>14.81 €</b></p>
        <p class="right unitPrice">8.23 € per kg</p>
    </div>
    <div class="contButton">
    <a class="button bgRed white addToCart" href="#">Add</a>
</div>
</div><div class="left product prod9"
        data-name="Sfoglie Pavesi Olive 150gr"
        data-price="2.59"
        data-id="67008"
        data-available="yes"
        data-category="1445"
        data-bestselling="2">
    <a href="../sfoglie-pavesi-olive-150gr.html">
        <div style="background-image: url('../../cdn.spesati.com/images/products/000437132/gran-pavesi-le-sfoglie-olive-snack-cotto-al-forno-150g-01.png')">
            <div class="hover"></div>
            <p class="arrow bgRed white">Best Seller</p>
            <div class="stickers"></div>
        </div>
    </a>
    <div>
        <h4><a href="../sfoglie-pavesi-olive-150gr.html"><b>Sfoglie Pavesi Olive 150gr</b></a></h4>
        <p class="description">Gran Pavesi le Sfoglie Olive Snack Cotto al Forno 150g</p>
        <p class="right price"><b>2.59 €</b></p>
        <p class="right unitPrice">17.26 € per kg</p>
    </div>
    <div class="contButton">
    <a class="button bgRed white addToCart" href="#">Add</a>
</div>
</div><div class="left product prod10"
        data-name="Sfoglie Pavesi Clas 180gr"
        data-price="2.59"
        data-id="67044"
        data-available="yes"
        data-category="1445"
        data-bestselling="">
    <a href="../sfoglie-pavesi-clas-180gr.html">
        <div style="background-image: url('../../cdn.spesati.com/images/products/000437126/gran-pavesi-le-sfoglie-classiche-snack-cotto-al-forno-180g-01.png')">
            <div class="hover"></div>
            
            <div class="stickers"></div>
        </div>
    </a>
    <div>
        <h4><a href="../sfoglie-pavesi-clas-180gr.html"><b>Sfoglie Pavesi Clas 180gr</b></a></h4>
        <p class="description">Gran Pavesi le Sfoglie Classiche Snack Cotto al Forno 180g</p>
        <p class="right price"><b>2.59 €</b></p>
        <p class="right unitPrice">14.38 € per kg</p>
    </div>
    <div class="contButton">
    <a class="button bgRed white addToCart" href="#">Add</a>
</div>
</div><div class="left product prod11"
        data-name="Crack Pavesi Riso Int-curc 280"
        data-price="2.59"
        data-id="32837"
        data-available="yes"
        data-category="1445"
        data-bestselling="">
    <a href="../crack-pavesi-riso-int-curc-280.html">
        <div style="background-image: url('../../cdn.spesati.com/images/products/000437117/gran-pavesi-il-cracker-riso-integrale-e-curcuma-280g-01.png')">
            <div class="hover"></div>
            
            <div class="stickers"></div>
        </div>
    </a>
    <div>
        <h4><a href="../crack-pavesi-riso-int-curc-280.html"><b>Crack Pavesi Riso Int-curc 280</b></a></h4>
        <p class="description">Gran Pavesi il Cracker Riso Integrale e Curcuma 280g</p>
        <p class="right price"><b>2.59 €</b></p>
        <p class="right unitPrice">9.25 € per kg</p>
    </div>
    <div class="contButton">
    <a class="button bgRed white addToCart" href="#">Add</a>
</div>
</div><div class="left product prod12"
        data-name="Riso Scotti Risette Gallette Riso"
        data-price="1.89"
        data-id="2292"
        data-available="yes"
        data-category="1445"
        data-bestselling="3">
    <a href="../riso-scotti-risette-gallette-riso.html">
        <div style="background-image: url('../../cdn.spesati.com/images/products/000180074/riso-scotti-le-bio-croccanti-risette-100-riso-150-g-01.png')">
            <div class="hover"></div>
            <p class="arrow bgRed white">Best Seller</p>
            <div class="stickers"></div>
        </div>
    </a>
    <div>
        <h4><a href="../riso-scotti-risette-gallette-riso.html"><b>Riso Scotti Risette Gallette Riso</b></a></h4>
        <p class="description">Riso Scotti le Bio Croccanti Risette 100% Riso* 150 g</p>
        <p class="right price"><b>1.89 €</b></p>
        <p class="right unitPrice">14.54 € per kg</p>
    </div>
    <div class="contButton">
    <a class="button bgRed white addToCart" href="#">Add</a>
</div>
</div><div class="left product prod13"
        data-name="Scotti Risette Gallette Mais"
        data-price="1.69"
        data-id="2297"
        data-available="yes"
        data-category="1445"
        data-bestselling="">
    <a href="../scotti-risette-gallette-mais.html">
        <div style="background-image: url('../../cdn.spesati.com/images/products/000180073/riso-scotti-le-bio-croccanti-risette-riso-e-mais-150-g-01.png')">
            <div class="hover"></div>
            
            <div class="stickers"></div>
        </div>
    </a>
    <div>
        <h4><a href="../scotti-risette-gallette-mais.html"><b>Scotti Risette Gallette Mais</b></a></h4>
        <p class="description">Riso Scotti le Bio Croccanti Risette Riso e Mais 150 g</p>
        <p class="right price"><b>1.69 €</b></p>
        <p class="right unitPrice">11.26 € per kg</p>
    </div>
    <div class="contButton">
    <a class="button bgRed white addToCart" href="#">Add</a>
</div>
</div><div class="left product prod14"
        data-name="Cracker Pavesi Mon Pom 32x35gr"
        data-price="15.54"
        data-id="27706"
        data-available="yes"
        data-category="1445"
        data-bestselling="">
    <a href="../cracker-pavesi-mon-pom-32x35gr.html">
        <div style="background-image: url('../../cdn.spesati.com/images/products/000145198/gran-pavesi-il-cracker-pomodoro-food-service-monoporzione-35g-01.png')">
            <div class="hover"></div>
            
            <div class="stickers"></div>
        </div>
    </a>
    <div>
        <h4><a href="../cracker-pavesi-mon-pom-32x35gr.html"><b>Cracker Pavesi Mon Pom 32x35gr</b></a></h4>
        <p class="description">Gran Pavesi il Cracker Pomodoro Food Service monoporzione 35g</p>
        <p class="right price"><b>15.54 €</b></p>
        <p class="right unitPrice">13.87 € per kg</p>
    </div>
    <div class="contButton">
    <a class="button bgRed white addToCart" href="#">Add</a>
</div>
</div><div class="left product prod15"
        data-name="Gran Pavesi Salati 96x31gr"
        data-price="22.87"
        data-id="27688"
        data-available="yes"
        data-category="1445"
        data-bestselling="">
    <a href="../gran-pavesi-salati-96x31gr.html">
        <div style="background-image: url('../../cdn.spesati.com/images/products/000145022/gran-pavesi-il-cracker-salato-food-service-monoporzione-3125g-01.png')">
            <div class="hover"></div>
            
            <div class="stickers"></div>
        </div>
    </a>
    <div>
        <h4><a href="../gran-pavesi-salati-96x31gr.html"><b>Gran Pavesi Salati 96x31gr</b></a></h4>
        <p class="description">Gran Pavesi il Cracker Salato Food Service monoporzione 31,25g</p>
        <p class="right price"><b>22.87 €</b></p>
        <p class="right unitPrice">7.69 € per kg</p>
    </div>
    <div class="contButton">
    <a class="button bgRed white addToCart" href="#">Add</a>
</div>
</div><div class="left product prod16"
        data-name="Tarallini Pavesi 256gr"
        data-price="3.25"
        data-id="59199"
        data-available="yes"
        data-category="1445"
        data-bestselling="">
    <a href="../tarallini-pavesi-256gr.html">
        <div style="background-image: url('../../cdn.spesati.com/images/products/000144063/gran-pavesi-snack-tarallini-olio-di-oliva-ed-extra-vergine-senza-olio-di-palma-8-pacchetti-256g-01.png')">
            <div class="hover"></div>
            
            <div class="stickers"></div>
        </div>
    </a>
    <div>
        <h4><a href="../tarallini-pavesi-256gr.html"><b>Tarallini Pavesi 256gr</b></a></h4>
        <p class="description">Gran Pavesi Snack Tarallini Olio di Oliva ed Extra Vergine, Senza Olio di Palma, 8 Pacchetti 256g</p>
        <p class="right price"><b>3.25 €</b></p>
        <p class="right unitPrice">12.51 € per kg</p>
    </div>
    <div class="contButton">
    <a class="button bgRed white addToCart" href="#">Add</a>
</div>
</div><div class="left product prod17"
        data-name="Sfoglie Tuc Saiwa Classic 170g"
        data-price="2.05"
        data-id="26943"
        data-available="yes"
        data-category="1445"
        data-bestselling="">
    <a href="../sfoglie-tuc-saiwa-classic-170g.html">
        <div style="background-image: url('../../cdn.spesati.com/images/products/000119747/tuc-sfoglie-crackers-con-olio-extra-vergine-di-oliva-un-pizzico-di-sale-170-g-01.png')">
            <div class="hover"></div>
            
            <div class="stickers"></div>
        </div>
    </a>
    <div>
        <h4><a href="../sfoglie-tuc-saiwa-classic-170g.html"><b>Sfoglie Tuc Saiwa Classic 170g</b></a></h4>
        <p class="description">Tuc Sfoglie, crackers con Olio Extra Vergine di Oliva & Un Pizzico di Sale - 170 g</p>
        <p class="right price"><b>2.05 €</b></p>
        <p class="right unitPrice">13.67 € per kg</p>
    </div>
    <div class="contButton">
    <a class="button bgRed white addToCart" href="#">Add</a>
</div>
</div><div class="left product prod18"
        data-name="Pavesi Cracker Pomodoro"
        data-price="3.05"
        data-id="4100"
        data-available="yes"
        data-category="1445"
        data-bestselling="">
    <a href="../pavesi-cracker-pomodoro.html">
        <div style="background-image: url('../../cdn.spesati.com/images/products/000117496/gran-pavesi-il-cracker-pomodoro-280g-01.png')">
            <div class="hover"></div>
            
            <div class="stickers"></div>
        </div>
    </a>
    <div>
        <h4><a href="../pavesi-cracker-pomodoro.html"><b>Pavesi Cracker Pomodoro</b></a></h4>
        <p class="description">Gran Pavesi il Cracker Pomodoro 280g</p>
        <p class="right price"><b>3.05 €</b></p>
        <p class="right unitPrice">10.90 € per kg</p>
    </div>
    <div class="contButton">
    <a class="button bgRed white addToCart" href="#">Add</a>
</div>
</div><div class="left product prod19"
        data-name="Pavesi Cracker Olive 280Gr"
        data-price="3.05"
        data-id="6214"
        data-available="yes"
        data-category="1445"
        data-bestselling="">
    <a href="../pavesi-cracker-olive-280gr.html">
        <div style="background-image: url('../../cdn.spesati.com/images/products/000117495/gran-pavesi-il-cracker-olive-280g-01.png')">
            <div class="hover"></div>
            
            <div class="stickers"></div>
        </div>
    </a>
    <div>
        <h4><a href="../pavesi-cracker-olive-280gr.html"><b>Pavesi Cracker Olive 280Gr</b></a></h4>
        <p class="description">Gran Pavesi il Cracker Olive 280g</p>
        <p class="right price"><b>3.05 €</b></p>
        <p class="right unitPrice">10.90 € per kg</p>
    </div>
    <div class="contButton">
    <a class="button bgRed white addToCart" href="#">Add</a>
</div>
</div><div class="left product prod20"
        data-name="Barilla Crackers Riso Senza Glutine"
        data-price="2.55"
        data-id="2246"
        data-available="yes"
        data-category="1445"
        data-bestselling="">
    <a href="../barilla-crackers-riso-senza-glutine.html">
        <div style="background-image: url('../../cdn.spesati.com/images/products/000117103/mulino-bianco-cracker-senza-glutine-quadretti-al-riso-e-rosmarino-200g-01.png')">
            <div class="hover"></div>
            
            <div class="stickers"><img class="left" src="../../cdn.spesati.com/images/layout/gluten-free.png" /></div>
        </div>
    </a>
    <div>
        <h4><a href="../barilla-crackers-riso-senza-glutine.html"><b>Barilla Crackers Riso Senza Glutine</b></a></h4>
        <p class="description">Mulino Bianco Cracker Senza Glutine Quadretti al Riso e Rosmarino 200g</p>
        <p class="right price"><b>2.55 €</b></p>
        <p class="right unitPrice">5.10 € per kg</p>
    </div>
    <div class="contButton">
    <a class="button bgRed white addToCart" href="#">Add</a>
</div>
</div><div class="left product prod21"
        data-name="Grissini Amorpane Monoporzione 25X18Gr"
        data-price="5.04"
        data-id="6411"
        data-available="yes"
        data-category="1445"
        data-bestselling="">
    <a href="../grissini-amorpane-monoporzione-25x18gr.html">
        <div style="background-image: url('../../cdn.spesati.com/images/products/000115073/amor-di-pane-grissini-classici-25-x-18-g-01.png')">
            <div class="hover"></div>
            
            <div class="stickers"></div>
        </div>
    </a>
    <div>
        <h4><a href="../grissini-amorpane-monoporzione-25x18gr.html"><b>Grissini Amorpane Monoporzione 25X18Gr</b></a></h4>
        <p class="description">Amor Di Pane Grissini Classici 25 x 18 g</p>
        <p class="right price"><b>5.04 €</b></p>
        <p class="right unitPrice">11.19 € per kg</p>
    </div>
    <div class="contButton">
    <a class="button bgRed white addToCart" href="#">Add</a>
</div>
</div><div class="left product prod22"
        data-name="Grissini Amorpane Sesamo 125gr"
        data-price="1.04"
        data-id="26187"
        data-available="yes"
        data-category="1445"
        data-bestselling="">
    <a href="../grissini-amorpane-sesamo-125gr.html">
        <div style="background-image: url('../../cdn.spesati.com/images/products/000115069/amor-di-pane-grissini-con-solo-olio-extravergine-doliva-sesamo-125-g-01.png')">
            <div class="hover"></div>
            
            <div class="stickers"></div>
        </div>
    </a>
    <div>
        <h4><a href="../grissini-amorpane-sesamo-125gr.html"><b>Grissini Amorpane Sesamo 125gr</b></a></h4>
        <p class="description">Amor di Pane Grissini con Solo Olio Extravergine d'Oliva Sesamo 125 g</p>
        <p class="right price"><b>1.04 €</b></p>
        <p class="right unitPrice">8.29 € per kg</p>
    </div>
    <div class="contButton">
    <a class="button bgRed white addToCart" href="#">Add</a>
</div>
</div><div class="left product prod23"
        data-name="Grissini Amorpane Pizza 125gr"
        data-price="1.04"
        data-id="26186"
        data-available="yes"
        data-category="1445"
        data-bestselling="">
    <a href="../grissini-amorpane-pizza-125gr.html">
        <div style="background-image: url('../../cdn.spesati.com/images/products/000115067/amor-di-pane-grissini-con-solo-olio-extravergine-doliva-gusto-pizza-125-g-01.png')">
            <div class="hover"></div>
            
            <div class="stickers"></div>
        </div>
    </a>
    <div>
        <h4><a href="../grissini-amorpane-pizza-125gr.html"><b>Grissini Amorpane Pizza 125gr</b></a></h4>
        <p class="description">Amor di Pane Grissini con Solo Olio Extravergine d'Oliva Gusto Pizza 125 g</p>
        <p class="right price"><b>1.04 €</b></p>
        <p class="right unitPrice">8.29 € per kg</p>
    </div>
    <div class="contButton">
    <a class="button bgRed white addToCart" href="#">Add</a>
</div>
</div><div class="left product prod24"
        data-name="Buitoni Crostini Dorati Gr 300"
        data-price="2.63"
        data-id="4699"
        data-available="yes"
        data-category="1445"
        data-bestselling="1">
    <a href="../buitoni-crostini-dorati-gr-300.html">
        <div style="background-image: url('../../cdn.spesati.com/images/products/000115065/sansepolcro-toscana-crostino-dorato-croccante-300-g-01.png')">
            <div class="hover"></div>
            <p class="arrow bgRed white">Best Seller</p>
            <div class="stickers"></div>
        </div>
    </a>
    <div>
        <h4><a href="../buitoni-crostini-dorati-gr-300.html"><b>Buitoni Crostini Dorati Gr 300</b></a></h4>
        <p class="description">Sansepolcro Toscana Crostino dorato Croccante 300 g</p>
        <p class="right price"><b>2.63 €</b></p>
        <p class="right unitPrice">8.78 € per kg</p>
    </div>
    <div class="contButton">
    <a class="button bgRed white addToCart" href="#">Add</a>
</div>
</div><div class="left product prod25"
        data-name="Grissini Amorpane Rosmarino 125Gr"
        data-price="1.04"
        data-id="6412"
        data-available="yes"
        data-category="1445"
        data-bestselling="">
    <a href="../grissini-amorpane-rosmarino-125gr.html">
        <div style="background-image: url('../../cdn.spesati.com/images/products/000115064/amor-di-pane-grissini-con-solo-olio-extravergine-doliva-rosmarino-125-g-01.png')">
            <div class="hover"></div>
            
            <div class="stickers"></div>
        </div>
    </a>
    <div>
        <h4><a href="../grissini-amorpane-rosmarino-125gr.html"><b>Grissini Amorpane Rosmarino 125Gr</b></a></h4>
        <p class="description">Amor di Pane Grissini con Solo Olio Extravergine d'Oliva Rosmarino 125 g</p>
        <p class="right price"><b>1.04 €</b></p>
        <p class="right unitPrice">8.29 € per kg</p>
    </div>
    <div class="contButton">
    <a class="button bgRed white addToCart" href="#">Add</a>
</div>
</div><div class="left product prod26"
        data-name="Grissini Amorpane Class 125gr"
        data-price="1.04"
        data-id="26185"
        data-available="yes"
        data-category="1445"
        data-bestselling="">
    <a href="../grissini-amorpane-class-125gr.html">
        <div style="background-image: url('../../cdn.spesati.com/images/products/000115063/amor-di-pane-grissini-con-solo-olio-extravergine-doliva-classico-125-g-01.png')">
            <div class="hover"></div>
            
            <div class="stickers"></div>
        </div>
    </a>
    <div>
        <h4><a href="../grissini-amorpane-class-125gr.html"><b>Grissini Amorpane Class 125gr</b></a></h4>
        <p class="description">Amor di Pane Grissini con Solo Olio Extravergine d'Oliva Classico 125 g</p>
        <p class="right price"><b>1.04 €</b></p>
        <p class="right unitPrice">8.29 € per kg</p>
    </div>
    <div class="contButton">
    <a class="button bgRed white addToCart" href="#">Add</a>
</div>
</div><div class="left product prod27"
        data-name="Barilla Raggianti Olio Extravergine"
        data-price="2.45"
        data-id="2252"
        data-available="yes"
        data-category="1445"
        data-bestselling="">
    <a href="../barilla-raggianti-olio-extravergine.html">
        <div style="background-image: url('../../cdn.spesati.com/images/products/000115057/mulino-bianco-raggianti-grissini-con-olio-extra-vergine-di-oliva-con-farina-sostenibile-230g-01.png')">
            <div class="hover"></div>
            
            <div class="stickers"></div>
        </div>
    </a>
    <div>
        <h4><a href="../barilla-raggianti-olio-extravergine.html"><b>Barilla Raggianti Olio Extravergine</b></a></h4>
        <p class="description">Mulino Bianco Raggianti Grissini con Olio Extra Vergine di Oliva con Farina Sostenibile 230g</p>
        <p class="right price"><b>2.45 €</b></p>
        <p class="right unitPrice">10.65 € per kg</p>
    </div>
    <div class="contButton">
    <a class="button bgRed white addToCart" href="#">Add</a>
</div>
</div><div class="left product prod28"
        data-name="Barilla Pangri Rustici"
        data-price="2.45"
        data-id="4141"
        data-available="yes"
        data-category="1445"
        data-bestselling="1">
    <a href="../barilla-pangri-rustici.html">
        <div style="background-image: url('../../cdn.spesati.com/images/products/000115056/mulino-bianco-pangri-grissini-con-farina-sostenibile-300g-01.png')">
            <div class="hover"></div>
            <p class="arrow bgRed white">Best Seller</p>
            <div class="stickers"></div>
        </div>
    </a>
    <div>
        <h4><a href="../barilla-pangri-rustici.html"><b>Barilla Pangri Rustici</b></a></h4>
        <p class="description">Mulino Bianco Pangrì Grissini con Farina Sostenibile 300g</p>
        <p class="right price"><b>2.45 €</b></p>
        <p class="right unitPrice">8.16 € per kg</p>
    </div>
    <div class="contButton">
    <a class="button bgRed white addToCart" href="#">Add</a>
</div>
</div><div class="left product prod29"
        data-name="Barilla Grissini Friabili"
        data-price="2.39"
        data-id="2250"
        data-available="yes"
        data-category="1445"
        data-bestselling="2">
    <a href="../barilla-grissini-friabili.html">
        <div style="background-image: url('../../cdn.spesati.com/images/products/000115055/mulino-bianco-friabili-grissini-classici-con-farina-sostenibile-300g-01.png')">
            <div class="hover"></div>
            <p class="arrow bgRed white">Best Seller</p>
            <div class="stickers"></div>
        </div>
    </a>
    <div>
        <h4><a href="../barilla-grissini-friabili.html"><b>Barilla Grissini Friabili</b></a></h4>
        <p class="description">Mulino Bianco Friabili Grissini Classici con Farina Sostenibile 300g</p>
        <p class="right price"><b>2.39 €</b></p>
        <p class="right unitPrice">7.97 € per kg</p>
    </div>
    <div class="contButton">
    <a class="button bgRed white addToCart" href="#">Add</a>
</div>
</div><div class="left product prod30"
        data-name="Barilla Grissini Torinesi G280"
        data-price="2.63"
        data-id="4647"
        data-available="yes"
        data-category="1445"
        data-bestselling="1">
    <a href="../barilla-grissini-torinesi-g280.html">
        <div style="background-image: url('../../cdn.spesati.com/images/products/000115052/mulino-bianco-torinesi-grissini-croccanti-stirati-con-farina-sostenibile-280g-01.png')">
            <div class="hover"></div>
            <p class="arrow bgRed white">Best Seller</p>
            <div class="stickers"></div>
        </div>
    </a>
    <div>
        <h4><a href="../barilla-grissini-torinesi-g280.html"><b>Barilla Grissini Torinesi G280</b></a></h4>
        <p class="description">Mulino Bianco Torinesi Grissini Croccanti Stirati con Farina Sostenibile 280g</p>
        <p class="right price"><b>2.63 €</b></p>
        <p class="right unitPrice">9.41 € per kg</p>
    </div>
    <div class="contButton">
    <a class="button bgRed white addToCart" href="#">Add</a>
</div>
</div><div class="left product prod31"
        data-name="Gallette Fiorentini Si No Legumi 80Gr"
        data-price="2.05"
        data-id="4791"
        data-available="yes"
        data-category="1445"
        data-bestselling="">
    <a href="../gallette-fiorentini-si-no-legumi-80gr.html">
        <div style="background-image: url('../../cdn.spesati.com/images/products/000112671/fiorentini-gli-originali-sino-legumi-bio-80-g-01.png')">
            <div class="hover"></div>
            
            <div class="stickers"><img class="left" src="../../cdn.spesati.com/images/layout/gluten-free.png" /><img class="left" src="../../cdn.spesati.com/images/layout/bio.png" /></div>
        </div>
    </a>
    <div>
        <h4><a href="../gallette-fiorentini-si-no-legumi-80gr.html"><b>Gallette Fiorentini Si No Legumi 80Gr</b></a></h4>
        <p class="description">Fiorentini gli Originali Si&No Legumi Bio 80 g</p>
        <p class="right price"><b>2.05 €</b></p>
        <p class="right unitPrice">25.63 € per kg</p>
    </div>
    <div class="contButton">
    <a class="button bgRed white addToCart" href="#">Add</a>
</div>
</div><div class="left product prod32"
        data-name="Gallette Fiorentini Chia Bio Senza Glutine 120Gr"
        data-price="3.21"
        data-id="4785"
        data-available="yes"
        data-category="1445"
        data-bestselling="">
    <a href="../gallette-fiorentini-chia-bio-senza-glutine-120gr.html">
        <div style="background-image: url('../../cdn.spesati.com/images/products/000112224/fiorentini-le-originali-gallette-bio-semi-di-chia-120-g-01.png')">
            <div class="hover"></div>
            
            <div class="stickers"><img class="left" src="../../cdn.spesati.com/images/layout/gluten-free.png" /><img class="left" src="../../cdn.spesati.com/images/layout/bio.png" /></div>
        </div>
    </a>
    <div>
        <h4><a href="../gallette-fiorentini-chia-bio-senza-glutine-120gr.html"><b>Gallette Fiorentini Chia Bio Senza Glutine 120Gr</b></a></h4>
        <p class="description">Fiorentini le Originali Gallette Bio Semi di Chia 120 g</p>
        <p class="right price"><b>3.21 €</b></p>
        <p class="right unitPrice">26.77 € per kg</p>
    </div>
    <div class="contButton">
    <a class="button bgRed white addToCart" href="#">Add</a>
</div>
</div><div class="left product prod33"
        data-name="Grissini Torinesi Mul B 350gr"
        data-price="3.50"
        data-id="25886"
        data-available="yes"
        data-category="1445"
        data-bestselling="">
    <a href="../grissini-torinesi-mul-b-350gr.html">
        <div style="background-image: url('../../cdn.spesati.com/images/products/000112125/mulino-bianco-torinesi-grissini-croccanti-con-farina-sostenibile-food-service-350g-01.png')">
            <div class="hover"></div>
            
            <div class="stickers"></div>
        </div>
    </a>
    <div>
        <h4><a href="../grissini-torinesi-mul-b-350gr.html"><b>Grissini Torinesi Mul B 350gr</b></a></h4>
        <p class="description">Mulino Bianco Torinesi Grissini Croccanti con Farina Sostenibile Food Service 350g</p>
        <p class="right price"><b>3.50 €</b></p>
        <p class="right unitPrice">1.00 € per kg</p>
    </div>
    <div class="contButton">
    <a class="button bgRed white addToCart" href="#">Add</a>
</div>
</div><div class="left product prod34"
        data-name="Gris Amorpane Mon Tori 30x16gr"
        data-price="4.81"
        data-id="25749"
        data-available="yes"
        data-category="1445"
        data-bestselling="">
    <a href="../gris-amorpane-mon-tori-30x16gr.html">
        <div style="background-image: url('../../cdn.spesati.com/images/products/000111647/amor-di-pane-tipo-torinesi-30-x-16-g-01.png')">
            <div class="hover"></div>
            
            <div class="stickers"></div>
        </div>
    </a>
    <div>
        <h4><a href="../gris-amorpane-mon-tori-30x16gr.html"><b>Gris Amorpane Mon Tori 30x16gr</b></a></h4>
        <p class="description">Amor Di Pane Tipo Torinesi 30 x 16 g</p>
        <p class="right price"><b>4.81 €</b></p>
        <p class="right unitPrice">10.02 € per kg</p>
    </div>
    <div class="contButton">
    <a class="button bgRed white addToCart" href="#">Add</a>
</div>
</div><div class="left product prod35"
        data-name="Gallette Fiorentini Si No Mais Bio 100Gr"
        data-price="2.25"
        data-id="4787"
        data-available="yes"
        data-category="1445"
        data-bestselling="">
    <a href="../gallette-fiorentini-si-no-mais-bio-100gr.html">
        <div style="background-image: url('../../cdn.spesati.com/images/products/000111545/fiorentini-gli-originali-sino-mais-bio-100-g-01.png')">
            <div class="hover"></div>
            
            <div class="stickers"><img class="left" src="../../cdn.spesati.com/images/layout/gluten-free.png" /><img class="left" src="../../cdn.spesati.com/images/layout/bio.png" /></div>
        </div>
    </a>
    <div>
        <h4><a href="../gallette-fiorentini-si-no-mais-bio-100gr.html"><b>Gallette Fiorentini Si No Mais Bio 100Gr</b></a></h4>
        <p class="description">Fiorentini gli Originali Si&No Mais Bio 100 g</p>
        <p class="right price"><b>2.25 €</b></p>
        <p class="right unitPrice">22.50 € per kg</p>
    </div>
    <div class="contButton">
    <a class="button bgRed white addToCart" href="#">Add</a>
</div>
</div><div class="left product prod36"
        data-name="Gallette Fiorentini Tria Ris Bio 100Gr"
        data-price="2.29"
        data-id="4788"
        data-available="yes"
        data-category="1445"
        data-bestselling="">
    <a href="../gallette-fiorentini-tria-ris-bio-100gr.html">
        <div style="background-image: url('../../cdn.spesati.com/images/products/000111542/fiorentini-gli-originali-sino-riso-bio-100-g-01.png')">
            <div class="hover"></div>
            
            <div class="stickers"><img class="left" src="../../cdn.spesati.com/images/layout/gluten-free.png" /><img class="left" src="../../cdn.spesati.com/images/layout/bio.png" /></div>
        </div>
    </a>
    <div>
        <h4><a href="../gallette-fiorentini-tria-ris-bio-100gr.html"><b>Gallette Fiorentini Tria Ris Bio 100Gr</b></a></h4>
        <p class="description">Fiorentini gli Originali Si&No Riso Bio 100 g</p>
        <p class="right price"><b>2.29 €</b></p>
        <p class="right unitPrice">22.90 € per kg</p>
    </div>
    <div class="contButton">
    <a class="button bgRed white addToCart" href="#">Add</a>
</div>
</div><div class="left product prod37"
        data-name="Ds Grissini Senza Glutine"
        data-price="5.09"
        data-id="2266"
        data-available="yes"
        data-category="1445"
        data-bestselling="">
    <a href="../ds-grissini-senza-glutine.html">
        <div style="background-image: url('../../cdn.spesati.com/images/products/000111483/schaer-grissini-4-x-60-g-01.png')">
            <div class="hover"></div>
            
            <div class="stickers"><img class="left" src="../../cdn.spesati.com/images/layout/gluten-free.png" /></div>
        </div>
    </a>
    <div>
        <h4><a href="../ds-grissini-senza-glutine.html"><b>Ds Grissini Senza Glutine</b></a></h4>
        <p class="description">Schär Grissini 4 x 60 g</p>
        <p class="right price"><b>5.09 €</b></p>
        <p class="right unitPrice">25.45 € per kg</p>
    </div>
    <div class="contButton">
    <a class="button bgRed white addToCart" href="#">Add</a>
</div>
</div><div class="left product prod38"
        data-name="Gallette Fiorentini Farro Bio 120Gr"
        data-price="2.49"
        data-id="4789"
        data-available="yes"
        data-category="1445"
        data-bestselling="">
    <a href="../gallette-fiorentini-farro-bio-120gr.html">
        <div style="background-image: url('../../cdn.spesati.com/images/products/000110121/fiorentini-le-originali-gallette-bio-di-farro-120-g-01.png')">
            <div class="hover"></div>
            
            <div class="stickers"><img class="left" src="../../cdn.spesati.com/images/layout/bio.png" /></div>
        </div>
    </a>
    <div>
        <h4><a href="../gallette-fiorentini-farro-bio-120gr.html"><b>Gallette Fiorentini Farro Bio 120Gr</b></a></h4>
        <p class="description">Fiorentini le Originali Gallette Bio di Farro 120 g</p>
        <p class="right price"><b>2.49 €</b></p>
        <p class="right unitPrice">20.76 € per kg</p>
    </div>
    <div class="contButton">
    <a class="button bgRed white addToCart" href="#">Add</a>
</div>
</div><div class="left product prod39"
        data-name="Gallette Fiorentini Riso Bio 120Gr"
        data-price="1.95"
        data-id="4790"
        data-available="yes"
        data-category="1445"
        data-bestselling="">
    <a href="../gallette-fiorentini-riso-bio-120gr.html">
        <div style="background-image: url('../../cdn.spesati.com/images/products/000110120/fiorentini-le-originali-gallette-bio-di-riso-120-g-01.png')">
            <div class="hover"></div>
            
            <div class="stickers"><img class="left" src="../../cdn.spesati.com/images/layout/bio.png" /></div>
        </div>
    </a>
    <div>
        <h4><a href="../gallette-fiorentini-riso-bio-120gr.html"><b>Gallette Fiorentini Riso Bio 120Gr</b></a></h4>
        <p class="description">Fiorentini le Originali Gallette Bio di Riso 120 g</p>
        <p class="right price"><b>1.95 €</b></p>
        <p class="right unitPrice">16.26 € per kg</p>
    </div>
    <div class="contButton">
    <a class="button bgRed white addToCart" href="#">Add</a>
</div>
</div><div class="left product prod40"
        data-name="Fiorentini Bio Gallette Mais"
        data-price="2.25"
        data-id="3720"
        data-available="yes"
        data-category="1445"
        data-bestselling="">
    <a href="../fiorentini-bio-gallette-mais.html">
        <div style="background-image: url('../../cdn.spesati.com/images/products/000110118/fiorentini-le-originali-gallette-bio-di-mais-120-g-01.png')">
            <div class="hover"></div>
            
            <div class="stickers"></div>
        </div>
    </a>
    <div>
        <h4><a href="../fiorentini-bio-gallette-mais.html"><b>Fiorentini Bio Gallette Mais</b></a></h4>
        <p class="description">Fiorentini le Originali Gallette Bio di Mais 120 g</p>
        <p class="right price"><b>2.25 €</b></p>
        <p class="right unitPrice">18.74 € per kg</p>
    </div>
    <div class="contButton">
    <a class="button bgRed white addToCart" href="#">Add</a>
</div>
</div><div class="left product prod41"
        data-name="Gallette Fiorentini Mini Mais Bio 200Gr"
        data-price="3.76"
        data-id="4786"
        data-available="yes"
        data-category="1445"
        data-bestselling="">
    <a href="../gallette-fiorentini-mini-mais-bio-200gr.html">
        <div style="background-image: url('../../cdn.spesati.com/images/products/000110117/fiorentini-bio-mini-gallette-di-mais-200-g-01.png')">
            <div class="hover"></div>
            
            <div class="stickers"><img class="left" src="../../cdn.spesati.com/images/layout/bio.png" /></div>
        </div>
    </a>
    <div>
        <h4><a href="../gallette-fiorentini-mini-mais-bio-200gr.html"><b>Gallette Fiorentini Mini Mais Bio 200Gr</b></a></h4>
        <p class="description">Fiorentini Bio Mini Gallette di Mais 200 g</p>
        <p class="right price"><b>3.76 €</b></p>
        <p class="right unitPrice">18.80 € per kg</p>
    </div>
    <div class="contButton">
    <a class="button bgRed white addToCart" href="#">Add</a>
</div>
</div><div class="left product prod42"
        data-name="Crackers Schar Senza Glutine 210Gr"
        data-price="2.89"
        data-id="6874"
        data-available="yes"
        data-category="1445"
        data-bestselling="1">
    <a href="../crackers-schar-senza-glutine-210gr.html">
        <div style="background-image: url('../../cdn.spesati.com/images/products/000110069/schaer-crackers-6-x-35-g-01.png')">
            <div class="hover"></div>
            <p class="arrow bgRed white">Best Seller</p>
            <div class="stickers"><img class="left" src="../../cdn.spesati.com/images/layout/gluten-free.png" /></div>
        </div>
    </a>
    <div>
        <h4><a href="../crackers-schar-senza-glutine-210gr.html"><b>Crackers Schar Senza Glutine 210Gr</b></a></h4>
        <p class="description">Schär Crackers 6 x 35 g</p>
        <p class="right price"><b>2.89 €</b></p>
        <p class="right unitPrice">13.76 € per kg</p>
    </div>
    <div class="contButton">
    <a class="button bgRed white addToCart" href="#">Add</a>
</div>
</div><div class="left product prod43"
        data-name="Saiwa Cracker Premium Salati 315 Gr"
        data-price="2.53"
        data-id="4944"
        data-available="yes"
        data-category="1445"
        data-bestselling="">
    <a href="../saiwa-cracker-premium-salati-315-gr.html">
        <div style="background-image: url('../../cdn.spesati.com/images/products/000110063/cracker-premium-saiwa-salati-315-g-01.png')">
            <div class="hover"></div>
            
            <div class="stickers"></div>
        </div>
    </a>
    <div>
        <h4><a href="../saiwa-cracker-premium-salati-315-gr.html"><b>Saiwa Cracker Premium Salati 315 Gr</b></a></h4>
        <p class="description">Cracker Premium Saiwa Salati  - 315 g</p>
        <p class="right price"><b>2.53 €</b></p>
        <p class="right unitPrice">8.03 € per kg</p>
    </div>
    <div class="contButton">
    <a class="button bgRed white addToCart" href="#">Add</a>
</div>
</div><div class="left product prod44"
        data-name="Misura Crackers Soia 400 Gr"
        data-price="3.23"
        data-id="4863"
        data-available="yes"
        data-category="1445"
        data-bestselling="">
    <a href="../misura-crackers-soia-400-gr.html">
        <div style="background-image: url('../../cdn.spesati.com/images/products/000109626/misura-protein-crackers-con-soia-400-g-01.png')">
            <div class="hover"></div>
            
            <div class="stickers"></div>
        </div>
    </a>
    <div>
        <h4><a href="../misura-crackers-soia-400-gr.html"><b>Misura Crackers Soia 400 Gr</b></a></h4>
        <p class="description">Misura Protein Crackers con Soia 400 g</p>
        <p class="right price"><b>3.23 €</b></p>
        <p class="right unitPrice">8.06 € per kg</p>
    </div>
    <div class="contButton">
    <a class="button bgRed white addToCart" href="#">Add</a>
</div>
</div><div class="left product prod45"
        data-name="Saiwa Tuc Bacon 100Gr"
        data-price="1.65"
        data-id="6271"
        data-available="yes"
        data-category="1445"
        data-bestselling="">
    <a href="../saiwa-tuc-bacon-100gr.html">
        <div style="background-image: url('../../cdn.spesati.com/images/products/000109572/tuc-al-gusto-bacon-biscotti-salati-100-g-01.png')">
            <div class="hover"></div>
            
            <div class="stickers"></div>
        </div>
    </a>
    <div>
        <h4><a href="../saiwa-tuc-bacon-100gr.html"><b>Saiwa Tuc Bacon 100Gr</b></a></h4>
        <p class="description">Tuc al gusto Bacon Biscotti Salati - 100 g</p>
        <p class="right price"><b>1.65 €</b></p>
        <p class="right unitPrice">16.50 € per kg</p>
    </div>
    <div class="contButton">
    <a class="button bgRed white addToCart" href="#">Add</a>
</div>
</div><div class="left product prod46"
        data-name="Saiwa Tuc 100 Gr"
        data-price="1.65"
        data-id="5477"
        data-available="yes"
        data-category="1445"
        data-bestselling="">
    <a href="../saiwa-tuc-100-gr.html">
        <div style="background-image: url('../../cdn.spesati.com/images/products/000109570/tuc-original-biscotti-salati-100-g-01.png')">
            <div class="hover"></div>
            
            <div class="stickers"></div>
        </div>
    </a>
    <div>
        <h4><a href="../saiwa-tuc-100-gr.html"><b>Saiwa Tuc 100 Gr</b></a></h4>
        <p class="description">Tuc Original Biscotti Salati - 100 g</p>
        <p class="right price"><b>1.65 €</b></p>
        <p class="right unitPrice">16.50 € per kg</p>
    </div>
    <div class="contButton">
    <a class="button bgRed white addToCart" href="#">Add</a>
</div>
</div><div class="left product prod47"
        data-name="Saiwa Tuc Pocket X8 250Gr"
        data-price="2.89"
        data-id="6149"
        data-available="yes"
        data-category="1445"
        data-bestselling="4">
    <a href="../saiwa-tuc-pocket-x8-250gr.html">
        <div style="background-image: url('../../cdn.spesati.com/images/products/000109566/tuc-cracker-classico-cotto-al-forno-250g-01.png')">
            <div class="hover"></div>
            <p class="arrow bgRed white">Best Seller</p>
            <div class="stickers"></div>
        </div>
    </a>
    <div>
        <h4><a href="../saiwa-tuc-pocket-x8-250gr.html"><b>Saiwa Tuc Pocket X8 250Gr</b></a></h4>
        <p class="description">Tuc Cracker Classico cotto al forno - 250g</p>
        <p class="right price"><b>2.89 €</b></p>
        <p class="right unitPrice">11.56 € per kg</p>
    </div>
    <div class="contButton">
    <a class="button bgRed white addToCart" href="#">Add</a>
</div>
</div><div class="left product prod48"
        data-name="Ritz Mini Multipack 6X40Gr"
        data-price="3.16"
        data-id="5838"
        data-available="yes"
        data-category="1445"
        data-bestselling="">
    <a href="../ritz-mini-multipack-6x40gr.html">
        <div style="background-image: url('../../cdn.spesati.com/images/products/000109554/ritz-original-mini-crackers-multipack-6-bustine-240g-01.png')">
            <div class="hover"></div>
            
            <div class="stickers"></div>
        </div>
    </a>
    <div>
        <h4><a href="../ritz-mini-multipack-6x40gr.html"><b>Ritz Mini Multipack 6X40Gr</b></a></h4>
        <p class="description">Ritz Original Mini Crackers Multipack 6 Bustine - 240g</p>
        <p class="right price"><b>3.16 €</b></p>
        <p class="right unitPrice">13.18 € per kg</p>
    </div>
    <div class="contButton">
    <a class="button bgRed white addToCart" href="#">Add</a>
</div>
</div><div class="left product prod49"
        data-name="Ritz Astuccio"
        data-price="2.59"
        data-id="2293"
        data-available="yes"
        data-category="1445"
        data-bestselling="">
    <a href="../ritz-astuccio.html">
        <div style="background-image: url('../../cdn.spesati.com/images/products/000109550/ritz-original-crackers-astuccio-200g-01.png')">
            <div class="hover"></div>
            
            <div class="stickers"></div>
        </div>
    </a>
    <div>
        <h4><a href="../ritz-astuccio.html"><b>Ritz Astuccio</b></a></h4>
        <p class="description">Ritz Original Crackers Astuccio - 200g</p>
        <p class="right price"><b>2.59 €</b></p>
        <p class="right unitPrice">12.95 € per kg</p>
    </div>
    <div class="contButton">
    <a class="button bgRed white addToCart" href="#">Add</a>
</div>
</div><div class="left product prod50"
        data-name="Pavesi Cracker Non Salati"
        data-price="2.09"
        data-id="4150"
        data-available="yes"
        data-category="1445"
        data-bestselling="">
    <a href="../pavesi-cracker-non-salati.html">
        <div style="background-image: url('../../cdn.spesati.com/images/products/000109412/gran-pavesi-il-cracker-salato-senza-granelli-di-sale-in-superficie-560g-01.png')">
            <div class="hover"></div>
            <p class="arrow bgRed white">Offer</p>
            <div class="stickers"></div>
        </div>
    </a>
    <div>
        <h4><a href="../pavesi-cracker-non-salati.html"><b>Pavesi Cracker Non Salati</b></a></h4>
        <p class="description">Gran Pavesi il Cracker Salato Senza Granelli di Sale in Superficie 560g</p>
        <p class="left offer red">2.55 €</p>
<p class="right price"><b>2.09 €</b></p>
        <p class="right unitPrice">3.73 € per kg</p>
    </div>
    <div class="contButton">
    <a class="button bgRed white addToCart" href="#">Add</a>
</div>
</div><div class="left product prod51"
        data-name="Pavesi Cracker Salati"
        data-price="2.09"
        data-id="4149"
        data-available="yes"
        data-category="1445"
        data-bestselling="5">
    <a href="../pavesi-cracker-salati.html">
        <div style="background-image: url('../../cdn.spesati.com/images/products/000109410/gran-pavesi-il-cracker-salato-con-granelli-di-sale-in-superficie-560g-01.png')">
            <div class="hover"></div>
            <p class="arrow bgRed white">Offer</p>
            <div class="stickers"></div>
        </div>
    </a>
    <div>
        <h4><a href="../pavesi-cracker-salati.html"><b>Pavesi Cracker Salati</b></a></h4>
        <p class="description">Gran Pavesi il Cracker Salato con Grano 100% italiano 560g</p>
        <p class="left offer red">2.55 €</p>
<p class="right price"><b>2.09 €</b></p>
        <p class="right unitPrice">3.73 € per kg</p>
    </div>
    <div class="contButton">
    <a class="button bgRed white addToCart" href="#">Add</a>
</div>
</div><div class="left product prod52"
        data-name="Galbusera Cracker Risosuriso 380Gr"
        data-price="2.85"
        data-id="4781"
        data-available="yes"
        data-category="1445"
        data-bestselling="">
    <a href="../galbusera-cracker-risosuriso-380gr.html">
        <div style="background-image: url('../../cdn.spesati.com/images/products/000109274/galbusera-risosuriso-doppia-croccantezza-12-x-317-g-01.png')">
            <div class="hover"></div>
            
            <div class="stickers"></div>
        </div>
    </a>
    <div>
        <h4><a href="../galbusera-cracker-risosuriso-380gr.html"><b>Galbusera Cracker Risosuriso 380Gr</b></a></h4>
        <p class="description">Galbusera RisosuRiso Doppia croccantezza! 12 x 31,7 g</p>
        <p class="right price"><b>2.85 €</b></p>
        <p class="right unitPrice">7.49 € per kg</p>
    </div>
    <div class="contButton">
    <a class="button bgRed white addToCart" href="#">Add</a>
</div>
</div><div class="left product prod53"
        data-name="Cracker Mais Galbusera 400g"
        data-price="3.29"
        data-id="25431"
        data-available="yes"
        data-category="1445"
        data-bestselling="">
    <a href="../cracker-mais-galbusera-400g.html">
        <div style="background-image: url('../../cdn.spesati.com/images/products/000109273/galbusera-mais-i-fragranti-con-farina-e-solo-olio-di-mais-12-x-333-g-01.png')">
            <div class="hover"></div>
            
            <div class="stickers"></div>
        </div>
    </a>
    <div>
        <h4><a href="../cracker-mais-galbusera-400g.html"><b>Cracker Mais Galbusera 400g</b></a></h4>
        <p class="description">Galbusera Mais i Fragranti con Farina e Solo Olio di Mais 12 x 33,3 g</p>
        <p class="right price"><b>3.29 €</b></p>
        <p class="right unitPrice">8.23 € per kg</p>
    </div>
    <div class="contButton">
    <a class="button bgRed white addToCart" href="#">Add</a>
</div>
</div><div class="left product prod54"
        data-name="Barilla Cracker Fiori D'acqua"
        data-price="1.89"
        data-id="2242"
        data-available="yes"
        data-category="1445"
        data-bestselling="">
    <a href="../barilla-cracker-fiori-dacqua.html">
        <div style="background-image: url('../../cdn.spesati.com/images/products/000109080/mulino-bianco-armonia-fiori-dacqua-cracker-senza-lievito-ricchi-di-fibre-250g-01.png')">
            <div class="hover"></div>
            
            <div class="stickers"></div>
        </div>
    </a>
    <div>
        <h4><a href="../barilla-cracker-fiori-dacqua.html"><b>Barilla Cracker Fiori D'acqua</b></a></h4>
        <p class="description">Mulino Bianco Armonia Fiori d'Acqua Cracker Senza Lievito Ricchi di Fibre 250g</p>
        <p class="right price"><b>1.89 €</b></p>
        <p class="right unitPrice">7.56 € per kg</p>
    </div>
    <div class="contButton">
    <a class="button bgRed white addToCart" href="#">Add</a>
</div>
</div><div class="left product prod55"
        data-name="Barilla Cracker Os Non Salati"
        data-price="2.29"
        data-id="2245"
        data-available="yes"
        data-category="1445"
        data-bestselling="">
    <a href="../barilla-cracker-os-non-salati.html">
        <div style="background-image: url('../../cdn.spesati.com/images/products/000109024/mulino-bianco-cracker-non-salati-con-farina-sostenibile-500g-01.png')">
            <div class="hover"></div>
            
            <div class="stickers"></div>
        </div>
    </a>
    <div>
        <h4><a href="../barilla-cracker-os-non-salati.html"><b>Barilla Cracker Os Non Salati</b></a></h4>
        <p class="description">Mulino Bianco Cracker non Salati con Farina Sostenibile 500g</p>
        <p class="right price"><b>2.29 €</b></p>
        <p class="right unitPrice">4.58 € per kg</p>
    </div>
    <div class="contButton">
    <a class="button bgRed white addToCart" href="#">Add</a>
</div>
</div><div class="left product prod56"
        data-name="Barilla Cracker Os Salati"
        data-price="2.29"
        data-id="4214"
        data-available="yes"
        data-category="1445"
        data-bestselling="3">
    <a href="../barilla-cracker-os-salati.html">
        <div style="background-image: url('../../cdn.spesati.com/images/products/000109023/mulino-bianco-cracker-salati-con-farina-sostenibile-500g-01.png')">
            <div class="hover"></div>
            <p class="arrow bgRed white">Best Seller</p>
            <div class="stickers"></div>
        </div>
    </a>
    <div>
        <h4><a href="../barilla-cracker-os-salati.html"><b>Barilla Cracker Os Salati</b></a></h4>
        <p class="description">Mulino Bianco Cracker Salati con Farina Sostenibile 500g</p>
        <p class="right price"><b>2.29 €</b></p>
        <p class="right unitPrice">7.63 € per kg</p>
    </div>
    <div class="contButton">
    <a class="button bgRed white addToCart" href="#">Add</a>
</div>
</div><div class="left product prod57"
        data-name="Barilla Gallette Di Riso Gran Cereale"
        data-price="3.07"
        data-id="2247"
        data-available="yes"
        data-category="1445"
        data-bestselling="">
    <a href="../barilla-gallette-di-riso-gran-cereale.html">
        <div style="background-image: url('../../cdn.spesati.com/images/products/000108995/gran-cereale-biscotti-gran-cereale-classico-fiocchi-di-avena-farro-orzo-tubo-500-g-01.png')">
            <div class="hover"></div>
            
            <div class="stickers"></div>
        </div>
    </a>
    <div>
        <h4><a href="../barilla-gallette-di-riso-gran-cereale.html"><b>Barilla Gallette Di Riso Gran Cereale</b></a></h4>
        <p class="description">Gran Cereale Biscotti Gran Cereale Classico  Fiocchi di Avena Farro Orzo Tubo 500 g</p>
        <p class="right price"><b>3.07 €</b></p>
        <p class="right unitPrice">30.73 € per kg</p>
    </div>
    <div class="contButton">
    <a class="button bgRed white addToCart" href="#">Add</a>
</div>
</div><div class="left product prod58"
        data-name="Barilla Granetti Dorati"
        data-price="2.05"
        data-id="2248"
        data-available="yes"
        data-category="1445"
        data-bestselling="1">
    <a href="../barilla-granetti-dorati.html">
        <div style="background-image: url('../../cdn.spesati.com/images/products/000108981/mulino-bianco-granetti-crostini-280g--01.png')">
            <div class="hover"></div>
            <p class="arrow bgRed white">Best Seller</p>
            <div class="stickers"></div>
        </div>
    </a>
    <div>
        <h4><a href="../barilla-granetti-dorati.html"><b>Barilla Granetti Dorati</b></a></h4>
        <p class="description">Mulino Bianco Granetti Crostini 280g </p>
        <p class="right price"><b>2.05 €</b></p>
        <p class="right unitPrice">7.32 € per kg</p>
    </div>
    <div class="contButton">
    <a class="button bgRed white addToCart" href="#">Add</a>
</div>
</div><div class="left product prod59"
        data-name="Zuppetti Di Pane Gecchele 100g"
        data-price="1.79"
        data-id="26601"
        data-available="yes"
        data-category="1445"
        data-bestselling="">
    <a href="../zuppetti-di-pane-gecchele-100g.html">
        <div style="background-image: url('../../cdn.spesati.com/images/products/missing-image/missing-image.jpg')">
            <div class="hover"></div>
            
            <div class="stickers"></div>
        </div>
    </a>
    <div>
        <h4><a href="../zuppetti-di-pane-gecchele-100g.html"><b>Zuppetti Di Pane Gecchele 100g</b></a></h4>
        <p class="description">0.1 Kg</p>
        <p class="right price"><b>1.79 €</b></p>
        <p class="right unitPrice">17.90 € per kg</p>
    </div>
    <div class="contButton">
    <a class="button bgRed white addToCart" href="#">Add</a>
</div>
</div><div class="left product prod60"
        data-name="Taralli Rdg Cipoll Tropea 250g"
        data-price="2.19"
        data-id="79084"
        data-available="yes"
        data-category="1445"
        data-bestselling="">
    <a href="../taralli-rdg-cipoll-tropea-250g.html">
        <div style="background-image: url('../../cdn.spesati.com/images/products/missing-image/missing-image.jpg')">
            <div class="hover"></div>
            
            <div class="stickers"></div>
        </div>
    </a>
    <div>
        <h4><a href="../taralli-rdg-cipoll-tropea-250g.html"><b>Taralli Rdg Cipoll Tropea 250g</b></a></h4>
        <p class="description">0.25 Kg</p>
        <p class="right price"><b>2.19 €</b></p>
        <p class="right unitPrice">8.76 € per kg</p>
    </div>
    <div class="contButton">
    <a class="button bgRed white addToCart" href="#">Add</a>
</div>
</div><div class="left product prod61"
        data-name="Taralli Rdg Peperonc Calab 250"
        data-price="2.19"
        data-id="79087"
        data-available="yes"
        data-category="1445"
        data-bestselling="">
    <a href="../taralli-rdg-peperonc-calab-250.html">
        <div style="background-image: url('../../cdn.spesati.com/images/products/missing-image/missing-image.jpg')">
            <div class="hover"></div>
            
            <div class="stickers"></div>
        </div>
    </a>
    <div>
        <h4><a href="../taralli-rdg-peperonc-calab-250.html"><b>Taralli Rdg Peperonc Calab 250</b></a></h4>
        <p class="description">0.25 Kg</p>
        <p class="right price"><b>2.19 €</b></p>
        <p class="right unitPrice">8.76 € per kg</p>
    </div>
    <div class="contButton">
    <a class="button bgRed white addToCart" href="#">Add</a>
</div>
</div><div class="left product prod62"
        data-name="Mini Grissini Rdg Integr 100gr"
        data-price="1.19"
        data-id="82231"
        data-available="yes"
        data-category="1445"
        data-bestselling="">
    <a href="../mini-grissini-rdg-integr-100gr.html">
        <div style="background-image: url('../../cdn.spesati.com/images/products/missing-image/missing-image.jpg')">
            <div class="hover"></div>
            
            <div class="stickers"></div>
        </div>
    </a>
    <div>
        <h4><a href="../mini-grissini-rdg-integr-100gr.html"><b>Mini Grissini Rdg Integr 100gr</b></a></h4>
        <p class="description">0.12 Kg</p>
        <p class="right price"><b>1.19 €</b></p>
        <p class="right unitPrice">9.91 € per kg</p>
    </div>
    <div class="contButton">
    <a class="button bgRed white addToCart" href="#">Add</a>
</div>
</div><div class="left product prod63"
        data-name="Ciabattine Rdg Gr/duro 200gr"
        data-price="1.71"
        data-id="83444"
        data-available="yes"
        data-category="1445"
        data-bestselling="">
    <a href="../ciabattine-rdg-grduro-200gr.html">
        <div style="background-image: url('../../cdn.spesati.com/images/products/missing-image/missing-image.jpg')">
            <div class="hover"></div>
            
            <div class="stickers"></div>
        </div>
    </a>
    <div>
        <h4><a href="../ciabattine-rdg-grduro-200gr.html"><b>Ciabattine Rdg Gr/duro 200gr</b></a></h4>
        <p class="description">0.2 Kg</p>
        <p class="right price"><b>1.71 €</b></p>
        <p class="right unitPrice">8.54 € per kg</p>
    </div>
    <div class="contButton">
    <a class="button bgRed white addToCart" href="#">Add</a>
</div>
</div><div class="left product prod64"
        data-name="Taralli Rdg Finocch Selvat 250"
        data-price="2.19"
        data-id="83453"
        data-available="yes"
        data-category="1445"
        data-bestselling="1">
    <a href="../taralli-rdg-finocch-selvat-250.html">
        <div style="background-image: url('../../cdn.spesati.com/images/products/missing-image/missing-image.jpg')">
            <div class="hover"></div>
            <p class="arrow bgRed white">Best Seller</p>
            <div class="stickers"></div>
        </div>
    </a>
    <div>
        <h4><a href="../taralli-rdg-finocch-selvat-250.html"><b>Taralli Rdg Finocch Selvat 250</b></a></h4>
        <p class="description">0.25 Kg</p>
        <p class="right price"><b>2.19 €</b></p>
        <p class="right unitPrice">8.76 € per kg</p>
    </div>
    <div class="contButton">
    <a class="button bgRed white addToCart" href="#">Add</a>
</div>
</div><div class="left product prod65"
        data-name="Taralli Rdg Tradizion 8x50gr"
        data-price="2.59"
        data-id="83456"
        data-available="yes"
        data-category="1445"
        data-bestselling="">
    <a href="../taralli-rdg-tradizion-8x50gr.html">
        <div style="background-image: url('../../cdn.spesati.com/images/products/missing-image/missing-image.jpg')">
            <div class="hover"></div>
            
            <div class="stickers"></div>
        </div>
    </a>
    <div>
        <h4><a href="../taralli-rdg-tradizion-8x50gr.html"><b>Taralli Rdg Tradizion 8x50gr</b></a></h4>
        <p class="description">0.4 Kg</p>
        <p class="right price"><b>2.59 €</b></p>
        <p class="right unitPrice">6.48 € per kg</p>
    </div>
    <div class="contButton">
    <a class="button bgRed white addToCart" href="#">Add</a>
</div>
</div><div class="left product prod66"
        data-name="Taralli Rdg Olio Evo 250gr"
        data-price="2.19"
        data-id="78562"
        data-available="no"
        data-category="1445"
        data-bestselling="">
    <a href="../taralli-rdg-olio-evo-250gr.html">
        <div style="background-image: url('../../cdn.spesati.com/images/products/222106/taralli-rdg-olio-01.html')">
            <div class="hover"></div>
            
            <div class="stickers"></div>
        </div>
    </a>
    <div>
        <h4><a href="../taralli-rdg-olio-evo-250gr.html"><b>Taralli Rdg Olio Evo 250gr</b></a></h4>
        <p class="description">0.25 Kg</p>
        <p class="right price"><b>2.19 €</b></p>
        <p class="right unitPrice">8.76 € per kg</p>
    </div>
    <div class="notAvailable">
    <a class="button bgDarkGrey white" href="../taralli-rdg-olio-evo-250gr.html">Not available</a>
</div>
</div><div class="left product prod67"
        data-name="Griss Nutrif Mini S/g Mult 180"
        data-price="4.24"
        data-id="77400"
        data-available="no"
        data-category="1445"
        data-bestselling="">
    <a href="../griss-nutrif-mini-sg-mult-180.html">
        <div style="background-image: url('../../cdn.spesati.com/images/products/000437398/nutrifree-ready-to-go-i-grissini-6-porzioni-180-g-01.png')">
            <div class="hover"></div>
            
            <div class="stickers"></div>
        </div>
    </a>
    <div>
        <h4><a href="../griss-nutrif-mini-sg-mult-180.html"><b>Griss Nutrif Mini S/g Mult 180</b></a></h4>
        <p class="description">Nutrifree Ready to go! I Grissini 6 porzioni 180 g</p>
        <p class="right price"><b>4.24 €</b></p>
        <p class="right unitPrice">23.53 € per kg</p>
    </div>
    <div class="notAvailable">
    <a class="button bgDarkGrey white" href="../griss-nutrif-mini-sg-mult-180.html">Not available</a>
</div>
</div><div class="left product prod68"
        data-name="Piadine Kamut Bio Gr. 200"
        data-price="5.19"
        data-id="27760"
        data-available="no"
        data-category="1445"
        data-bestselling="">
    <a href="../piadine-kamut-bio-gr-200.html">
        <div style="background-image: url('../../cdn.spesati.com/images/products/000149259/nattura-piadina-con-grano-kamut-bio-200-g-01.png')">
            <div class="hover"></div>
            
            <div class="stickers"><img class="left" src="../../cdn.spesati.com/images/layout/bio.png" /></div>
        </div>
    </a>
    <div>
        <h4><a href="../piadine-kamut-bio-gr-200.html"><b>Piadine Kamut Bio Gr. 200</b></a></h4>
        <p class="description">Náttúra Piadina con grano Kamut Bio 200 g</p>
        <p class="right price"><b>5.19 €</b></p>
        <p class="right unitPrice">25.93 € per kg</p>
    </div>
    <div class="notAvailable">
    <a class="button bgDarkGrey white" href="../piadine-kamut-bio-gr-200.html">Not available</a>
</div>
</div><div class="left product prod69"
        data-name="Snack Fior Quinoa Bio S-g 50gr"
        data-price="1.96"
        data-id="25910"
        data-available="no"
        data-category="1445"
        data-bestselling="">
    <a href="../snack-fior-quinoa-bio-s-g-50gr.html">
        <div style="background-image: url('../../cdn.spesati.com/images/products/000112228/fiorentini-gli-originali-mais-snack-semi-di-quinoa-50-g-01.png')">
            <div class="hover"></div>
            
            <div class="stickers"><img class="left" src="../../cdn.spesati.com/images/layout/gluten-free.png" /><img class="left" src="../../cdn.spesati.com/images/layout/bio.png" /></div>
        </div>
    </a>
    <div>
        <h4><a href="../snack-fior-quinoa-bio-s-g-50gr.html"><b>Snack Fior Quinoa Bio S-g 50gr</b></a></h4>
        <p class="description">Fiorentini gli Originali Mais Snack Semi di Quinoa 50 g</p>
        <p class="right price"><b>1.96 €</b></p>
        <p class="right unitPrice">39.17 € per kg</p>
    </div>
    <div class="notAvailable">
    <a class="button bgDarkGrey white" href="../snack-fior-quinoa-bio-s-g-50gr.html">Not available</a>
</div>
</div><div class="left product prod70"
        data-name="Snack Fiorentini Chia Bio Senza Glutine 50Gr"
        data-price="1.96"
        data-id="4953"
        data-available="no"
        data-category="1445"
        data-bestselling="">
    <a href="../snack-fiorentini-chia-bio-senza-glutine-50gr.html">
        <div style="background-image: url('../../cdn.spesati.com/images/products/000112227/fiorentini-gli-originali-mais-snack-semi-di-chia-50-g-01.png')">
            <div class="hover"></div>
            
            <div class="stickers"><img class="left" src="../../cdn.spesati.com/images/layout/gluten-free.png" /><img class="left" src="../../cdn.spesati.com/images/layout/bio.png" /></div>
        </div>
    </a>
    <div>
        <h4><a href="../snack-fiorentini-chia-bio-senza-glutine-50gr.html"><b>Snack Fiorentini Chia Bio Senza Glutine 50Gr</b></a></h4>
        <p class="description">Fiorentini gli Originali Mais Snack Semi di Chia 50 g</p>
        <p class="right price"><b>1.96 €</b></p>
        <p class="right unitPrice">39.17 € per kg</p>
    </div>
    <div class="notAvailable">
    <a class="button bgDarkGrey white" href="../snack-fiorentini-chia-bio-senza-glutine-50gr.html">Not available</a>
</div>
</div><div class="left product prod71"
        data-name="Balocco Cruschelle Ai Cereali"
        data-price="2.04"
        data-id="2241"
        data-available="no"
        data-category="1445"
        data-bestselling="">
    <a href="../balocco-cruschelle-ai-cereali.html">
        <div style="background-image: url('../../cdn.spesati.com/images/products/000111696/balocco-fibragusto-cereali-6-x-853-g-01.png')">
            <div class="hover"></div>
            
            <div class="stickers"></div>
        </div>
    </a>
    <div>
        <h4><a href="../balocco-cruschelle-ai-cereali.html"><b>Balocco Cruschelle Ai Cereali</b></a></h4>
        <p class="description">Balocco Fibra&Gusto Cereali 6 x 85,3 g</p>
        <p class="right price"><b>2.04 €</b></p>
        <p class="right unitPrice">6.81 € per kg</p>
    </div>
    <div class="notAvailable">
    <a class="button bgDarkGrey white" href="../balocco-cruschelle-ai-cereali.html">Not available</a>
</div>
</div><div class="left product prod72"
        data-name="Gallet Fiorent Sarac Bio 100gr"
        data-price="2.49"
        data-id="25497"
        data-available="no"
        data-category="1445"
        data-bestselling="">
    <a href="../gallet-fiorent-sarac-bio-100gr.html">
        <div style="background-image: url('../../cdn.spesati.com/images/products/000110122/fiorentini-le-originali-gallette-bio-di-grano-saraceno-100-g-01.png')">
            <div class="hover"></div>
            
            <div class="stickers"></div>
        </div>
    </a>
    <div>
        <h4><a href="../gallet-fiorent-sarac-bio-100gr.html"><b>Gallet Fiorent Sarac Bio 100gr</b></a></h4>
        <p class="description">Fiorentini le Originali Gallette Bio di Grano Saraceno 100 g</p>
        <p class="right price"><b>2.49 €</b></p>
        <p class="right unitPrice">24.90 € per kg</p>
    </div>
    <div class="notAvailable">
    <a class="button bgDarkGrey white" href="../gallet-fiorent-sarac-bio-100gr.html">Not available</a>
</div>
</div>        </div>
    </div>
</section>
<div class="footer">
    <div class="bgDarkGrey"></div>
    <footer>
        <div class="left bgDarkGrey">
            <a id="logoFooter" href="../index.html" class="estDynamic">
                <img src="../../cdn.spesati.com/images/layout/logo-eng.png" alt="Spesati.com" />
                <h2 class="red">Grocery Delivery</h2>
            </a>
            <a class="button bgRed white mobile" href="tel:390707968318">Phone order</a>
            <a class="button bgRed white desktop" href="../news/2020-04-07/news-on-spesati-the-telephone-order-service-is-active.html">Phone order</a>
            <a class="button bgRed white" href="../cdn-cgi/l/email-protection.html#d4bdbab2bb94a7a4b1a7b5a0bdfab7bbb9">Send mail</a>
            <div id="social">
                <a class="left" href="https://www.facebook.com/spesati/" rel="external" target="_blank">
                    <span class="facebook bgRed fa-stack fa-lg">
                        <i class="fa fa-facebook fa-stack-1x "></i>
                    </span>
                </a>
                <a class="right" href="https://twitter.com/spesati" rel="external" target="_blank">
                    <span class="twitter bgRed fa-stack fa-lg">
                        <i class="fa fa-twitter fa-stack-1x "></i>
                    </span>
                </a>
            </div>
            <p>Copyright 2024 Spesati.com </p>
            
                    <p>All rights reserved</p>
                    <p>SPESATI SRL</p>
                    <p>Corso Vittorio Veneto 15/I, 07026, Olbia</p>
                    <p>CF e P.Iva: 02772380909</p>
                        </div>
        <div class="center bgRed">
            <div class="top">
                <h3>Categories</h3>
                <div class="col">
                    <ul>
                        <li>
                            <a href="#" class="estDynamic">On sale</a>
                        </li>
                        <li>
                            <a href="../fruit-and-vegetables.html" class="estDynamic">Fruit and vegetables</a>
                        </li>
                        <li>
                            <a href="../fresh-products.html" class="estDynamic">Fresh products</a>
                        </li>
                        <li>
                            <a href="../frozen-foods.html" class="estDynamic">Frozen foods</a>
                        </li>
                        <li>
                            <a href="../bread-and-pasta.html" class="estDynamic">Bread and pasta</a>
                        </li>
                        <li>
                            <a href="../meat.html" class="estDynamic">Meat</a>
                        </li>
                        <li>
                            <a href="../fish.html" class="estDynamic">Fish</a>
                        </li>
                    </ul>
                </div>
                <div class="col">
                    <ul>
                        <li>
                            <a href="../wine-beer-and-spirits.html" class="estDynamic">Wine beer and spirits</a>
                        </li>
                        <li>
                            <a href="../water-and-drinks.html" class="estDynamic">Water and drinks</a>
                        </li>
                        <li>
                            <a href="../sweets.html" class="estDynamic">Sweets</a>
                        </li>
                        <li>
                            <a href="../shelf.html" class="estDynamic">Cupboard</a>
                        </li>
                        <li>
                            <a href="../personal-care.html" class="estDynamic">Personal care</a>
                        </li>
                        <li>
                            <a href="../household-and-outdoors.html" class="estDynamic">Home and outdoors</a>
                        </li>
                        <li>
                            <a href="../pet.html" class="estDynamic">Pets</a>
                        </li>
                    </ul>
                </div>
                <div class="col">
                    <ul>
                        <li>
                            <a href="../technology.html" class="estDynamic">Technology</a>
                        </li>
                        <li>
                            <a href="../gluten-free.html" class="estDynamic">Gluten free</a>
                        </li>
                        <li>
                            <a href="../lactose-free.html" class="estDynamic">Lactose free</a>
                        </li>
                        <li>
                            <a href="../special.html" class="estDynamic">Special</a>
                        </li>
                        <li>
                            <a href="../sardinian-products.html" class="estDynamic">Sardinian products</a>
                        </li>
                    </ul>
                </div>
            </div>
            <div class="bottom bgRed">
                <div class="left">
                    <h3>Delivery payment</h3>
                    <div>
                        <i class="fa fa-money fa-3x" aria-hidden="true"></i>
                        <p>Cash</p>
                    </div>
                    <div>
                        <i class="fa fa-credit-card fa-3x" aria-hidden="true"></i>
                        <p>Bancomat or card</p>
                    </div>
                </div>
                <div class="right">
                    <h3>Online payment</h3>
                    <div>
                        <i class="fa fa-credit-card fa-3x" aria-hidden="true"></i>
                        <p>Credit or debit card <span class="red">online</span></p>
                    </div>
                    <div>
                        <i class="fa fa-paypal fa-3x" aria-hidden="true"></i>
                        <p>PayPal</p>
                    </div>
                    <div>
                        <i class="fa fa-university fa-3x" aria-hidden="true"></i>
                        <p>Bank transfer</p>
                    </div>
                </div>
            </div>
        </div>
        <div class="right bgRed">
            <div>
                <i class="fa fa-truck fa-flip-horizontal"></i>
                <a class="button bgYellow white" href="../delivery-prices.html">Delivery prices</a>
                
                    <h3>Home delivery:</h3>
                    <p><b>Monday to Saturday</b></p>
                    <p><b>9:00 to 20:00</b></p>
                    <p><b>Minimum order:</b> 29€</p>
                    <p><b>Delivery starting from:</b> 3,50€</p>
                            </div>
            <ul>
                <li>
                    <a href="../delivery-prices.html">Delivery prices</a>
                </li>
                <li>
                    <a href="../about.html">About</a>
                </li>
                <li>
                    <a href="../faq.html">Faq</a>
                </li>
                <li>
                    <a href="../customer-care.html">Support</a>
                </li>
                <li>
                    <a href="../news.html">Blog</a>
                </li>
                <li>
                    <a href="../terms-and-conditions.html">Conditions</a>
                </li>
                <li>
                    <a href="../privacy-policy.html">Privacy policy</a>
                </li>
                <li>
                    <a href="../legal-warranty.html">Legal guarantee</a>
                </li>
            </ul>
        </div>
    </footer>
    <div class="bgRed"></div>
</div>
<!--Start of Tawk.to Script-->
<script data-cfasync="false" src="../cdn-cgi/scripts/5c5dd728/cloudflare-static/email-decode.min.js"></script><script type="text/javascript">
var Tawk_API=Tawk_API||{}, Tawk_LoadStart=new Date();
(function(){
var s1=document.createElement("script"),s0=document.getElementsByTagName("script")[0];
s1.async=true;
s1.src='https://embed.tawk.to/59e86945c28eca75e4626ed9/default';
s1.charset='UTF-8';
s1.setAttribute('crossorigin','*');
s0.parentNode.insertBefore(s1,s0);
})();
</script>
<!--End of Tawk.to Script-->

<!-- Here are parked a few translatable strings, useful for Javascript rendering -->
<div id="js-texts" hidden>
    <input type="hidden" name="save_cart_notice" value="Saving your cart it will be possible to reload it next time you come for shopping">
    <input type="hidden" name="save_cart_notice_title" value="Want to save your cart?">
    <input type="hidden" name="save_cart_ok" value="Save">
    <input type="hidden" name="save_cart_ko" value="Don't Save">
    <input type="hidden" name="reload_cart" value="The Reload Order function allows you to top up your last cart to make a New Order. Warning: do not use this function to add products to the last order. At this time it is not possible to modify an order placed previously.">
</div>

<!-- new site and login popup -->
</body>
<!-- Mirrored from www.spesati.com/bread-and-pasta/crackers by HTTrack Website Copier/3.x [XR&CO'2014], Fri, 23 Feb 2024 17:50:04 GMT -->
</html>