<!DOCTYPE html><html lang="en">
<!-- Mirrored from www.spesati.com/bread-and-pasta/pasta by HTTrack Website Copier/3.x [XR&CO'2014], Fri, 23 Feb 2024 17:52:56 GMT -->
<!-- Added by HTTrack --><meta http-equiv="content-type" content="text/html;charset=utf-8" /><!-- /Added by HTTrack -->
<head>
    <title>Pasta - Bread and pasta - Spesati.com</title>
    <meta http-equiv="Content-Type" content="text/html; charset=UTF-8" />
    <meta name="description" content="" />
    <meta name="keywords" content="" />
    <link href="../images/favicon.ico" rel="shortcut icon" type="image/x-icon" />
    <meta name="author" content="www.dodify.com" /><link rel="canonical" href="pasta.html" /><link rel="alternate" hreflang="en" href="pasta.html" /><link rel="alternate" hreflang="it" href="https://www.spesati.it/pane-e-pasta/pasta" /><link href="../../cdnjs.cloudflare.com/ajax/libs/meyer-reset/2.0/reset.min.css" rel="stylesheet" type="text/css" /><link href="../../cdnjs.cloudflare.com/ajax/libs/font-awesome/6.5.1/css/all.min.css" rel="stylesheet" type="text/css" /><link href="https://fonts.googleapis.com/css?family=Montserrat:400,700" rel="stylesheet" type="text/css" /><link href="../../cdnjs.cloudflare.com/ajax/libs/fancybox/2.1.5/jquery.fancybox.min.css" rel="stylesheet" type="text/css" /><link href="../style/mainbea6.css?v=7" rel="stylesheet" type="text/css" /><link href="../style/lightslider.css" rel="stylesheet" type="text/css" /><link href="../style/categories.css" rel="stylesheet" type="text/css" /><script src="../../cdnjs.cloudflare.com/ajax/libs/jquery/3.6.1/jquery.min.js" type="text/javascript"></script><script src="../../ajax.googleapis.com/ajax/libs/jquery/1.11.0/jquery.min.js" type="text/javascript"></script><script src="http://unpkg.com/@floating-ui/core@0.4.0" type="text/javascript"></script><script src="http://unpkg.com/@floating-ui/dom@0.2.0" type="text/javascript"></script><script src="../../cdnjs.cloudflare.com/ajax/libs/fancybox/2.1.5/jquery.fancybox.min.js" type="text/javascript"></script><script src="../js/menu.js" type="text/javascript"></script><script src="../js/interfaceb6f5.js?v=10" type="text/javascript"></script><script src="../js/spesati.lightslider.min.js" type="text/javascript"></script><meta name="viewport" content="width=device-width, initial-scale=1, maximum-scale=1" /><meta name = "format-detection" content = "telephone=no">
<!-- Facebook Pixel Code -->
<script>
  !function(f,b,e,v,n,t,s)
  {if(f.fbq)return;n=f.fbq=function(){n.callMethod?
  n.callMethod.apply(n,arguments):n.queue.push(arguments)};
  if(!f._fbq)f._fbq=n;n.push=n;n.loaded=!0;n.version='2.0';
  n.queue=[];t=b.createElement(e);t.async=!0;
  t.src=v;s=b.getElementsByTagName(e)[0];
  s.parentNode.insertBefore(t,s)}(window, document,'script',
  '../../connect.facebook.net/en_US/fbevents.js');
  fbq('init', '792335014180667');
  fbq('track', 'PageView');
</script>
<noscript>
    <img height="1" width="1" style="display:none" src="https://www.facebook.com/tr?id=792335014180667&amp;ev=PageView&amp;noscript=1" />
</noscript>
<!-- End Facebook Pixel Code -->

<!-- GA4 -->
<script async src="https://www.googletagmanager.com/gtag/js?id=G-SSS6NRNXL0"></script>
<script>
  window.dataLayer = window.dataLayer || [];
  function gtag(){dataLayer.push(arguments);}
  gtag('js', new Date());
  gtag('config', 'AW-976671669');
  gtag('config', 'G-SSS6NRNXL0');
</script>
<!-- Elements for PWA deploy -->
<link rel="manifest" href="../manifest.json">
<meta name="theme-color" media="(prefers-color-scheme: light)" content="white">
<meta name="theme-color" media="(prefers-color-scheme: dark)"  content="black">
<link href=../images/icon-192.png rel=apple-touch-icon sizes="192x192">
<!-- Establishment logic -->
<script>var pageEstablishment = "Olbia"; var estDefaultPages = true</script>
    <!--[if lt IE 9]>
        <script src="https://cdnjs.cloudflare.com/ajax/libs/html5shiv/3.7.3/html5shiv.min.js" type="text/javascript"></script>
    <![endif]--><script type="text/javascript">
$(document).ready(function() {
    // Check if exists cookie
    if(document.cookie.indexOf("cookieAccepted") < 0) {
        var cookieText = '<div id=\"cookie\"><p>This site uses cookies. Cookies are used for ads personalisation. <a href=\"/privacy-policy\">More info</a></p><button id=\"cookieConsent\" type=\"button\">Accept</button></div>';
        $("body").append($(
            cookieText
        ));
        $('#cookie').css({
            'width'           : '100%',
            'text-align'      : 'center',
            'color'           : '#FFFFFF',
            'background-color': '#000000', 
            'opacity'         : '.8', 
            'position'        : 'fixed', 
            'bottom'          : '0',
            'padding'         : '.5em 0',
            'z-index'         : '999'
        });
        $('#cookie > *').css({
            'display': 'inline'
        });
        $('#cookie a').css({
            'color'          : '#FFFFFF',
            'text-decoration': 'underline',
            'margin-right'   : '2%'
        });
        $('#cookieConsent').click(function() {
            // Set cookie
            var expiry = new Date();
            expiry.setTime(expiry.getTime() + (365 * 24 * 60 * 60 * 1000));
            document.cookie = "cookieAccepted=yes; expires=" + expiry.toGMTString() + "; path=/; domain=.spesati.com";
            $('#cookie').css({'display': 'none'});
        });
    }
});
</script></head><body><script type="text/javascript">
    var addText = "Add";
    var slider  = null;
    $(document).ready(function() {
        slider = $('#cartSlider').lightSlider({
            controls: false,
            item:13,
            loop:false,
            slideMove:1,
            easing: 'cubic-bezier(0.25, 0, 0.25, 1)',
            speed:600,
            responsive : [
                {
                    breakpoint:1400,
                    settings: {
                        item:12,
                        slideMove:1,
                    }
                },
                {
                    breakpoint:1200,
                    settings: {
                        item:11,
                        slideMove:1,
                    }
                },
                {
                    breakpoint:1080,
                    settings: {
                        item:14,
                        slideMove:1,
                    }
                },
                {
                    breakpoint:800,
                    settings: {
                        item:12,
                        slideMove:1,
                    }
                }
            ]
        });
        $('.lSPager').css("display","none");
        $('.lSAction').css("display","block");
        $('#goToPrevSlide').on('click', function () {
            slider.goToPrevSlide();
        });
        $('#goToNextSlide').on('click', function () {
            slider.goToNextSlide();
        });
    });

</script>
<div id="header" class="bgYellow">
    <header>
        <a class="menu" href="#"><i class="fa red fa-bars fa-2x"></i></a>
        <a id="logo" class="colLeft estDynamic" href="../index.html">
            <img src="../../cdn.spesati.com/images/layout/logo-eng.png" alt="Spesati.com" />
            <h2 class="red">Grocery Delivery</h2>
        </a>
        <div class="colRight">
            <div id="controls" class="right">
                <p id="establishmentControls">
                    <span class="establishmentWarning"><i class="fa-solid fa-triangle-exclamation red" title="Stai visualizzando i prodotti disponibili in una zona diversa. Se vuoi cambiare zona, cliccan qui"></i>&nbsp;&nbsp;</span>
                    Shopping from <b><a id="establishment" href="#"></a></b> <span id="estAddress">for </span> <a href="../change-establishment.html">(<i class="fa-solid fa-pencil"></i> Change)</a> <span class="establishmentWarning">but viewing <b>Olbia</b></span>
                </p>
                <p><a href="https://www.spesati.it/pane-e-pasta/pasta" class="black switch-site">Versione italiana</a></p>                
            </div>
            <div>
                <form id="search" action="https://www.spesati.com/search" method="post" class="left">
                    <fieldset>
                        <div>
                            <input type="text" name="searchBox" id="searchBox" placeholder="Search for a product"></input>
                            <input id="searchButton" type="submit" name="searchButton" class="button bgRed white left" value="Find" />
                        </div>
                    </fieldset>
                </form>
                <div class="center left">
                    <a class="button bgRed white log-in" href="../login.html">Login</a>
                    <a class="button bgRed white sign-up" href="../sign-up.html">Sign up</a>
                    <a class="button bgRed white profile" href="../profile.html">Profile</a>
                    <a class="button bgRed white log-out" href="../index.html" data-endpoint-check-cart="https://api.spesati.com/cart/check">Logout</a>
                </div>
                <div class="right user-function-icons">
                    <a class="red left account"><i class="fa fa-user fa-3x"></i></a>
                    <div id="dropdown">
                        <a class="log-in button bgRed white" href="../login.html">Login</a>
                        <a class="sign-up button bgRed white" href="../sign-up.html">Sign up</a>
                        <a class="profile button bgRed white" href="../profile.html">Profile</a>
                        <a class="log-out button bgRed white" href="../index.html">Logout</a>
                    </div>

                    <div class="cart left">
                        <i class="fa fa-sm fa-shopping-cart red" aria-hidden="true" id="shipping-cart-button"></i>
                        <p id="cartQuantity"></p>
                    </div>

                    <a class="right" href="../cart.html"><p class="black" id="cartTotal"></p></a>
                </div>
            </div>
                            <div id="previewCart">
                    <i id="goToPrevSlide" class="yellow fa fa-angle-left fa-2x" aria-hidden="true"></i>
                    <div><ul id="cartSlider"></ul></div>
                    <i id="goToNextSlide" class="yellow fa fa-angle-right fa-2x" aria-hidden="true"></i>
                </div>
                    </div>
    </header>

    <div id="shipping-cart-options" data-inited="false">
        <a href="../cart.html" class="goto-cart">checkout</a>
        <a href="#" data-endpoint-auth="https://api.spesati.com/cart/save" data-endpoint-noauth="/login" class="save-cart">save</a>
        <a href="#" data-endpoint-auth="https://api.spesati.com/cart/load" class="load-cart">load</a>
    </div>
</div>
<div id="menuCategoriesMobile" class="mobile bgRed">
    <div class="closeMenu">
        <i class="fa fa-times fa-2x white"></i>
        Close
    </div>
    <ul class="bgRed white">
        <div id="langMobile" class="right">
        <a href="https://www.spesati.it/pane-e-pasta/pasta" class="white switch-site"><p>Versione italiana</p></a>    </div>
        <li><a>Categories</a>
            <ul class="bgWhite">
                <li>
                    <img src="../../cdn.spesati.com/images/menu/on-sale.png"/>
                    On sale                    <i class="fa fa-angle-down" aria-hidden="true"></i>
                    <ul class="sub-menu">
                    <li>
    <a href="../tacchino-fesa-a-fette.html">Tacchino Fesa A Fette</a>
</li><li>
    <a href="../amaro-montenegro-15lt.html">Amaro Montenegro 1,5lt</a>
</li><li>
    <a href="../carbone-di-legna-sacco-10kg.html">Carbone Di Legna Sacco 10Kg</a>
</li><li>
    <a href="../filu-e-ferru-silvio-carta-70cl.html">Filu E Ferru Silvio Carta 70Cl</a>
</li><li>
    <a href="../braciole-suino-con-cotenna.html">Braciole Suino Con Cotenna</a>
</li><li>
    <a href="../bovino-adulto-polpa.html">Bovino Adulto Polpa</a>
</li><li>
    <a href="../vino-la-palma-cannonau-le-bombarde.html">Vino La Palma Cannonau Le Bombarde</a>
</li><li>
    <a href="../fettine-sceltissime-bovino-adulto.html">Fettine Sceltissime Bovino Adulto</a>
</li><li>
    <a href="../suino-fettine-scelte.html">Suino Fettine Scelte</a>
</li><li>
    <a href="../lavazza-caffe-qualita-rossa-2x250gr.html">Lavazza Caffé Qualità Rossa 2x250gr</a>
</li>                        <li>
                            <a class="estDynamic" href="../on-offer.html">All products on sale</a>
                        </li>
                    </ul>
                </li>
                <li>
                    <img src="../../cdn.spesati.com/images/menu/gift.png"/>
                    Gifts                    <i class="fa fa-angle-down" aria-hidden="true"></i>
                    <ul class="sub-menu">
                        <li>
    <a href="../gift-card-da-150.html">Gift Card Da 150</a>
</li><li>
    <a href="../gift-card-da-100.html">Gift Card Da 100</a>
</li><li>
    <a href="../gift-card-da-50.html">Gift Card Da 50</a>
</li><li>
    <a href="../gift-card-da-25.html">Gift Card Da 25</a>
</li>                        <li>
                            <a class="estDynamic" href="../gift.html">All products in the gifts category</a>
                        </li>
                    </ul>
                </li>
                <li>
                    <img src="../../cdn.spesati.com/images/menu/gift-card.png"/>
                    Gift card and discounts                    <i class="fa fa-angle-down" aria-hidden="true"></i>
                    <ul class="sub-menu">
                        <li>
    <a href="../gift-card-da-150.html">Gift Card Da 150</a>
</li><li>
    <a href="../gift-card-da-100.html">Gift Card Da 100</a>
</li><li>
    <a href="../gift-card-da-50.html">Gift Card Da 50</a>
</li><li>
    <a href="../gift-card-da-25.html">Gift Card Da 25</a>
</li>                    </ul>
                </li>
                <li>
                    <img src="../../cdn.spesati.com/images/menu/fuit-and-vegetables.png"/>
                    Fruit and vegetables                    <i class="fa fa-angle-down" aria-hidden="true"></i>
                    <ul class="sub-menu">
                        <li>
                            <a class="estDynamic" href="../fruit-and-vegetables/pulses-and-beans.html">Cereals and pulses and beans</a>
                        </li>
                        <li>
                            <a class="estDynamic" href="../fruit-and-vegetables/fruit.html">Fruit</a>
                        </li>
                        <li>
                            <a class="estDynamic" href="../fruit-and-vegetables/canned-fruit.html">Canned fruit</a>
                        </li>
                        <li>
                            <a class="estDynamic" href="../fruit-and-vegetables/dried-fruit.html">Dried fruit</a>
                        </li>
                        <li>
                            <a class="estDynamic" href="../fruit-and-vegetables/ready-salads.html">Ready salads</a>
                        </li>
                        <li>
                            <a class="estDynamic" href="../fruit-and-vegetables/fresh-spices.html">Fresh spices</a>
                        </li>
                        <li>
                            <a class="estDynamic" href="../fruit-and-vegetables/vegetables.html">Vegetables and soy</a>
                        </li>
                    </ul>
                </li>
                <li>
                    <img src="../../cdn.spesati.com/images/menu/fresh-products.png"/>
                    Fresh products                    <i class="fa fa-angle-down" aria-hidden="true"></i>
                    <ul class="sub-menu">
                        <li>
                            <a class="estDynamic" href="../fresh-products/margarine-and-butter.html">Butter and margarine</a>
                        </li>
                        <li>
                            <a class="estDynamic" href="../fresh-products/danone.html">Danone</a>
                        </li>
                        <li>
                            <a class="estDynamic" href="../fresh-products/dessert.html">Dessert</a>
                        </li>
                        <li>
                            <a class="estDynamic" href="../fresh-products/sweets.html">Sweets</a>
                        </li>
                        <li>
                            <a class="estDynamic" href="../fresh-products/dairy-products.html">Dairy product</a>
                        </li>
                        <li>
                            <a class="estDynamic" href="../fresh-products/bakery.html">Yeast</a>
                        </li>
                        <li>
                            <a class="estDynamic" href="../fresh-products/mascarpone.html">Mascarpone</a>
                        </li>
                        <li>
                            <a class="estDynamic" href="../fresh-products/snacks.html">Snacks</a>
                        </li>
                        <li>
                            <a class="estDynamic" href="../fresh-products/mozzarella.html">Mozzarella</a>
                        </li>
                        <li>
                            <a class="estDynamic" href="../fresh-products/pasta.html">Pasta</a>
                        </li>
                        <li>
                            <a class="estDynamic" href="../fresh-products/pesto-and-sauces.html">Pesto and sauces</a>
                        </li>
                        <li>
                            <a class="estDynamic" href="../fresh-products/ricotta-and-cheese.html">Ricotta and cheese</a>
                        </li>
                        <li>
                            <a class="estDynamic" href="../fresh-products/cured-meat.html">Cured meat</a>
                        </li>
                        <li>
                            <a class="estDynamic" href="../fresh-products/wurstel.html">Würstel</a>
                        </li>
                        <li>
                            <a class="estDynamic" href="../fresh-products/yogurt.html">Yogurt</a>
                        </li>
                    </ul>
                </li>
                <li>
                    <img src="../../cdn.spesati.com/images/menu/frozen-foods.png"/>
                    Frozen foods                    <i class="fa fa-angle-down" aria-hidden="true"></i>
                    <ul class="sub-menu">
                        <li>
                            <a class="estDynamic" href="../frozen-foods/meat.html">Meat</a>
                        </li>
                        <li>
                            <a class="estDynamic" href="../frozen-foods/ice-creams.html">Ice cream and sweet</a>
                        </li>
                        <li>
                            <a class="estDynamic" href="../frozen-foods/pasta.html">Pasta</a>
                        </li>
                        <li>
                            <a class="estDynamic" href="../frozen-foods/fish.html">Fish</a>
                        </li>
                        <li>
                            <a class="estDynamic" href="../frozen-foods/ready-meals.html">Ready meals</a>
                        </li>
                        <li>
                            <a class="estDynamic" href="../frozen-foods/pizzas.html">Pizzas</a>
                        </li>
                        <li>
                            <a class="estDynamic" href="../frozen-foods/vegetables.html">Vegetables and soy</a>
                        </li>
                    </ul>
                </li>
                <li>
                    <img src="../../cdn.spesati.com/images/menu/bread-and-pasta.png"/>
                    Bread and pasta                    <i class="fa fa-angle-down" aria-hidden="true"></i>
                    <ul class="sub-menu">
                        <li>
                            <a class="estDynamic" href="crackers.html">Crackers</a>
                        </li>
                        <li>
                            <a class="estDynamic" href="rusks.html">Rusks</a>
                        </li>
                        <li>
                            <a class="estDynamic" href="white-bread.html">White bread</a>
                        </li>
                        <li>
                            <a class="estDynamic" href="local-bread.html">Local bread</a>
                        </li>
                        <li>
                            <a class="estDynamic" href="soft-bread.html">Soft bread</a>
                        </li>
                        <li>
                            <a class="estDynamic" href="sardinian-bread.html">Sardinian bread</a>
                        </li>
                        <li>
                            <a class="estDynamic" href="bakery.html">Bakery</a>
                        </li>
                        <li>
                            <a class="estDynamic" href="pasta.html">Pasta</a>
                        </li>
                        <li>
                            <a class="estDynamic" href="fresh-pasta.html">Fresh pasta</a>
                        </li>
                    </ul>
                </li>
                <li>
                    <img src="../../cdn.spesati.com/images/menu/meat.png"/>
                    Meat                    <i class="fa fa-angle-down" aria-hidden="true"></i>
                    <ul class="sub-menu">
                        <li>
                            <a class="estDynamic" href="../meat/beef.html">Beef</a>
                        </li>
                        <li>
                            <a class="estDynamic" href="../meat/goat.html">Goat</a>
                        </li>
                        <li>
                            <a class="estDynamic" href="../meat/packaged-meat.html">Packaged meat</a>
                        </li>
                        <li>
                            <a class="estDynamic" href="../meat/rabbit.html">Rabbit</a>
                        </li>
                        <li>
                            <a class="estDynamic" href="../meat/horse.html">Horse</a>
                        </li>
                        <li>
                            <a class="estDynamic" href="../meat/pork.html">Pork</a>
                        </li>
                        <li>
                            <a class="estDynamic" href="../meat/lamb.html">Lamb</a>
                        </li>
                        <li>
                            <a class="estDynamic" href="../meat/poultry.html">Poultry</a>
                        </li>
                    </ul>
                </li>
                <li>
                    <img src="../../cdn.spesati.com/images/menu/fish.png"/>
                    Fish                    <i class="fa fa-angle-down" aria-hidden="true"></i>
                    <ul class="sub-menu">
                        <li>
                            <a class="estDynamic" href="../fish/fresh-water.html">Fresh water</a>
                        </li>
                        <li>
                            <a class="estDynamic" href="../fish/salt-water.html">Salt water</a>
                        </li>
                        <li>
                            <a class="estDynamic" href="../fish/mussels.html">Mussels</a>
                        </li>
                        <li>
                            <a class="estDynamic" href="../fish/dried-and-salted.html">Dried and salted</a>
                        </li>
                        <li>
                            <a class="estDynamic" href="../fish/seafood-salad.html">Seafood salad</a>
                        </li>
                        <li>
                            <a class="estDynamic" href="../fish/prepared.html">Prepared</a>
                        </li>
                        <li>
                            <a class="estDynamic" href="../fish/specialty.html">Specialty</a>
                        </li>   
                        <li>
                            <a class="estDynamic" href="../fish/tuna-and-salmon.html">Tuna and salmon</a>
                        </li>
                    </ul>
                </li>
                <li>
                    <img src="../../cdn.spesati.com/images/menu/alcohol.png"/>
                    Wine beer and spirits                    <i class="fa fa-angle-down" aria-hidden="true"></i>
                    <ul class="sub-menu">
                        <li>
                            <a class="estDynamic" href="../wine-beer-and-spirits/spirits-and-liquors.html">Alcohol</a>
                        </li>
                        <li>
                            <a class="estDynamic" href="../wine-beer-and-spirits/bitters.html">Bitters</a>
                        </li>
                        <li>
                            <a class="estDynamic" href="../wine-beer-and-spirits/aperatif.html">Aperatifs</a>
                        </li>
                        <li>
                            <a class="estDynamic" href="../wine-beer-and-spirits/beer.html">Beer</a>
                        </li>
                        <li>
                            <a class="estDynamic" href="../wine-beer-and-spirits/creams.html">Creams</a>
                        </li>
                        <li>
                            <a class="estDynamic" href="../wine-beer-and-spirits/spirits.html">Spirits</a>
                        </li>
                        <li>
                            <a class="estDynamic" href="../wine-beer-and-spirits/liquors.html">Liquors</a>
                        </li>
                        <li>
                            <a class="estDynamic" href="../wine-beer-and-spirits/white-wine.html">White wine</a>
                        </li>
                        <li>
                            <a class="estDynamic" href="../wine-beer-and-spirits/prosecco-wine.html">Prosecco wine</a>
                        </li>
                        <li>
                            <a class="estDynamic" href="../wine-beer-and-spirits/rose-wine.html">Rose wine</a>
                        </li>
                        <li>
                            <a class="estDynamic" href="../wine-beer-and-spirits/red-wine.html">Red wine</a>
                        </li>
                        <li>
                            <a class="estDynamic" href="../wine-beer-and-spirits/specialty-wine.html">Special wine</a>
                        </li>
                        <li>
                            <a class="estDynamic" href="../wine-beer-and-spirits/sparkling-wine.html">Sparkling wine</a>
                        </li>
                        <li>
                            <a class="estDynamic" href="../wine-beer-and-spirits/vermentino-wine.html">Vermentino wine</a>
                        </li>
                    </ul>
                </li>
                <li>
                    <img src="../../cdn.spesati.com/images/menu/water-and-drinks.png"/>
                    Water and drinks                    <i class="fa fa-angle-down" aria-hidden="true"></i>
                    <ul class="sub-menu">
                        <li>
                            <a class="estDynamic" href="../water-and-drinks/san-martino.html">San Martino</a>
                        </li>
                        <li>
                            <a class="estDynamic" href="../water-and-drinks/water.html">Water</a>
                        </li>
                        <li>
                            <a class="estDynamic" href="../water-and-drinks/alpro.html">Alpro</a>
                        </li>
                        <li>
                            <a class="estDynamic" href="../water-and-drinks/fizzy-drinks.html">Fizzy drinks</a>
                        </li>
                        <li>
                            <a class="estDynamic" href="../water-and-drinks/coca-cola.html">Coca-Cola</a>
                        </li>
                        <li>
                            <a class="estDynamic" href="../water-and-drinks/energy-drink.html">Energy drink</a>
                        </li>
                        <li>
                            <a class="estDynamic" href="../water-and-drinks/syrups.html">Syrups</a>
                        </li>
                        <li>
                            <a class="estDynamic" href="../water-and-drinks/supplements.html">Supplements</a>
                        </li>
                        <li>
                            <a class="estDynamic" href="../water-and-drinks/instant-drinks.html">Instant drinks</a>
                        </li>
                        <li>
                            <a class="estDynamic" href="../water-and-drinks/juice.html">Juice</a>
                        </li>
                        <li>
                            <a class="estDynamic" href="../water-and-drinks/tea.html">Tea</a>
                        </li>
                    </ul>
                </li>
                <li>
                    <img src="../../cdn.spesati.com/images/menu/sweets.png"/>
                    Sweets                    <i class="fa fa-angle-down" aria-hidden="true"></i>
                    <ul class="sub-menu">
                        <li>
                            <a class="estDynamic" href="../sweets/bars-and-snacks.html">Bars and snacks</a>
                        </li>
                        <li>
                            <a class="estDynamic" href="../sweets/biscuits.html">Biscuits</a>
                        </li>
                        <li>
                            <a class="estDynamic" href="../sweets/brioches.html">Brioches</a>
                        </li>
                        <li>
                            <a class="estDynamic" href="../sweets/candy-and-chewing-gum.html">Candy and chewing gum</a>
                        </li>
                        <li>
                            <a class="estDynamic" href="../sweets/cereals.html">Cereals</a>
                        </li>
                        <li>
                            <a class="estDynamic" href="../sweets/chocolate.html">Chocolate</a>
                        </li>
                        <li>
                            <a class="estDynamic" href="../sweets/spreadable-creams.html">Spreads</a>
                        </li>
                        <li>
                            <a class="estDynamic" href="../sweets/dessert-toppings.html">Dessert toppings</a>
                        </li>
                        <li>
                            <a class="estDynamic" href="../sweets/jam.html">Jam</a>
                        </li>
                        <li>
                            <a class="estDynamic" href="../sweets/honey.html">Honey</a>
                        </li>
                        <li>
                            <a class="estDynamic" href="../sweets/panettoni-and-pandoro.html">Panettone and pandoro</a>
                        </li>
                        <li>
                            <a class="estDynamic" href="../sweets/pastry.html">Pastry</a>
                        </li>
                        <li>
                            <a class="estDynamic" href="../sweets/instant-dessert.html">Prepared</a>
                        </li>
                        <li>
                            <a class="estDynamic" href="../sweets/cakes-and-pies.html">Cakes and pies</a>
                        </li>
                        <li>
                            <a class="estDynamic" href="../sweets/easter-eggs-and-doves.html">Easter eggs and doves</a>
                        </li>
                    </ul>
                </li>
                <li>
                    <img src="../../cdn.spesati.com/images/menu/shelf.png"/>
                    Cupboard                    <i class="fa fa-angle-down" aria-hidden="true"></i>
                    <ul class="sub-menu">
                        <li>
                            <a class="estDynamic" href="../shelf/coffee.html">Coffee</a>
                        </li>
                        <li>
                            <a class="estDynamic" href="../shelf/gift-baskets.html">Gift baskets</a>
                        </li>
                        <li>
                            <a class="estDynamic" href="../shelf/stock-cubes.html">Nuts and preparations</a>
                        </li>
                        <li>
                            <a class="estDynamic" href="../shelf/flour-and-baking.html">Flour and baking</a>
                        </li>
                        <li>
                            <a class="estDynamic" href="../shelf/milk.html">Milk</a>
                        </li>
                        <li>
                            <a class="estDynamic" href="../shelf/oil-salt-vinegar.html">Oil, vinegar and salt</a>
                        </li>
                        <li>
                            <a class="estDynamic" href="../shelf/cream-and-bechamel.html">Cream and bechamel</a>
                        </li>
                        <li>
                            <a class="estDynamic" href="../shelf/crisps-and-pretzels.html">Crisps and pretzels</a>
                        </li>
                        <li>
                            <a class="estDynamic" href="../shelf/baby-and-infants-products.html">Early childhood products</a>
                        </li>
                        <li>
                            <a class="estDynamic" href="../shelf/rice.html">Rice</a>
                        </li>
                        <li>
                            <a class="estDynamic" href="../shelf/tins-and-preserves.html">Tins and Preserves</a>
                        </li>
                        <li>
                            <a class="estDynamic" href="../shelf/spices.html">Spices</a>
                        </li>
                        <li>
                            <a class="estDynamic" href="../shelf/sauces.html">Sauces</a>
                        </li>
                        <li>
                            <a class="estDynamic" href="../shelf/tea-and-infusions.html">Tea and infusions</a>
                        </li>
                        <li>
                            <a class="estDynamic" href="../shelf/eggs.html">Eggs</a>
                        </li>
                        <li>
                            <a class="estDynamic" href="../shelf/sugar-and-sweeteners.html">Sugar and sweeteners</a>
                        </li>
                    </ul>
                </li>
                <li>
                    <img src="../../cdn.spesati.com/images/menu/personal-care.png"/>
                    Personal care                    <i class="fa fa-angle-down" aria-hidden="true"></i>
                    <ul class="sub-menu">
                        <li>
                            <a class="estDynamic" href="../personal-care/accessories-and-cotton.html">Accessories and cotton</a>
                        </li>
                        <li>
                            <a class="estDynamic" href="../personal-care/feminine-care-incontinence-and-baby-diapers.html">Feminine incontinence and diapers</a>
                        </li>
                        <li>
                            <a class="estDynamic" href="../personal-care/shower-gel.html">Shower gel</a>
                        </li>
                        <li>
                            <a class="estDynamic" href="../personal-care/creams.html">Creams</a>
                        </li>
                        <li>
                            <a class="estDynamic" href="../personal-care/deodorant.html">Deodorant</a>
                        </li>
                        <li>
                            <a class="estDynamic" href="../personal-care/hair-removal.html">Hair removal</a>
                        </li>
                        <li>
                            <a class="estDynamic" href="../personal-care/disinfectants.html">Disinfectants</a>
                        </li>
                        <li>
                            <a class="estDynamic" href="../personal-care/oral-hygiene.html">Oral hygiene</a>
                        </li>
                        <li>
                            <a class="estDynamic" href="../personal-care/supplements-and-multivitamins.html">Supplements and multivitamins</a>
                        </li>
                        <li>
                            <a class="estDynamic" href="../personal-care/first-aid.html">First aid label</a>
                        </li>
                        <li>
                            <a class="estDynamic" href="../personal-care/beard-products.html">Beard products</a>
                        </li>
                        <li>
                            <a class="estDynamic" href="../personal-care/hairs-products.html">Hair products</a>
                        </li>
                        <li>
                            <a class="estDynamic" href="../personal-care/perfume.html">Perfumes</a>
                        </li>
                        <li>
                            <a class="estDynamic" href="../personal-care/wipes.html">Wipes</a>
                        </li>
                        <li>
                            <a class="estDynamic" href="../personal-care/soaps-and-body-wash.html">Soaps and body wash</a>
                        </li>
                        <li>
                            <a class="estDynamic" href="../personal-care/shampoo-and-conditioner.html">Shampoo and conditioner</a>
                        </li>
                    </ul>
                </li>
                <li>
                    <img src="../../cdn.spesati.com/images/menu/pellet-and-home.png"/>
                    Home and outdoors                    <i class="fa fa-angle-down" aria-hidden="true"></i>
                    <ul class="sub-menu">
                        <li>
                            <a class="estDynamic" href="../household-and-outdoors/distilled-water.html">Distilled water</a>
                        </li>
                        <li>
                            <a class="estDynamic" href="../household-and-outdoors/car-products.html">Cars</a>
                        </li>
                        <li>
                            <a class="estDynamic" href="../household-and-outdoors/bin-bags-and-buckets.html">Bin bags and buckets</a>
                        </li>
                        <li>
                            <a class="estDynamic" href="../household-and-outdoors/bleach-and-stain-removers.html">Bleach and stain removers</a>
                        </li>
                        <li>
                            <a class="estDynamic" href="../household-and-outdoors/candles.html">Candles</a>
                        </li>
                        <li>
                            <a class="estDynamic" href="../household-and-outdoors/kitchen-roll.html">Kitchen roll</a>
                        </li>
                        <li>
                            <a class="estDynamic" href="../household-and-outdoors/air-fresheners.html">Air fresheners</a>
                        </li>
                        <li>
                            <a class="estDynamic" href="../household-and-outdoors/laundry-accessories-and-detergent.html">Laundry detergent</a>
                        </li>
                        <li>
                            <a class="estDynamic" href="../household-and-outdoors/dishwasher-and-washing-up.html">Dishwasher and washing up</a>
                        </li>
                        <li>
                            <a class="estDynamic" href="../household-and-outdoors/gardening.html">Gardening</a>
                        </li>
                        <li>
                            <a class="estDynamic" href="../household-and-outdoors/light-bulbs-and-batteries.html">Lightbulbs and batteries</a>
                        </li>
                        <li>
                            <a class="estDynamic" href="../household-and-outdoors/pellet-and-bbq.html">Pellet and BBQ</a>
                        </li>
                        <li>
                            <a class="estDynamic" href="../household-and-outdoors/bathroom-products.html">Bathroom products</a>
                        </li>
                        <li>
                            <a class="estDynamic" href="../household-and-outdoors/home-and-furniture-products.html">Home and furniture products</a>
                        </li>
                        <li>
                            <a class="estDynamic" href="../household-and-outdoors/kitchen-products.html">Kitchen products</a>
                        </li>
                        <li>
                            <a class="estDynamic" href="../household-and-outdoors/window-and-floor-cleaners.html">Window and floor cleaner</a>
                        </li>
                        <li>
                            <a class="estDynamic" href="../household-and-outdoors/repellents.html">Repellents</a>
                        </li>
                        <li>
                            <a class="estDynamic" href="../household-and-outdoors/disposable-tableware.html">Disposable tableware</a>
                        </li>
                    </ul>
                </li>
                <li>
                    <img src="../../cdn.spesati.com/images/menu/animals.png"/>
                    Pets                    <i class="fa fa-angle-down" aria-hidden="true"></i>
                    <ul class="sub-menu">
                        <li>
                            <a class="estDynamic" href="../pets/pet-food-other-animals.html">Other animals pet food</a>
                        </li>
                        <li>
                            <a class="estDynamic" href="../pets/pet-food-dogs.html">Pet food dogs</a>
                        </li>
                        <li>
                            <a class="estDynamic" href="../pets/pet-food-cats.html">Pet food cats</a>
                        </li>
                        <li>
                            <a class="estDynamic" href="../pets/hygiene-and-cleaning.html">Hygiene and cleaning</a>
                        </li>
                    </ul>
                </li>
                <li>
                    <img src="../../cdn.spesati.com/images/menu/technology.png"/>
                    Technology                    <i class="fa fa-angle-down" aria-hidden="true"></i>
                    <ul class="sub-menu">
                        <li>
                            <a class="estDynamic" href="../technology/accessories.html">Accessories</a>
                        </li>
                        <li>
                            <a class="estDynamic" href="../technology/computer.html">Computer</a>
                        </li>
                        <li>
                            <a class="estDynamic" href="../technology/telephones.html">Telephones</a>
                        </li>
                        <li>
                            <a class="estDynamic" href="../technology/tv.html">TV</a>
                        </li>
                    </ul>
                </li>
                <li>
                    <img src="../../cdn.spesati.com/images/menu/gluten-free.png"/>
                    Gluten free                    <i class="fa fa-angle-down" aria-hidden="true"></i>
                    <ul class="sub-menu">
                        <li>
                            <a class="estDynamic" href="../gluten-free/frozen-foods.html">Frozen foods</a>
                        </li>
                        <li>
                            <a class="estDynamic" href="../gluten-free/beer.html">Beer</a>
                        </li>
                        <li>
                            <a class="estDynamic" href="../gluten-free/sweets.html">Sweets</a>
                        </li>
                        <li>
                            <a class="estDynamic" href="../gluten-free/bread-and-pasta.html">Bread and pasta</a>
                        </li>
                        <li>
                            <a class="estDynamic" href="../gluten-free/shelf.html">Cupboard</a>
                        </li>
                    </ul>
                </li>
                <li>
                    <img src="../../cdn.spesati.com/images/menu/lactose-free.png"/>
                    Lactose free                    <i class="fa fa-angle-down" aria-hidden="true"></i>
                    <ul class="sub-menu">
                        <li>
                            <a class="estDynamic" href="../lactose-free/frozen-foods.html">Frozen foods</a>
                        </li>
                        <li>
                            <a class="estDynamic" href="../lactose-free/sweets.html">Sweets</a>
                        </li>
                        <li>
                            <a class="estDynamic" href="../lactose-free/dairy-product.html">Dairy product</a>
                        </li>
                        <li>
                            <a class="estDynamic" href="../lactose-free/shelf.html">Cupboard</a>
                        </li>
                    </ul>
                </li>
                <li>
                    <img src="../../cdn.spesati.com/images/menu/special.png"/>
                    Special                    <i class="fa fa-angle-down" aria-hidden="true"></i>
                    <ul class="sub-menu">
                        <li>
                            <a class="estDynamic" href="../special/alpro.html">Alpro</a>
                        </li>
                        <li>
                            <a class="estDynamic" href="../special/organic.html">Biological</a>
                        </li>
                        <li>
                            <a class="estDynamic" href="../special/meat.html">Meat</a>
                        </li>
                        <li>
                            <a class="estDynamic" href="../special/wholegrain.html">Wholegrain</a>
                        </li>
                        <li>
                            <a class="estDynamic" href="../special/bread-and-pasta.html">Bread and pasta</a>
                        </li>
                        <li>
                            <a class="estDynamic" href="../special/vegan.html">Vegan</a>
                        </li>
                    </ul>
                </li>
                <li>
                    <img src="../../cdn.spesati.com/images/menu/sardinian-products.png"/>
                    Sardinian products                    <i class="fa fa-angle-down" aria-hidden="true"></i>
                    <ul class="sub-menu">
                        <li>
                            <a class="estDynamic" href="../sardinian-products/drinks.html">Drinks</a>
                        </li>
                        <li>
                            <a class="estDynamic" href="../sardinian-products/meat.html">Meat</a>
                        </li>
                        <li>
                            <a class="estDynamic" href="../sardinian-products/sweets.html">Sweets</a>
                        </li>
                        <li>
                            <a class="estDynamic" href="../sardinian-products/fruit-and-vegetables.html">Fruit and vegetables</a>
                        </li>
                        <li>
                            <a class="estDynamic" href="../sardinian-products/ichnusa.html">Ichnusa</a>
                        </li>
                        <li>
                            <a class="estDynamic" href="../sardinian-products/dairy-product.html">Dairy product</a>
                        </li>
                        <li>
                            <a class="estDynamic" href="../sardinian-products/bread-and-pasta.html">Bread and pasta</a>
                        </li>
                        <li>
                            <a class="estDynamic" href="../sardinian-products/fish.html">Fish</a>
                        </li>
                        <li>
                            <a class="estDynamic" href="../sardinian-products/cured-meat.html">Cured meat</a>
                        </li>
                        <li>
                            <a class="estDynamic" href="../sardinian-products/shelf.html">Cupboard</a>
                        </li>
                        <li>
                            <a class="estDynamic" href="../sardinian-products/vermentino-wine.html">Vermentino wine</a>
                        </li>
                        <li>
                            <a class="estDynamic" href="../sardinian-products/wine-beer-and-spirits.html">Wine beer and spirits</a>
                        </li>
                    </ul>
                </li>
            </ul>
        </li>
        <li>
            <a href="../about.html">About</a>
        </li>
        <li>
            <a href="../faq.html">Faq</a>
        </li>
        <li>
            <a href="../customer-care.html">Support</a>
        </li>
        <li>
            <a href="../news.html">Blog</a>
        </li>
        <li>
            <a href="../terms-and-conditions.html">Conditions</a>
        </li>
        <li>
            <a href="../privacy-policy.html">Privacy policy</a>
        </li>
        <li>
            <a href="../login.html">Login</a>
        </li>
        <li>
             <a href="../sign-up.html">Sign up</a>
        </li>
    </ul>
</div><section class="first">
    <div id="menuCategories" class="colLeft">
    <ul id="main_nav" >
        <li>
            <a class="estDynamic" href="../on-offer.html">
               <img src="../../cdn.spesati.com/images/menu/on-sale.png"/>
               On sale            </a>
            <i class="fa fa-angle-right" aria-hidden="true"></i>
            <ul class="sub-menu">
                <li>
    <a href="../tacchino-fesa-a-fette.html" class="estDynamic">Tacchino Fesa A Fette</a>
</li><li>
    <a href="../amaro-montenegro-15lt.html" class="estDynamic">Amaro Montenegro 1,5lt</a>
</li><li>
    <a href="../carbone-di-legna-sacco-10kg.html" class="estDynamic">Carbone Di Legna Sacco 10Kg</a>
</li><li>
    <a href="../filu-e-ferru-silvio-carta-70cl.html" class="estDynamic">Filu E Ferru Silvio Carta 70Cl</a>
</li><li>
    <a href="../braciole-suino-con-cotenna.html" class="estDynamic">Braciole Suino Con Cotenna</a>
</li><li>
    <a href="../bovino-adulto-polpa.html" class="estDynamic">Bovino Adulto Polpa</a>
</li><li>
    <a href="../vino-la-palma-cannonau-le-bombarde.html" class="estDynamic">Vino La Palma Cannonau Le Bombarde</a>
</li><li>
    <a href="../fettine-sceltissime-bovino-adulto.html" class="estDynamic">Fettine Sceltissime Bovino Adulto</a>
</li><li>
    <a href="../suino-fettine-scelte.html" class="estDynamic">Suino Fettine Scelte</a>
</li><li>
    <a href="../lavazza-caffe-qualita-rossa-2x250gr.html" class="estDynamic">Lavazza Caffé Qualità Rossa 2x250gr</a>
</li>                <li>
                    <a class="estDynamic" href="../on-offer.html">All products on sale</a>
                </li>
            </ul>
        </li>
        <li>
            <a class="estDynamic" href="../gift.html">
               <img src="../../cdn.spesati.com/images/menu/gift.png"/>
               Gifts            </a>
            <i class="fa fa-angle-right" aria-hidden="true"></i>
            <ul class="sub-menu">
                <li>
    <a href="../gift-card-da-150.html" class="estDynamic">Gift Card Da 150</a>
</li><li>
    <a href="../gift-card-da-100.html" class="estDynamic">Gift Card Da 100</a>
</li><li>
    <a href="../gift-card-da-50.html" class="estDynamic">Gift Card Da 50</a>
</li><li>
    <a href="../gift-card-da-25.html" class="estDynamic">Gift Card Da 25</a>
</li>                <li>
                    <a class="estDynamic" href="../gift.html">All products in the gifts category</a>
                </li>
            </ul>
        </li>
        <li>
            <a class="estDynamic" href="../gift-card.html">
               <img src="../../cdn.spesati.com/images/menu/gift-card.png"/>
               Gift card and discounts            </a>
            <i class="fa fa-angle-right" aria-hidden="true"></i>
            <ul class="sub-menu">
                <li>
    <a href="../gift-card-da-150.html">Gift Card Da 150</a>
</li><li>
    <a href="../gift-card-da-100.html">Gift Card Da 100</a>
</li><li>
    <a href="../gift-card-da-50.html">Gift Card Da 50</a>
</li><li>
    <a href="../gift-card-da-25.html">Gift Card Da 25</a>
</li>            </ul>
        </li>
        <li>
            <a class="estDynamic" href="../fruit-and-vegetables.html">
               <img src="../../cdn.spesati.com/images/menu/fuit-and-vegetables.png"/>
               Fruit and vegetables           </a>
            <i class="fa fa-angle-right" aria-hidden="true"></i>
            <ul class="sub-menu">
                <li>
                    <a class="estDynamic" href="../fruit-and-vegetables/pulses-and-beans.html">Cereals and pulses and beans</a>
                </li>
                <li>
                    <a class="estDynamic" href="../fruit-and-vegetables/fruit.html">Fruit</a>
                </li>
                <li>
                    <a class="estDynamic" href="../fruit-and-vegetables/canned-fruit.html">Canned fruit</a>
                </li>
                <li>
                    <a class="estDynamic" href="../fruit-and-vegetables/dried-fruit.html">Dried fruit</a>
                </li>
                <li>
                    <a class="estDynamic" href="../fruit-and-vegetables/ready-salads.html">Ready salads</a>
                </li>
                <li>
                    <a class="estDynamic" href="../fruit-and-vegetables/fresh-spices.html">Fresh spices</a>
                </li>
                <li>
                    <a class="estDynamic" href="../fruit-and-vegetables/vegetables.html">Vegetables and soy</a>
                </li>
            </ul>
        </li>
        <li>
            <a class="estDynamic" href="../fresh-products.html">
                <img src="../../cdn.spesati.com/images/menu/fresh-products.png"/>
                Fresh products            </a>
            <i class="fa fa-angle-right" aria-hidden="true"></i>
            <ul class="sub-menu">
                <li>
                    <a class="estDynamic" href="../fresh-products/margarine-and-butter.html">Butter and margarine</a>
                </li>
                <li>
                    <a class="estDynamic" href="../fresh-products/danone.html">Danone</a>
                </li>
                <li>
                    <a class="estDynamic" href="../fresh-products/dessert.html">Dessert</a>
                </li>
                <li>
                    <a class="estDynamic" href="../fresh-products/sweets.html">Sweets</a>
                </li>
                <li>
                    <a class="estDynamic" href="../fresh-products/dairy-products.html">Dairy product</a>
                </li>
                <li>
                    <a class="estDynamic" href="../fresh-products/bakery.html">Yeast</a>
                </li>
                <li>
                    <a class="estDynamic" href="../fresh-products/mascarpone.html">Mascarpone</a>
                </li>
                <li>
                    <a class="estDynamic" href="../fresh-products/snacks.html">Snacks</a>
                </li>
                <li>
                    <a class="estDynamic" href="../fresh-products/mozzarella.html">Mozzarella</a>
                </li>
                <li>
                    <a class="estDynamic" href="../fresh-products/pasta.html">Pasta</a>
                </li>
                <li>
                    <a class="estDynamic" href="../fresh-products/pesto-and-sauces.html">Pesto and sauces</a>
                </li>
                <li>
                    <a class="estDynamic" href="../fresh-products/ricotta-and-cheese.html">Ricotta and cheese</a>
                </li>
                <li>
                    <a class="estDynamic" href="../fresh-products/cured-meat.html">Cured meat</a>
                </li>
                <li>
                    <a class="estDynamic" href="../fresh-products/wurstel.html">Würstel</a>
                </li>
                <li>
                    <a class="estDynamic" href="../fresh-products/yogurt.html">Yogurt</a>
                </li>
            </ul>
        </li>
        <li>
            <a class="estDynamic" href="../frozen-foods.html">
                <img src="../../cdn.spesati.com/images/menu/frozen-foods.png"/>
                Frozen foods            </a>
            <i class="fa fa-angle-right" aria-hidden="true"></i>
            <ul class="sub-menu">
                <li>
                    <a class="estDynamic" href="../frozen-foods/meat.html">Meat</a>
                </li>
                <li>
                    <a class="estDynamic" href="../frozen-foods/ice-creams.html">Ice cream and sweet</a>
                </li>
                <li>
                    <a class="estDynamic" href="../frozen-foods/pasta.html">Pasta</a>
                </li>
                <li>
                    <a class="estDynamic" href="../frozen-foods/fish.html">Fish</a>
                </li>
                <li>
                    <a class="estDynamic" href="../frozen-foods/ready-meals.html">Ready meals</a>
                </li>
                <li>
                    <a class="estDynamic" href="../frozen-foods/pizzas.html">Pizzas</a>
                </li>
                <li>
                    <a class="estDynamic" href="../frozen-foods/vegetables.html">Vegetables and soy</a>
                </li>
            </ul>
        </li>
        <li>
            <a class="estDynamic" href="../bread-and-pasta.html">
                <img src="../../cdn.spesati.com/images/menu/bread-and-pasta.png"/>
                Bread and pasta            </a>
            <i class="fa fa-angle-right" aria-hidden="true"></i>
            <ul class="sub-menu">
                <li>
                    <a class="estDynamic" href="crackers.html">Crackers</a>
                </li>
                <li>
                    <a class="estDynamic" href="rusks.html">Rusks</a>
                </li>
                <li>
                    <a class="estDynamic" href="white-bread.html">White bread</a>
                </li>
                <li>
                    <a class="estDynamic" href="local-bread.html">Local bread</a>
                </li>
                <li>
                    <a class="estDynamic" href="soft-bread.html">Soft bread</a>
                </li>
                <li>
                    <a class="estDynamic" href="sardinian-bread.html">Sardinian bread</a>
                </li>
                <li>
                    <a class="estDynamic" href="bakery.html">Bakery</a>
                </li>
                <li>
                    <a class="estDynamic" href="pasta.html">Pasta</a>
                </li>
                <li>
                    <a class="estDynamic" href="fresh-pasta.html">Fresh pasta</a>
                </li>
            </ul>
        </li>
        <li>
            <a class="estDynamic" href="../meat.html">
                <img src="../../cdn.spesati.com/images/menu/meat.png"/>
                Meat            </a>
            <i class="fa fa-angle-right" aria-hidden="true"></i>
            <ul class="sub-menu">
                <li>
                    <a class="estDynamic" href="../meat/beef.html">Beef</a>
                </li>
                <li>
                    <a class="estDynamic" href="../meat/goat.html">Goat</a>
                </li>
                <li>
                    <a class="estDynamic" href="../meat/packaged-meat.html">Packaged meat</a>
                </li>
                <li>
                    <a class="estDynamic" href="../meat/rabbit.html">Rabbit</a>
                </li>
                <li>
                    <a class="estDynamic" href="../meat/horse.html">Horse</a>
                </li>
                <li>
                    <a class="estDynamic" href="../meat/pork.html">Pork</a>
                </li>
                <li>
                    <a class="estDynamic" href="../meat/lamb.html">Lamb</a>
                </li>
                <li>
                    <a class="estDynamic" href="../meat/poultry.html">Poultry</a>
                </li>
            </ul>
        </li>
        <li>
            <a class="estDynamic" href="../fish.html">
                <img src="../../cdn.spesati.com/images/menu/fish.png"/>
                Fish            </a>
            <i class="fa fa-angle-right" aria-hidden="true"></i>
            <ul class="sub-menu">
                <li>
                    <a class="estDynamic" href="../fish/fresh-water.html">Fresh water</a>
                </li>
                <li>
                    <a class="estDynamic" href="../fish/salt-water.html">Salt water</a>
                </li>
                <li>
                    <a class="estDynamic" href="../fish/mussels.html">Mussels</a>
                </li>
                <li>
                    <a class="estDynamic" href="../fish/dried-and-salted.html">Dried and salted</a>
                </li>
                <li>
                    <a class="estDynamic" href="../fish/seafood-salad.html">Seafood salad</a>
                </li>
                <li>
                    <a class="estDynamic" href="../fish/prepared.html">Prepared</a>
                </li>
                <li>
                    <a class="estDynamic" href="../fish/specialty.html">Specialty</a>
                </li>   
                <li>
                    <a class="estDynamic" href="../fish/tuna-and-salmon.html">Tuna and salmon</a>
                </li>
            </ul>
        </li>
        <li>
            <a class="estDynamic" href="../wine-beer-and-spirits.html">
                <img src="../../cdn.spesati.com/images/menu/alcohol.png"/>
                Wine beer and spirits            </a>
            <i class="fa fa-angle-right" aria-hidden="true"></i>
            <ul class="sub-menu">
                <li>
                    <a class="estDynamic" href="../wine-beer-and-spirits/spirits-and-liquors.html">Alcohol</a>
                </li>
                <li>
                    <a class="estDynamic" href="../wine-beer-and-spirits/bitters.html">Bitters</a>
                </li>
                <li>
                    <a class="estDynamic" href="../wine-beer-and-spirits/aperatif.html">Aperatifs</a>
                </li>
                <li>
                    <a class="estDynamic" href="../wine-beer-and-spirits/beer.html">Beer</a>
                </li>
                <li>
                    <a class="estDynamic" href="../wine-beer-and-spirits/creams.html">Creams</a>
                </li>
                <li>
                    <a class="estDynamic" href="../wine-beer-and-spirits/spirits.html">Spirits</a>
                </li>
                <li>
                    <a class="estDynamic" href="../wine-beer-and-spirits/liquors.html">Liquors</a>
                </li>
                <li>
                    <a class="estDynamic" href="../wine-beer-and-spirits/white-wine.html">White wine</a>
                </li>
                <li>
                    <a class="estDynamic" href="../wine-beer-and-spirits/prosecco-wine.html">Prosecco wine</a>
                </li>
                <li>
                    <a class="estDynamic" href="../wine-beer-and-spirits/rose-wine.html">Rose wine</a>
                </li>
                <li>
                    <a class="estDynamic" href="../wine-beer-and-spirits/red-wine.html">Red wine</a>
                </li>
                <li>
                    <a class="estDynamic" href="../wine-beer-and-spirits/specialty-wine.html">Special wine</a>
                </li>
                <li>
                    <a class="estDynamic" href="../wine-beer-and-spirits/sparkling-wine.html">Sparkling wine</a>
                </li>
                <li>
                    <a class="estDynamic" href="../wine-beer-and-spirits/vermentino-wine.html">Vermentino wine</a>
                </li>
            </ul>
        </li>
        <li>
            <a class="estDynamic" href="../water-and-drinks.html">
                <img src="../../cdn.spesati.com/images/menu/water-and-drinks.png"/>
                Water and drinks            </a>
            <i class="fa fa-angle-right" aria-hidden="true"></i>
            <ul class="sub-menu">
                <li>
                    <a class="estDynamic" href="../water-and-drinks/san-martino.html">San Martino</a>
                </li>
                <li>
                    <a class="estDynamic" href="../water-and-drinks/water.html">Water</a>
                </li>
                <li>
                    <a class="estDynamic" href="../water-and-drinks/alpro.html">Alpro</a>
                </li>
                <li>
                    <a class="estDynamic" href="../water-and-drinks/fizzy-drinks.html">Fizzy drinks</a>
                </li>
                <li>
                    <a class="estDynamic" href="../water-and-drinks/coca-cola.html">Coca-Cola</a>
                </li>
                <li>
                    <a class="estDynamic" href="../water-and-drinks/energy-drink.html">Energy drink</a>
                </li>
                <li>
                    <a class="estDynamic" href="../water-and-drinks/syrups.html">Syrups</a>
                </li>
                <li>
                    <a class="estDynamic" href="../water-and-drinks/supplements.html">Supplements</a>
                </li>
                <li>
                    <a class="estDynamic" href="../water-and-drinks/instant-drinks.html">Instant drinks</a>
                </li>
                <li>
                    <a class="estDynamic" href="../water-and-drinks/juice.html">Juice</a>
                </li>
                <li>
                    <a class="estDynamic" href="../water-and-drinks/tea.html">Tea</a>
                </li>
            </ul>
        </li>
        <li>
            <a class="estDynamic" href="../sweets.html">
                <img src="../../cdn.spesati.com/images/menu/sweets.png"/>
                Sweets            </a>
            <i class="fa fa-angle-right" aria-hidden="true"></i>
            <ul class="sub-menu">
                <li>
                    <a class="estDynamic" href="../sweets/bars-and-snacks.html">Bars and snacks</a>
                </li>
                <li>
                    <a class="estDynamic" href="../sweets/biscuits.html">Biscuits</a>
                </li>
                <li>
                    <a class="estDynamic" href="../sweets/brioches.html">Brioches</a>
                </li>
                <li>
                    <a class="estDynamic" href="../sweets/candy-and-chewing-gum.html">Candy and chewing gum</a>
                </li>
                <li>
                    <a class="estDynamic" href="../sweets/cereals.html">Cereals</a>
                </li>
                <li>
                    <a class="estDynamic" href="../sweets/chocolate.html">Chocolate</a>
                </li>
                <li>
                    <a class="estDynamic" href="../sweets/spreadable-creams.html">Spreads</a>
                </li>
                <li>
                    <a class="estDynamic" href="../sweets/dessert-toppings.html">Dessert toppings</a>
                </li>
                <li>
                    <a class="estDynamic" href="../sweets/jam.html">Jam</a>
                </li>
                <li>
                    <a class="estDynamic" href="../sweets/honey.html">Honey</a>
                </li>
                <li>
                    <a class="estDynamic" href="../sweets/panettoni-and-pandoro.html">Panettone and pandoro</a>
                </li>
                <li>
                    <a class="estDynamic" href="../sweets/pastry.html">Pastry</a>
                </li>
                <li>
                    <a class="estDynamic" href="../sweets/instant-dessert.html">Prepared</a>
                </li>
                <li>
                    <a class="estDynamic" href="../sweets/cakes-and-pies.html">Cakes and pies</a>
                </li>
                <li>
                    <a class="estDynamic" href="../sweets/easter-eggs-and-doves.html">Easter eggs and doves</a>
                </li>
            </ul>
        </li>
        <li>
            <a class="estDynamic" href="../shelf.html">
                <img src="../../cdn.spesati.com/images/menu/shelf.png"/>
                Cupboard            </a>
            <i class="fa fa-angle-right" aria-hidden="true"></i>
            <ul class="sub-menu">
                <li>
                    <a class="estDynamic" href="../shelf/coffee.html">Coffee</a>
                </li>
                <li>
                    <a class="estDynamic" href="../shelf/gift-baskets.html">Gift baskets</a>
                </li>
                <li>
                    <a class="estDynamic" href="../shelf/stock-cubes.html">Nuts and preparations</a>
                </li>
                <li>
                    <a class="estDynamic" href="../shelf/flour-and-baking.html">Flour and baking</a>
                </li>
                <li>
                    <a class="estDynamic" href="../shelf/milk.html">Milk</a>
                </li>
                <li>
                    <a class="estDynamic" href="../shelf/oil-salt-vinegar.html">Oil, vinegar and salt</a>
                </li>
                <li>
                    <a class="estDynamic" href="../shelf/cream-and-bechamel.html">Cream and bechamel</a>
                </li>
                <li>
                    <a class="estDynamic" href="../shelf/crisps-and-pretzels.html">Crisps and pretzels</a>
                </li>
                <li>
                    <a class="estDynamic" href="../shelf/baby-and-infants-products.html">Early childhood products</a>
                </li>
                <li>
                    <a class="estDynamic" href="../shelf/rice.html">Rice</a>
                </li>
                <li>
                    <a class="estDynamic" href="../shelf/tins-and-preserves.html">Tins and Preserves</a>
                </li>
                <li>
                    <a class="estDynamic" href="../shelf/spices.html">Spices</a>
                </li>
                <li>
                    <a class="estDynamic" href="../shelf/sauces.html">Sauces</a>
                </li>
                <li>
                    <a class="estDynamic" href="../shelf/tea-and-infusions.html">Tea and infusions</a>
                </li>
                <li>
                    <a class="estDynamic" href="../shelf/eggs.html">Eggs</a>
                </li>
                <li>
                    <a class="estDynamic" href="../shelf/sugar-and-sweeteners.html">Sugar and sweeteners</a>
                </li>
            </ul>
        </li>
        <li>
            <a class="estDynamic" href="../personal-care.html">
                <img src="../../cdn.spesati.com/images/menu/personal-care.png"/>
                Personal care            </a>
            <i class="fa fa-angle-right" aria-hidden="true"></i>
            <ul class="sub-menu">
                <li>
                    <a class="estDynamic" href="../personal-care/accessories-and-cotton.html">Accessories and cotton</a>
                </li>
                <li>
                    <a class="estDynamic" href="../personal-care/feminine-care-incontinence-and-baby-diapers.html">Feminine incontinence and diapers</a>
                </li>
                <li>
                    <a class="estDynamic" href="../personal-care/shower-gel.html">Shower gel</a>
                </li>
                <li>
                    <a class="estDynamic" href="../personal-care/creams.html">Creams</a>
                </li>
                <li>
                    <a class="estDynamic" href="../personal-care/deodorant.html">Deodorant</a>
                </li>
                <li>
                    <a class="estDynamic" href="../personal-care/hair-removal.html">Hair removal</a>
                </li>
                <li>
                    <a class="estDynamic" href="../personal-care/disinfectants.html">Disinfectants</a>
                </li>
                <li>
                    <a class="estDynamic" href="../personal-care/oral-hygiene.html">Oral hygiene</a>
                </li>
                <li>
                    <a class="estDynamic" href="../personal-care/supplements-and-multivitamins.html">Supplements and multivitamins</a>
                </li>
                <li>
                    <a class="estDynamic" href="../personal-care/first-aid.html">First aid label</a>
                </li>
                <li>
                    <a class="estDynamic" href="../personal-care/beard-products.html">Beard products</a>
                </li>
                <li>
                    <a class="estDynamic" href="../personal-care/hairs-products.html">Hair products</a>
                </li>
                <li>
                    <a class="estDynamic" href="../personal-care/perfume.html">Perfumes</a>
                </li>
                <li>
                    <a class="estDynamic" href="../personal-care/wipes.html">Wipes</a>
                </li>
                <li>
                    <a class="estDynamic" href="../personal-care/soaps-and-body-wash.html">Soaps and body wash</a>
                </li>
                <li>
                    <a class="estDynamic" href="../personal-care/shampoo-and-conditioner.html">Shampoo and conditioner</a>
                </li>
            </ul>
        </li>
        <li>
            <a class="estDynamic" href="../household-and-outdoors.html">
                <img src="../../cdn.spesati.com/images/menu/pellet-and-home.png"/>
                Home and outdoors 
            </a>
            <i class="fa fa-angle-right" aria-hidden="true"></i>
            <ul class="sub-menu">
                <li>
                    <a class="estDynamic" href="../household-and-outdoors/distilled-water.html">Distilled water</a>
                </li>
                <li>
                    <a class="estDynamic" href="../household-and-outdoors/car-products.html">Cars</a>
                </li>
                <li>
                    <a class="estDynamic" href="../household-and-outdoors/bin-bags-and-buckets.html">Bin bags and buckets</a>
                </li>
                <li>
                    <a class="estDynamic" href="../household-and-outdoors/bleach-and-stain-removers.html">Bleach and stain removers</a>
                </li>
                <li>
                    <a class="estDynamic" href="../household-and-outdoors/candles.html">Candles</a>
                </li>
                <li>
                    <a class="estDynamic" href="../household-and-outdoors/kitchen-roll.html">Kitchen roll</a>
                </li>
                <li>
                    <a class="estDynamic" href="../household-and-outdoors/air-fresheners.html">Air fresheners</a>
                </li>
                <li>
                    <a class="estDynamic" href="../household-and-outdoors/laundry-accessories-and-detergent.html">Laundry detergent</a>
                </li>
                <li>
                    <a class="estDynamic" href="../household-and-outdoors/dishwasher-and-washing-up.html">Dishwasher and washing up</a>
                </li>
                <li>
                    <a class="estDynamic" href="../household-and-outdoors/gardening.html">Gardening</a>
                </li>
                <li>
                    <a class="estDynamic" href="../household-and-outdoors/light-bulbs-and-batteries.html">Lightbulbs and batteries</a>
                </li>
                <li>
                    <a class="estDynamic" href="../household-and-outdoors/pellet-and-bbq.html">Pellet and BBQ</a>
                </li>
                <li>
                    <a class="estDynamic" href="../household-and-outdoors/bathroom-products.html">Bathroom products</a>
                </li>
                <li>
                    <a class="estDynamic" href="../household-and-outdoors/home-and-furniture-products.html">Home and furniture products</a>
                </li>
                <li>
                    <a class="estDynamic" href="../household-and-outdoors/kitchen-products.html">Kitchen products</a>
                </li>
                <li>
                    <a class="estDynamic" href="../household-and-outdoors/window-and-floor-cleaners.html">Window and floor cleaner</a>
                </li>
                <li>
                    <a class="estDynamic" href="../household-and-outdoors/repellents.html">Repellents</a>
                </li>
                <li>
                    <a class="estDynamic" href="../household-and-outdoors/disposable-tableware.html">Disposable tableware</a>
                </li>
            </ul>
        </li>
        <li>
            <a class="estDynamic" href="../pet.html">
                <img src="../../cdn.spesati.com/images/menu/animals.png"/>
                Pets            </a>
            <i class="fa fa-angle-right" aria-hidden="true"></i>
            <ul class="sub-menu">
                <li>
                    <a class="estDynamic" href="../pets/pet-food-other-animals.html">Other animals pet food</a>
                </li>
                <li>
                    <a class="estDynamic" href="../pets/pet-food-dogs.html">Pet food dogs</a>
                </li>
                <li>
                    <a class="estDynamic" href="../pets/pet-food-cats.html">Pet food cats</a>
                </li>
                <li>
                    <a class="estDynamic" href="../pets/hygiene-and-cleaning.html">Hygiene and cleaning</a>
                </li>
            </ul>
        </li>
        <li>
            <a class="estDynamic" href="../technology.html">
                <img src="../../cdn.spesati.com/images/menu/technology.png"/>
                Technology            </a>
            <i class="fa fa-angle-right" aria-hidden="true"></i>
            <ul class="sub-menu">
                <li>
                    <a class="estDynamic" href="../technology/accessories.html">Accessories</a>
                </li>
                <li>
                    <a class="estDynamic" href="../technology/computer.html">Computer</a>
                </li>
                <li>
                    <a class="estDynamic" href="../technology/telephones.html">Telephones</a>
                </li>
                <li>
                    <a class="estDynamic" href="../technology/tv.html">TV</a>
                </li>
            </ul>
        </li>
        <li>
            <a class="estDynamic" href="../gluten-free.html">
                <img src="../../cdn.spesati.com/images/menu/gluten-free.png"/>
                Gluten free            </a>
            <i class="fa fa-angle-right" aria-hidden="true"></i>
            <ul class="sub-menu">
                <li>
                    <a class="estDynamic" href="../gluten-free/frozen-foods.html">Frozen foods</a>
                </li>
                <li>
                    <a class="estDynamic" href="../gluten-free/beer.html">Beer</a>
                </li>
                <li>
                    <a class="estDynamic" href="../gluten-free/sweets.html">Sweets</a>
                </li>
                <li>
                    <a class="estDynamic" href="../gluten-free/bread-and-pasta.html">Bread and pasta</a>
                </li>
                <li>
                    <a class="estDynamic" href="../gluten-free/shelf.html">Cupboard</a>
                </li>
            </ul>
        </li>
        <li>
            <a class="estDynamic" href="../lactose-free.html">
                <img src="../../cdn.spesati.com/images/menu/lactose-free.png"/>
                Lactose free            </a>
            <i class="fa fa-angle-right" aria-hidden="true"></i>
            <ul class="sub-menu">
                <li>
                    <a class="estDynamic" href="../lactose-free/frozen-foods.html">Frozen foods</a>
                </li>
                <li>
                    <a class="estDynamic" href="../lactose-free/sweets.html">Sweets</a>
                </li>
                <li>
                    <a class="estDynamic" href="../lactose-free/dairy-product.html">Dairy product</a>
                </li>
                <li>
                    <a class="estDynamic" href="../lactose-free/shelf.html">Cupboard</a>
                </li>
            </ul>
        </li>
        <li>
            <a class="estDynamic" href="../special.html">
                <img src="../../cdn.spesati.com/images/menu/special.png"/>
                Special            </a>
            <i class="fa fa-angle-right" aria-hidden="true"></i>
            <ul class="sub-menu">
                <li>
                    <a class="estDynamic" href="../special/alpro.html">Alpro</a>
                </li>
                <li>
                    <a class="estDynamic" href="../special/organic.html">Biological</a>
                </li>
                <li>
                    <a class="estDynamic" href="../special/meat.html">Meat</a>
                </li>
                <li>
                    <a class="estDynamic" href="../special/wholegrain.html">Wholegrain</a>
                </li>
                <li>
                    <a class="estDynamic" href="../special/bread-and-pasta.html">Bread and pasta</a>
                </li>
                <li>
                    <a class="estDynamic" href="../special/vegan.html">Vegan</a>
                </li>
            </ul>
        </li>
        <li>
            <a class="estDynamic" href="../sardinian-products.html">
                <img src="../../cdn.spesati.com/images/menu/sardinian-products.png"/>
                Sardinian products            </a>
            <i class="fa fa-angle-right" aria-hidden="true"></i>
            <ul class="sub-menu">
                <li>
                    <a class="estDynamic" href="../sardinian-products/drinks.html">Drinks</a>
                </li>
                <li>
                    <a class="estDynamic" href="../sardinian-products/meat.html">Meat</a>
                </li>
                <li>
                    <a class="estDynamic" href="../sardinian-products/sweets.html">Sweets</a>
                </li>
                <li>
                    <a class="estDynamic" href="../sardinian-products/fruit-and-vegetables.html">Fruit and vegetables</a>
                </li>
                <li>
                    <a class="estDynamic" href="../sardinian-products/ichnusa.html">Ichnusa</a>
                </li>
                <li>
                    <a class="estDynamic" href="../sardinian-products/dairy-product.html">Dairy product</a>
                </li>
                <li>
                    <a class="estDynamic" href="../sardinian-products/bread-and-pasta.html">Bread and pasta</a>
                </li>
                <li>
                    <a class="estDynamic" href="../sardinian-products/fish.html">Fish</a>
                </li>
                <li>
                    <a class="estDynamic" href="../sardinian-products/cured-meat.html">Cured meat</a>
                </li>
                <li>
                    <a class="estDynamic" href="../sardinian-products/shelf.html">Cupboard</a>
                </li>
                <li>
                    <a class="estDynamic" href="../sardinian-products/vermentino-wine.html">Vermentino wine</a>
                </li>
                <li>
                    <a class="estDynamic" href="../sardinian-products/wine-beer-and-spirits.html">Wine beer and spirits</a>
                </li>
            </ul>
        </li>
    </ul>
</div>    <div class="colRight">
        <div class="title mobile">
	<a href="../bread-and-pasta.html"><i class="fa red fa-angle-left fa-3x mobile" aria-hidden="true"></i></a>
	<h2>
		<b>
			pasta		</b>
	</h2>
</div>

<div class="breadcrumb bgGrey internal">
	<p>
		<b>
			<a href="../index.html">Home</a>
												&gt; <a href="../bread-and-pasta.html">Bread and pasta</a>
																&gt; Pasta									</b>
	</p>
	<div>
		<p>Order by</p>
		<select name="orderProd" id="orderProd">
			<option disabled="disabled" selected="selected">- Choose -</option>
			<option value="nameAsc">Name (A - Z)</option>
			<option value="nameDes">Name (Z - A)</option>
			<option value="priceHigh">Price - High to low</option>
			<option value="priceLow">Price - Low to high</option>
			<option value="soldAsc">Best Selling</option>
			<option value="available">Availability</option>
		</select>
	</div>
</div>
        <div class="containerProduct">
            <div class="left product prod1"
        data-name="Pranteddu Ravioli Ricotta Spinaci 500Gr"
        data-price="3.07"
        data-id="7019"
        data-available="yes"
        data-category="434"
        data-bestselling="1">
    <a href="../pranteddu-ravioli-ricotta-spinaci-500gr.html">
        <div style="background-image: url('../../cdn.spesati.com/images/products/504752/pranteddu-ravioli-ricotta-01.jpg')">
            <div class="hover"></div>
            <p class="arrow bgRed white">Best Seller</p>
            <div class="stickers"><img class="left" src="../../cdn.spesati.com/images/layout/sardinian.png" /></div>
        </div>
    </a>
    <div>
        <h4><a href="../pranteddu-ravioli-ricotta-spinaci-500gr.html"><b>Pranteddu Ravioli Ricotta Spinaci 500Gr</b></a></h4>
        <p class="description">0.5 Kg</p>
        <p class="right price"><b>3.07 €</b></p>
        <p class="right unitPrice">6.14 € per kg</p>
    </div>
    <div class="contButton">
    <a class="button bgRed white addToCart" href="#">Add</a>
</div>
</div><div class="left product prod2"
        data-name="Culurgionis Cuore Isola Igp 250gr"
        data-price="3.19"
        data-id="73244"
        data-available="yes"
        data-category="434"
        data-bestselling="">
    <a href="../culurgionis-cuore-isola-igp-250gr.html">
        <div style="background-image: url('../../cdn.spesati.com/images/products/431272/culurgionis-cuore-isola-01.jpg')">
            <div class="hover"></div>
            
            <div class="stickers"></div>
        </div>
    </a>
    <div>
        <h4><a href="../culurgionis-cuore-isola-igp-250gr.html"><b>Culurgionis Cuore Isola Igp 250gr</b></a></h4>
        <p class="description">0.25 Kg</p>
        <p class="right price"><b>3.19 €</b></p>
        <p class="right unitPrice">12.76 € per kg</p>
    </div>
    <div class="contButton">
    <a class="button bgRed white addToCart" href="#">Add</a>
</div>
</div><div class="left product prod3"
        data-name="Sini Gnocchetti Sardi Medi"
        data-price="1.55"
        data-id="2483"
        data-available="yes"
        data-category="434"
        data-bestselling="">
    <a href="../sini-gnocchetti-sardi-medi.html">
        <div style="background-image: url('../../cdn.spesati.com/images/products/4181302/sini-gnocchetti-sardi.jpg')">
            <div class="hover"></div>
            
            <div class="stickers"><img class="left" src="../../cdn.spesati.com/images/layout/sardinian.png" /></div>
        </div>
    </a>
    <div>
        <h4><a href="../sini-gnocchetti-sardi-medi.html"><b>Sini Gnocchetti Sardi Medi</b></a></h4>
        <p class="description">0.5 Kg</p>
        <p class="right price"><b>1.55 €</b></p>
        <p class="right unitPrice">3.10 € per kg</p>
    </div>
    <div class="contButton">
    <a class="button bgRed white addToCart" href="#">Add</a>
</div>
</div><div class="left product prod4"
        data-name="Malloreddus Cuore Dell'Isola Tre Sapori 500Gr"
        data-price="2.45"
        data-id="6918"
        data-available="yes"
        data-category="434"
        data-bestselling="">
    <a href="../malloreddus-cuore-dellisola-tre-sapori-500gr.html">
        <div style="background-image: url('../../cdn.spesati.com/images/products/398536/malloreddus-cuore-dellisola-01.jpg')">
            <div class="hover"></div>
            
            <div class="stickers"><img class="left" src="../../cdn.spesati.com/images/layout/sardinian.png" /></div>
        </div>
    </a>
    <div>
        <h4><a href="../malloreddus-cuore-dellisola-tre-sapori-500gr.html"><b>Malloreddus Cuore Dell'Isola Tre Sapori 500Gr</b></a></h4>
        <p class="description">0.5 Kg</p>
        <p class="right price"><b>2.45 €</b></p>
        <p class="right unitPrice">4.90 € per kg</p>
    </div>
    <div class="contButton">
    <a class="button bgRed white addToCart" href="#">Add</a>
</div>
</div><div class="left product prod5"
        data-name="Fregula Tostata Cuore Dell'Isola 500Gr"
        data-price="2.55"
        data-id="6917"
        data-available="yes"
        data-category="434"
        data-bestselling="">
    <a href="../fregula-tostata-cuore-dellisola-500gr.html">
        <div style="background-image: url('../../cdn.spesati.com/images/products/398511/fregula-tostata-cuore-01.jpg')">
            <div class="hover"></div>
            
            <div class="stickers"><img class="left" src="../../cdn.spesati.com/images/layout/sardinian.png" /></div>
        </div>
    </a>
    <div>
        <h4><a href="../fregula-tostata-cuore-dellisola-500gr.html"><b>Fregula Tostata Cuore Dell'Isola 500Gr</b></a></h4>
        <p class="description">0.5 Kg</p>
        <p class="right price"><b>2.55 €</b></p>
        <p class="right unitPrice">5.10 € per kg</p>
    </div>
    <div class="contButton">
    <a class="button bgRed white addToCart" href="#">Add</a>
</div>
</div><div class="left product prod6"
        data-name="Pasta Cicioneddos Cuore dell'Isola 500Gr"
        data-price="2.35"
        data-id="6916"
        data-available="yes"
        data-category="434"
        data-bestselling="">
    <a href="../pasta-cicioneddos-cuore-dellisola-500gr.html">
        <div style="background-image: url('../../cdn.spesati.com/images/products/398510/pasta-cicioneddos-cuore-01.jpg')">
            <div class="hover"></div>
            
            <div class="stickers"><img class="left" src="../../cdn.spesati.com/images/layout/sardinian.png" /></div>
        </div>
    </a>
    <div>
        <h4><a href="../pasta-cicioneddos-cuore-dellisola-500gr.html"><b>Pasta Cicioneddos Cuore dell'Isola 500Gr</b></a></h4>
        <p class="description">0.5 Kg</p>
        <p class="right price"><b>2.35 €</b></p>
        <p class="right unitPrice">4.71 € per kg</p>
    </div>
    <div class="contButton">
    <a class="button bgRed white addToCart" href="#">Add</a>
</div>
</div><div class="left product prod7"
        data-name="Pasta Sini Gnocchetti N3 500Gr"
        data-price="1.55"
        data-id="6365"
        data-available="yes"
        data-category="434"
        data-bestselling="">
    <a href="../pasta-sini-gnocchetti-n3-500gr.html">
        <div style="background-image: url('../../cdn.spesati.com/images/products/101352/pasta-sini-gnocchetti-01.jpg')">
            <div class="hover"></div>
            
            <div class="stickers"><img class="left" src="../../cdn.spesati.com/images/layout/sardinian.png" /></div>
        </div>
    </a>
    <div>
        <h4><a href="../pasta-sini-gnocchetti-n3-500gr.html"><b>Pasta Sini Gnocchetti N3 500Gr</b></a></h4>
        <p class="description">0.5 Kg</p>
        <p class="right price"><b>1.55 €</b></p>
        <p class="right unitPrice">3.10 € per kg</p>
    </div>
    <div class="contButton">
    <a class="button bgRed white addToCart" href="#">Add</a>
</div>
</div><div class="left product prod8"
        data-name="Couscous Precotto Gr 500"
        data-price="4.19"
        data-id="34726"
        data-available="yes"
        data-category="434"
        data-bestselling="">
    <a href="../couscous-precotto-gr-500.html">
        <div style="background-image: url('../../cdn.spesati.com/images/products/000650118/tipiak-couscous-semola-oro-500-g-01.png')">
            <div class="hover"></div>
            
            <div class="stickers"></div>
        </div>
    </a>
    <div>
        <h4><a href="../couscous-precotto-gr-500.html"><b>Couscous Precotto Gr 500</b></a></h4>
        <p class="description">Tipiak Couscous Semola Oro 500 g</p>
        <p class="right price"><b>4.19 €</b></p>
        <p class="right unitPrice">8.38 € per kg</p>
    </div>
    <div class="contButton">
    <a class="button bgRed white addToCart" href="#">Add</a>
</div>
</div><div class="left product prod9"
        data-name="Pasta Garofal Gnoc Sar S-g 400"
        data-price="2.49"
        data-id="27847"
        data-available="yes"
        data-category="434"
        data-bestselling="">
    <a href="../pasta-garofal-gnoc-sar-s-g-400.html">
        <div style="background-image: url('../../cdn.spesati.com/images/products/000165912/garofalo-gnocco-sardo-senza-glutine-400-g-01.png')">
            <div class="hover"></div>
            
            <div class="stickers"><img class="left" src="../../cdn.spesati.com/images/layout/gluten-free.png" /></div>
        </div>
    </a>
    <div>
        <h4><a href="../pasta-garofal-gnoc-sar-s-g-400.html"><b>Pasta Garofal Gnoc Sar S-g 400</b></a></h4>
        <p class="description">Garofalo Gnocco Sardo Senza Glutine 400 g</p>
        <p class="right price"><b>2.49 €</b></p>
        <p class="right unitPrice">6.23 € per kg</p>
    </div>
    <div class="contButton">
    <a class="button bgRed white addToCart" href="#">Add</a>
</div>
</div><div class="left product prod10"
        data-name="Pasta De Cecco Conchiglie Riga"
        data-price="1.69"
        data-id="27839"
        data-available="yes"
        data-category="434"
        data-bestselling="2">
    <a href="../pasta-de-cecco-conchiglie-riga.html">
        <div style="background-image: url('../../cdn.spesati.com/images/products/000165874/de-cecco-conchiglie-rigate-n50-500-g-01.png')">
            <div class="hover"></div>
            <p class="arrow bgRed white">Best Seller</p>
            <div class="stickers"></div>
        </div>
    </a>
    <div>
        <h4><a href="../pasta-de-cecco-conchiglie-riga.html"><b>Pasta De Cecco Conchiglie Riga</b></a></h4>
        <p class="description">De Cecco Conchiglie Rigate n°50 500 g</p>
        <p class="right price"><b>1.69 €</b></p>
        <p class="right unitPrice">3.38 € per kg</p>
    </div>
    <div class="contButton">
    <a class="button bgRed white addToCart" href="#">Add</a>
</div>
</div><div class="left product prod11"
        data-name="Pasta Garof Tagliatelle 500gr"
        data-price="1.89"
        data-id="27838"
        data-available="yes"
        data-category="434"
        data-bestselling="">
    <a href="../pasta-garof-tagliatelle-500gr.html">
        <div style="background-image: url('../../cdn.spesati.com/images/products/000165861/garofalo-tagliatelle-nido-90-2-pasta-di-gragnano-igp-500-g-01.png')">
            <div class="hover"></div>
            
            <div class="stickers"></div>
        </div>
    </a>
    <div>
        <h4><a href="../pasta-garof-tagliatelle-500gr.html"><b>Pasta Garof Tagliatelle 500gr</b></a></h4>
        <p class="description">Garofalo Tagliatelle Nido 90-2 Pasta di Gragnano IGP 500 g</p>
        <p class="right price"><b>1.89 €</b></p>
        <p class="right unitPrice">3.78 € per kg</p>
    </div>
    <div class="contButton">
    <a class="button bgRed white addToCart" href="#">Add</a>
</div>
</div><div class="left product prod12"
        data-name="Garofalo Pasta Integrale Bio Penne Rigate"
        data-price="2.05"
        data-id="2459"
        data-available="yes"
        data-category="434"
        data-bestselling="">
    <a href="../garofalo-pasta-integrale-bio-penne-rigate.html">
        <div style="background-image: url('../../cdn.spesati.com/images/products/000165860/garofalo-penne-ziti-rigate-5-70-integrale-biologica-500-g-01.png')">
            <div class="hover"></div>
            
            <div class="stickers"><img class="left" src="../../cdn.spesati.com/images/layout/bio.png" /><img class="left" src="../../cdn.spesati.com/images/layout/whole-grain.png" /></div>
        </div>
    </a>
    <div>
        <h4><a href="../garofalo-pasta-integrale-bio-penne-rigate.html"><b>Garofalo Pasta Integrale Bio Penne Rigate</b></a></h4>
        <p class="description">Garofalo Penne Ziti Rigate 5-70 Integrale Biologica 500 g</p>
        <p class="right price"><b>2.05 €</b></p>
        <p class="right unitPrice">4.10 € per kg</p>
    </div>
    <div class="contButton">
    <a class="button bgRed white addToCart" href="#">Add</a>
</div>
</div><div class="left product prod13"
        data-name="Pasta Garof Int Bio Fusill 500"
        data-price="2.05"
        data-id="27837"
        data-available="yes"
        data-category="434"
        data-bestselling="">
    <a href="../pasta-garof-int-bio-fusill-500.html">
        <div style="background-image: url('../../cdn.spesati.com/images/products/000165859/garofalo-fusilli-5-63-integrale-biologica-500-g-01.png')">
            <div class="hover"></div>
            
            <div class="stickers"><img class="left" src="../../cdn.spesati.com/images/layout/bio.png" /><img class="left" src="../../cdn.spesati.com/images/layout/whole-grain.png" /></div>
        </div>
    </a>
    <div>
        <h4><a href="../pasta-garof-int-bio-fusill-500.html"><b>Pasta Garof Int Bio Fusill 500</b></a></h4>
        <p class="description">Garofalo Fusilli 5-63 Integrale Biologica 500 g</p>
        <p class="right price"><b>2.05 €</b></p>
        <p class="right unitPrice">4.10 € per kg</p>
    </div>
    <div class="contButton">
    <a class="button bgRed white addToCart" href="#">Add</a>
</div>
</div><div class="left product prod14"
        data-name="Garofalo Pasta Integrale Bio Spaghetti"
        data-price="2.05"
        data-id="2460"
        data-available="yes"
        data-category="434"
        data-bestselling="">
    <a href="../garofalo-pasta-integrale-bio-spaghetti.html">
        <div style="background-image: url('../../cdn.spesati.com/images/products/000165858/garofalo-spaghetti-5-9-integrale-biologica-500-g-01.png')">
            <div class="hover"></div>
            
            <div class="stickers"><img class="left" src="../../cdn.spesati.com/images/layout/bio.png" /><img class="left" src="../../cdn.spesati.com/images/layout/whole-grain.png" /></div>
        </div>
    </a>
    <div>
        <h4><a href="../garofalo-pasta-integrale-bio-spaghetti.html"><b>Garofalo Pasta Integrale Bio Spaghetti</b></a></h4>
        <p class="description">Garofalo Spaghetti 5-9 Integrale Biologica 500 g</p>
        <p class="right price"><b>2.05 €</b></p>
        <p class="right unitPrice">4.10 € per kg</p>
    </div>
    <div class="contButton">
    <a class="button bgRed white addToCart" href="#">Add</a>
</div>
</div><div class="left product prod15"
        data-name="Pasta Garofalo Mezze Penne Kg3"
        data-price="9.53"
        data-id="27835"
        data-available="yes"
        data-category="434"
        data-bestselling="">
    <a href="../pasta-garofalo-mezze-penne-kg3.html">
        <div style="background-image: url('../../cdn.spesati.com/images/products/000165856/garofalo-ristorante-mezze-penne-rigate-3-kg-01.png')">
            <div class="hover"></div>
            
            <div class="stickers"></div>
        </div>
    </a>
    <div>
        <h4><a href="../pasta-garofalo-mezze-penne-kg3.html"><b>Pasta Garofalo Mezze Penne Kg3</b></a></h4>
        <p class="description">Garofalo Ristorante Mezze Penne Rigate 3 kg</p>
        <p class="right price"><b>9.53 €</b></p>
        <p class="right unitPrice">3.17 € per kg</p>
    </div>
    <div class="contButton">
    <a class="button bgRed white addToCart" href="#">Add</a>
</div>
</div><div class="left product prod16"
        data-name="Pasta Garofalo Spaghetti Kg3"
        data-price="9.53"
        data-id="27834"
        data-available="yes"
        data-category="434"
        data-bestselling="">
    <a href="../pasta-garofalo-spaghetti-kg3.html">
        <div style="background-image: url('../../cdn.spesati.com/images/products/000165855/garofalo-ristorante-spaghetti-pasta-di-gragnano-igp-3-kg-01.png')">
            <div class="hover"></div>
            
            <div class="stickers"></div>
        </div>
    </a>
    <div>
        <h4><a href="../pasta-garofalo-spaghetti-kg3.html"><b>Pasta Garofalo Spaghetti Kg3</b></a></h4>
        <p class="description">Garofalo Ristorante Spaghetti Pasta di Gragnano IGP 3 kg</p>
        <p class="right price"><b>9.53 €</b></p>
        <p class="right unitPrice">3.17 € per kg</p>
    </div>
    <div class="contButton">
    <a class="button bgRed white addToCart" href="#">Add</a>
</div>
</div><div class="left product prod17"
        data-name="Pasta Garofalo Linguine Kg3"
        data-price="9.53"
        data-id="27833"
        data-available="yes"
        data-category="434"
        data-bestselling="">
    <a href="../pasta-garofalo-linguine-kg3.html">
        <div style="background-image: url('../../cdn.spesati.com/images/products/000165854/garofalo-ristorante-linguine-3-kg-01.png')">
            <div class="hover"></div>
            
            <div class="stickers"></div>
        </div>
    </a>
    <div>
        <h4><a href="../pasta-garofalo-linguine-kg3.html"><b>Pasta Garofalo Linguine Kg3</b></a></h4>
        <p class="description">Garofalo Ristorante Linguine 3 kg</p>
        <p class="right price"><b>9.53 €</b></p>
        <p class="right unitPrice">3.17 € per kg</p>
    </div>
    <div class="contButton">
    <a class="button bgRed white addToCart" href="#">Add</a>
</div>
</div><div class="left product prod18"
        data-name="Pasta Garofalo Mez Penne R 500"
        data-price="1.55"
        data-id="27830"
        data-available="yes"
        data-category="434"
        data-bestselling="">
    <a href="../pasta-garofalo-mez-penne-r-500.html">
        <div style="background-image: url('../../cdn.spesati.com/images/products/000165843/garofalo-mezze-penne-rigate-60-pasta-di-gragnano-igp-500-g-01.png')">
            <div class="hover"></div>
            
            <div class="stickers"></div>
        </div>
    </a>
    <div>
        <h4><a href="../pasta-garofalo-mez-penne-r-500.html"><b>Pasta Garofalo Mez Penne R 500</b></a></h4>
        <p class="description">Garofalo Mezze Penne Rigate 60 Pasta di Gragnano IGP 500 g</p>
        <p class="right price"><b>1.55 €</b></p>
        <p class="right unitPrice">3.10 € per kg</p>
    </div>
    <div class="contButton">
    <a class="button bgRed white addToCart" href="#">Add</a>
</div>
</div><div class="left product prod19"
        data-name="Pasta garofalo vermicelli 500g"
        data-price="1.55"
        data-id="5111"
        data-available="yes"
        data-category="434"
        data-bestselling="">
    <a href="../pasta-garofalo-vermicelli-500g.html">
        <div style="background-image: url('../../cdn.spesati.com/images/products/000165842/garofalo-vermicelli-10-pasta-di-gragnano-igp-500-g-01.png')">
            <div class="hover"></div>
            
            <div class="stickers"></div>
        </div>
    </a>
    <div>
        <h4><a href="../pasta-garofalo-vermicelli-500g.html"><b>Pasta garofalo vermicelli 500g</b></a></h4>
        <p class="description">Garofalo Vermicelli 10 Pasta di Gragnano IGP 500 g</p>
        <p class="right price"><b>1.55 €</b></p>
        <p class="right unitPrice">3.10 € per kg</p>
    </div>
    <div class="contButton">
    <a class="button bgRed white addToCart" href="#">Add</a>
</div>
</div><div class="left product prod20"
        data-name="Pasta Garofalo Radiatori 500gr"
        data-price="1.55"
        data-id="27829"
        data-available="yes"
        data-category="434"
        data-bestselling="">
    <a href="../pasta-garofalo-radiatori-500gr.html">
        <div style="background-image: url('../../cdn.spesati.com/images/products/000165840/garofalo-radiatori-87-pasta-di-gragnano-igp-500-g-01.png')">
            <div class="hover"></div>
            
            <div class="stickers"></div>
        </div>
    </a>
    <div>
        <h4><a href="../pasta-garofalo-radiatori-500gr.html"><b>Pasta Garofalo Radiatori 500gr</b></a></h4>
        <p class="description">Garofalo Radiatori 87 Pasta di Gragnano IGP 500 g</p>
        <p class="right price"><b>1.55 €</b></p>
        <p class="right unitPrice">3.10 € per kg</p>
    </div>
    <div class="contButton">
    <a class="button bgRed white addToCart" href="#">Add</a>
</div>
</div><div class="left product prod21"
        data-name="Pasta Garofalo Farfalle 500gr"
        data-price="1.55"
        data-id="27828"
        data-available="yes"
        data-category="434"
        data-bestselling="">
    <a href="../pasta-garofalo-farfalle-500gr.html">
        <div style="background-image: url('../../cdn.spesati.com/images/products/000165839/garofalo-farfalle-78-pasta-di-semola-di-grano-duro-500-g-01.png')">
            <div class="hover"></div>
            
            <div class="stickers"></div>
        </div>
    </a>
    <div>
        <h4><a href="../pasta-garofalo-farfalle-500gr.html"><b>Pasta Garofalo Farfalle 500gr</b></a></h4>
        <p class="description">Garofalo Farfalle 78 Pasta di Semola di Grano Duro 500 g</p>
        <p class="right price"><b>1.55 €</b></p>
        <p class="right unitPrice">3.10 € per kg</p>
    </div>
    <div class="contButton">
    <a class="button bgRed white addToCart" href="#">Add</a>
</div>
</div><div class="left product prod22"
        data-name="Pasta Garofalo Penne Rigate 500Gr"
        data-price="1.55"
        data-id="4519"
        data-available="yes"
        data-category="434"
        data-bestselling="">
    <a href="../pasta-garofalo-penne-rigate-500gr.html">
        <div style="background-image: url('../../cdn.spesati.com/images/products/000165838/garofalo-penne-ziti-rigate-70-pasta-di-gragnano-igp-500-g-01.png')">
            <div class="hover"></div>
            
            <div class="stickers"></div>
        </div>
    </a>
    <div>
        <h4><a href="../pasta-garofalo-penne-rigate-500gr.html"><b>Pasta Garofalo Penne Rigate 500Gr</b></a></h4>
        <p class="description">Garofalo Penne Ziti Rigate 70 Pasta di Gragnano IGP 500 g</p>
        <p class="right price"><b>1.55 €</b></p>
        <p class="right unitPrice">3.10 € per kg</p>
    </div>
    <div class="contButton">
    <a class="button bgRed white addToCart" href="#">Add</a>
</div>
</div><div class="left product prod23"
        data-name="Pasta garofalo fusilli 500gr"
        data-price="1.55"
        data-id="5112"
        data-available="yes"
        data-category="434"
        data-bestselling="">
    <a href="../pasta-garofalo-fusilli-500gr.html">
        <div style="background-image: url('../../cdn.spesati.com/images/products/000165837/garofalo-fusilli-63-pasta-di-gragnano-igp-500-g-01.png')">
            <div class="hover"></div>
            
            <div class="stickers"></div>
        </div>
    </a>
    <div>
        <h4><a href="../pasta-garofalo-fusilli-500gr.html"><b>Pasta garofalo fusilli 500gr</b></a></h4>
        <p class="description">Garofalo Fusilli 63 Pasta di Gragnano IGP 500 g</p>
        <p class="right price"><b>1.55 €</b></p>
        <p class="right unitPrice">3.10 € per kg</p>
    </div>
    <div class="contButton">
    <a class="button bgRed white addToCart" href="#">Add</a>
</div>
</div><div class="left product prod24"
        data-name="Pasta Garofalo Rigatoni 500g"
        data-price="1.55"
        data-id="27827"
        data-available="yes"
        data-category="434"
        data-bestselling="">
    <a href="../pasta-garofalo-rigatoni-500g.html">
        <div style="background-image: url('../../cdn.spesati.com/images/products/000165836/garofalo-rigatoni-35-pasta-di-gragnano-igp-500-g-01.png')">
            <div class="hover"></div>
            
            <div class="stickers"></div>
        </div>
    </a>
    <div>
        <h4><a href="../pasta-garofalo-rigatoni-500g.html"><b>Pasta Garofalo Rigatoni 500g</b></a></h4>
        <p class="description">Garofalo Rigatoni 35 Pasta di Gragnano IGP 500 g</p>
        <p class="right price"><b>1.55 €</b></p>
        <p class="right unitPrice">3.10 € per kg</p>
    </div>
    <div class="contButton">
    <a class="button bgRed white addToCart" href="#">Add</a>
</div>
</div><div class="left product prod25"
        data-name="Pasta Garofalo Mez Manich 500g"
        data-price="1.55"
        data-id="27826"
        data-available="yes"
        data-category="434"
        data-bestselling="">
    <a href="../pasta-garofalo-mez-manich-500g.html">
        <div style="background-image: url('../../cdn.spesati.com/images/products/000165835/garofalo-mezze-maniche-rigate-32-pasta-di-gragnano-igp-500-g-01.png')">
            <div class="hover"></div>
            
            <div class="stickers"></div>
        </div>
    </a>
    <div>
        <h4><a href="../pasta-garofalo-mez-manich-500g.html"><b>Pasta Garofalo Mez Manich 500g</b></a></h4>
        <p class="description">Garofalo Mezze Maniche Rigate 32 Pasta di Gragnano IGP 500 g</p>
        <p class="right price"><b>1.55 €</b></p>
        <p class="right unitPrice">3.10 € per kg</p>
    </div>
    <div class="contButton">
    <a class="button bgRed white addToCart" href="#">Add</a>
</div>
</div><div class="left product prod26"
        data-name="Pasta Garofalo Linguine 500gr"
        data-price="1.55"
        data-id="27825"
        data-available="yes"
        data-category="434"
        data-bestselling="">
    <a href="../pasta-garofalo-linguine-500gr.html">
        <div style="background-image: url('../../cdn.spesati.com/images/products/000165834/garofalo-linguine-12-pasta-di-gragnano-igp-500-g-01.png')">
            <div class="hover"></div>
            
            <div class="stickers"></div>
        </div>
    </a>
    <div>
        <h4><a href="../pasta-garofalo-linguine-500gr.html"><b>Pasta Garofalo Linguine 500gr</b></a></h4>
        <p class="description">Garofalo Linguine 12 Pasta di Gragnano IGP 500 g</p>
        <p class="right price"><b>1.55 €</b></p>
        <p class="right unitPrice">3.10 € per kg</p>
    </div>
    <div class="contButton">
    <a class="button bgRed white addToCart" href="#">Add</a>
</div>
</div><div class="left product prod27"
        data-name="Pasta Garofalo Spaghetti 500gr"
        data-price="1.55"
        data-id="27824"
        data-available="yes"
        data-category="434"
        data-bestselling="">
    <a href="../pasta-garofalo-spaghetti-500gr.html">
        <div style="background-image: url('../../cdn.spesati.com/images/products/000165833/garofalo-spaghetti-9-pasta-di-gragnano-igp-500-g-01.png')">
            <div class="hover"></div>
            
            <div class="stickers"></div>
        </div>
    </a>
    <div>
        <h4><a href="../pasta-garofalo-spaghetti-500gr.html"><b>Pasta Garofalo Spaghetti 500gr</b></a></h4>
        <p class="description">Garofalo Spaghetti 9 Pasta di Gragnano IGP 500 g</p>
        <p class="right price"><b>1.55 €</b></p>
        <p class="right unitPrice">3.10 € per kg</p>
    </div>
    <div class="contButton">
    <a class="button bgRed white addToCart" href="#">Add</a>
</div>
</div><div class="left product prod28"
        data-name="Pasta Di Sardegna Pennette N72 500Gr"
        data-price="1.12"
        data-id="5655"
        data-available="yes"
        data-category="434"
        data-bestselling="1">
    <a href="../pasta-di-sardegna-pennette-n72-500gr.html">
        <div style="background-image: url('../../cdn.spesati.com/images/products/000165072/flli-cellino-pennette-rigate-72-500-g-01.png')">
            <div class="hover"></div>
            <p class="arrow bgRed white">Best Seller</p>
            <div class="stickers"><img class="left" src="../../cdn.spesati.com/images/layout/sardinian.png" /></div>
        </div>
    </a>
    <div>
        <h4><a href="../pasta-di-sardegna-pennette-n72-500gr.html"><b>Pasta Di Sardegna Pennette N72 500Gr</b></a></h4>
        <p class="description">F.lli Cellino Pennette Rigate 72 500 g</p>
        <p class="right price"><b>1.12 €</b></p>
        <p class="right unitPrice">2.25 € per kg</p>
    </div>
    <div class="contButton">
    <a class="button bgRed white addToCart" href="#">Add</a>
</div>
</div><div class="left product prod29"
        data-name="Pasta Di Sardegna Mezze Penne N70 500Gr"
        data-price="1.12"
        data-id="5654"
        data-available="yes"
        data-category="434"
        data-bestselling="">
    <a href="../pasta-di-sardegna-mezze-penne-n70-500gr.html">
        <div style="background-image: url('../../cdn.spesati.com/images/products/000165070/flli-cellino-mezze-penne-rigate-70-500-g-01.png')">
            <div class="hover"></div>
            
            <div class="stickers"><img class="left" src="../../cdn.spesati.com/images/layout/sardinian.png" /></div>
        </div>
    </a>
    <div>
        <h4><a href="../pasta-di-sardegna-mezze-penne-n70-500gr.html"><b>Pasta Di Sardegna Mezze Penne N70 500Gr</b></a></h4>
        <p class="description">F.lli Cellino Mezze Penne Rigate 70 500 g</p>
        <p class="right price"><b>1.12 €</b></p>
        <p class="right unitPrice">2.25 € per kg</p>
    </div>
    <div class="contButton">
    <a class="button bgRed white addToCart" href="#">Add</a>
</div>
</div><div class="left product prod30"
        data-name="Pasta Di Sardegna Farfalle N65 500Gr"
        data-price="1.12"
        data-id="6045"
        data-available="yes"
        data-category="434"
        data-bestselling="1">
    <a href="../pasta-di-sardegna-farfalle-n65-500gr.html">
        <div style="background-image: url('../../cdn.spesati.com/images/products/000165065/flli-cellino-farfalle-65-500-g-01.png')">
            <div class="hover"></div>
            <p class="arrow bgRed white">Best Seller</p>
            <div class="stickers"><img class="left" src="../../cdn.spesati.com/images/layout/sardinian.png" /></div>
        </div>
    </a>
    <div>
        <h4><a href="../pasta-di-sardegna-farfalle-n65-500gr.html"><b>Pasta Di Sardegna Farfalle N65 500Gr</b></a></h4>
        <p class="description">F.lli Cellino Farfalle 65 500 g</p>
        <p class="right price"><b>1.12 €</b></p>
        <p class="right unitPrice">2.25 € per kg</p>
    </div>
    <div class="contButton">
    <a class="button bgRed white addToCart" href="#">Add</a>
</div>
</div><div class="left product prod31"
        data-name="Pasta Di Sardegna Gnocchi Sardi N60 500Gr"
        data-price="1.14"
        data-id="5653"
        data-available="yes"
        data-category="434"
        data-bestselling="">
    <a href="../pasta-di-sardegna-gnocchi-sardi-n60-500gr.html">
        <div style="background-image: url('../../cdn.spesati.com/images/products/000165060/flli-cellino-gnocchetti-sardi-60-500-g-01.png')">
            <div class="hover"></div>
            
            <div class="stickers"><img class="left" src="../../cdn.spesati.com/images/layout/sardinian.png" /></div>
        </div>
    </a>
    <div>
        <h4><a href="../pasta-di-sardegna-gnocchi-sardi-n60-500gr.html"><b>Pasta Di Sardegna Gnocchi Sardi N60 500Gr</b></a></h4>
        <p class="description">F.lli Cellino Gnocchetti Sardi 60 500 g</p>
        <p class="right price"><b>1.14 €</b></p>
        <p class="right unitPrice">2.28 € per kg</p>
    </div>
    <div class="contButton">
    <a class="button bgRed white addToCart" href="#">Add</a>
</div>
</div><div class="left product prod32"
        data-name="Pasta Di Sardegna Spaghetti N5 500Gr"
        data-price="1.12"
        data-id="5651"
        data-available="yes"
        data-category="434"
        data-bestselling="5">
    <a href="../pasta-di-sardegna-spaghetti-n5-500gr.html">
        <div style="background-image: url('../../cdn.spesati.com/images/products/000165005/flli-cellino-spaghetti-5-500-g-01.png')">
            <div class="hover"></div>
            <p class="arrow bgRed white">Best Seller</p>
            <div class="stickers"><img class="left" src="../../cdn.spesati.com/images/layout/sardinian.png" /></div>
        </div>
    </a>
    <div>
        <h4><a href="../pasta-di-sardegna-spaghetti-n5-500gr.html"><b>Pasta Di Sardegna Spaghetti N5 500Gr</b></a></h4>
        <p class="description">F.lli Cellino Spaghetti 5 500 g</p>
        <p class="right price"><b>1.12 €</b></p>
        <p class="right unitPrice">2.25 € per kg</p>
    </div>
    <div class="contButton">
    <a class="button bgRed white addToCart" href="#">Add</a>
</div>
</div><div class="left product prod33"
        data-name="Past De Cecco N203 Nidi Taglia"
        data-price="2.59"
        data-id="27792"
        data-available="yes"
        data-category="434"
        data-bestselling="2">
    <a href="../past-de-cecco-n203-nidi-taglia.html">
        <div style="background-image: url('../../cdn.spesati.com/images/products/000155203/de-cecco-le-specialita-tagliatelle-n203-500-g-01.png')">
            <div class="hover"></div>
            <p class="arrow bgRed white">Best Seller</p>
            <div class="stickers"></div>
        </div>
    </a>
    <div>
        <h4><a href="../past-de-cecco-n203-nidi-taglia.html"><b>Past De Cecco N203 Nidi Taglia</b></a></h4>
        <p class="description">De Cecco Le Specialità Tagliatelle n°203 500 g</p>
        <p class="right price"><b>2.59 €</b></p>
        <p class="right unitPrice">5.18 € per kg</p>
    </div>
    <div class="contButton">
    <a class="button bgRed white addToCart" href="#">Add</a>
</div>
</div><div class="left product prod34"
        data-name="Pasta De Cecco Papardelle 500g"
        data-price="2.58"
        data-id="85356"
        data-available="yes"
        data-category="434"
        data-bestselling="2">
    <a href="../pasta-de-cecco-papardelle-500g.html">
        <div style="background-image: url('../../cdn.spesati.com/images/products/000155201/de-cecco-le-specialita-pappardelle-n-201-500-g-01.png')">
            <div class="hover"></div>
            <p class="arrow bgRed white">Best Seller</p>
            <div class="stickers"></div>
        </div>
    </a>
    <div>
        <h4><a href="../pasta-de-cecco-papardelle-500g.html"><b>Pasta De Cecco Papardelle 500g</b></a></h4>
        <p class="description">De Cecco Le Specialità Pappardelle n° 201 500 g</p>
        <p class="right price"><b>2.58 €</b></p>
        <p class="right unitPrice">5.17 € per kg</p>
    </div>
    <div class="contButton">
    <a class="button bgRed white addToCart" href="#">Add</a>
</div>
</div><div class="left product prod35"
        data-name="De Cecco Pasta Mezze Penne N 141 G500"
        data-price="1.65"
        data-id="4420"
        data-available="yes"
        data-category="434"
        data-bestselling="3">
    <a href="../de-cecco-pasta-mezze-penne-n-141-g500.html">
        <div style="background-image: url('../../cdn.spesati.com/images/products/000155141/de-cecco-mezze-penne-rigate-n141-500-g-01.png')">
            <div class="hover"></div>
            <p class="arrow bgRed white">Best Seller</p>
            <div class="stickers"></div>
        </div>
    </a>
    <div>
        <h4><a href="../de-cecco-pasta-mezze-penne-n-141-g500.html"><b>De Cecco Pasta Mezze Penne N 141 G500</b></a></h4>
        <p class="description">De Cecco Mezze Penne Rigate n°141 500 g</p>
        <p class="right price"><b>1.65 €</b></p>
        <p class="right unitPrice">3.30 € per kg</p>
    </div>
    <div class="contButton">
    <a class="button bgRed white addToCart" href="#">Add</a>
</div>
</div><div class="left product prod36"
        data-name="Past De Cecco Uovo N112 Lasagn"
        data-price="2.69"
        data-id="27791"
        data-available="yes"
        data-category="434"
        data-bestselling="">
    <a href="../past-de-cecco-uovo-n112-lasagn.html">
        <div style="background-image: url('../../cdn.spesati.com/images/products/000155112/de-cecco-lasagne-n112-alluovo-500-g-01.png')">
            <div class="hover"></div>
            
            <div class="stickers"></div>
        </div>
    </a>
    <div>
        <h4><a href="../past-de-cecco-uovo-n112-lasagn.html"><b>Past De Cecco Uovo N112 Lasagn</b></a></h4>
        <p class="description">De Cecco Lasagne n°112 all'Uovo 500 g</p>
        <p class="right price"><b>2.69 €</b></p>
        <p class="right unitPrice">5.38 € per kg</p>
    </div>
    <div class="contButton">
    <a class="button bgRed white addToCart" href="#">Add</a>
</div>
</div><div class="left product prod37"
        data-name="Pasta De Cecco Uovo 101 Pappar"
        data-price="2.04"
        data-id="27790"
        data-available="yes"
        data-category="434"
        data-bestselling="">
    <a href="../pasta-de-cecco-uovo-101-pappar.html">
        <div style="background-image: url('../../cdn.spesati.com/images/products/000155101/de-cecco-pappardelle-n-101-alluovo-250-g-01.png')">
            <div class="hover"></div>
            
            <div class="stickers"></div>
        </div>
    </a>
    <div>
        <h4><a href="../pasta-de-cecco-uovo-101-pappar.html"><b>Pasta De Cecco Uovo 101 Pappar</b></a></h4>
        <p class="description">De Cecco Pappardelle n° 101 all'Uovo 250 g</p>
        <p class="right price"><b>2.04 €</b></p>
        <p class="right unitPrice">8.16 € per kg</p>
    </div>
    <div class="contButton">
    <a class="button bgRed white addToCart" href="#">Add</a>
</div>
</div><div class="left product prod38"
        data-name="Pasta De Cecco N93 Farfall 500"
        data-price="1.65"
        data-id="27789"
        data-available="yes"
        data-category="434"
        data-bestselling="2">
    <a href="../pasta-de-cecco-n93-farfall-500.html">
        <div style="background-image: url('../../cdn.spesati.com/images/products/000155093/de-cecco-farfalle-n93-500-g-01.png')">
            <div class="hover"></div>
            <p class="arrow bgRed white">Best Seller</p>
            <div class="stickers"></div>
        </div>
    </a>
    <div>
        <h4><a href="../pasta-de-cecco-n93-farfall-500.html"><b>Pasta De Cecco N93 Farfall 500</b></a></h4>
        <p class="description">De Cecco Farfalle n°93 500 g</p>
        <p class="right price"><b>1.65 €</b></p>
        <p class="right unitPrice">3.30 € per kg</p>
    </div>
    <div class="contButton">
    <a class="button bgRed white addToCart" href="#">Add</a>
</div>
</div><div class="left product prod39"
        data-name="Pasta De Cecco Orecchiette N 91 500gr"
        data-price="2.00"
        data-id="5708"
        data-available="yes"
        data-category="434"
        data-bestselling="2">
    <a href="../pasta-de-cecco-orecchiette-n-91-500gr.html">
        <div style="background-image: url('../../cdn.spesati.com/images/products/000155091/de-cecco-orecchiette-n91-500-g-01.png')">
            <div class="hover"></div>
            <p class="arrow bgRed white">Best Seller</p>
            <div class="stickers"></div>
        </div>
    </a>
    <div>
        <h4><a href="../pasta-de-cecco-orecchiette-n-91-500gr.html"><b>Pasta De Cecco Orecchiette N 91 500gr</b></a></h4>
        <p class="description">De Cecco Orecchiette n°91 500 g</p>
        <p class="right price"><b>2.00 €</b></p>
        <p class="right unitPrice">4.00 € per kg</p>
    </div>
    <div class="contButton">
    <a class="button bgRed white addToCart" href="#">Add</a>
</div>
</div><div class="left product prod40"
        data-name="Pasta De Cecco Casareccia N 88 500gr"
        data-price="2.22"
        data-id="5709"
        data-available="yes"
        data-category="434"
        data-bestselling="2">
    <a href="../pasta-de-cecco-casareccia-n-88-500gr.html">
        <div style="background-image: url('../../cdn.spesati.com/images/products/000155088/de-cecco-casareccia-n88-500-g-01.png')">
            <div class="hover"></div>
            <p class="arrow bgRed white">Best Seller</p>
            <div class="stickers"></div>
        </div>
    </a>
    <div>
        <h4><a href="../pasta-de-cecco-casareccia-n-88-500gr.html"><b>Pasta De Cecco Casareccia N 88 500gr</b></a></h4>
        <p class="description">De Cecco Casareccia n°88 500 g</p>
        <p class="right price"><b>2.22 €</b></p>
        <p class="right unitPrice">4.44 € per kg</p>
    </div>
    <div class="contButton">
    <a class="button bgRed white addToCart" href="#">Add</a>
</div>
</div><div class="left product prod41"
        data-name="Pasta De Cecco N83 Gnocc Sardi"
        data-price="1.65"
        data-id="27788"
        data-available="yes"
        data-category="434"
        data-bestselling="2">
    <a href="../pasta-de-cecco-n83-gnocc-sardi.html">
        <div style="background-image: url('../../cdn.spesati.com/images/products/000155083/de-cecco-gnocchetti-sardi-n83-500-g-01.png')">
            <div class="hover"></div>
            <p class="arrow bgRed white">Best Seller</p>
            <div class="stickers"></div>
        </div>
    </a>
    <div>
        <h4><a href="../pasta-de-cecco-n83-gnocc-sardi.html"><b>Pasta De Cecco N83 Gnocc Sardi</b></a></h4>
        <p class="description">De Cecco Gnocchetti Sardi n°83 500 g</p>
        <p class="right price"><b>1.65 €</b></p>
        <p class="right unitPrice">3.30 € per kg</p>
    </div>
    <div class="contButton">
    <a class="button bgRed white addToCart" href="#">Add</a>
</div>
</div><div class="left product prod42"
        data-name="Pasta De Cecco Penne Rigate 3k"
        data-price="11.29"
        data-id="27778"
        data-available="yes"
        data-category="434"
        data-bestselling="">
    <a href="../pasta-de-cecco-penne-rigate-3k.html">
        <div style="background-image: url('../../cdn.spesati.com/images/products/000155055/de-cecco-foodservice-3kg-fusilli-3-kg-01.png')">
            <div class="hover"></div>
            
            <div class="stickers"></div>
        </div>
    </a>
    <div>
        <h4><a href="../pasta-de-cecco-penne-rigate-3k.html"><b>Pasta De Cecco Penne Rigate 3k</b></a></h4>
        <p class="description">De Cecco Foodservice 3Kg Fusilli 3 kg</p>
        <p class="right price"><b>11.29 €</b></p>
        <p class="right unitPrice">3.76 € per kg</p>
    </div>
    <div class="contButton">
    <a class="button bgRed white addToCart" href="#">Add</a>
</div>
</div><div class="left product prod43"
        data-name="Pasta De Cecco Fusilli 3kg"
        data-price="11.29"
        data-id="27777"
        data-available="yes"
        data-category="434"
        data-bestselling="">
    <a href="../pasta-de-cecco-fusilli-3kg.html">
        <div style="background-image: url('../../cdn.spesati.com/images/products/000155054/de-cecco-foodservice-3kg-penne-rigate-3-kg-01.png')">
            <div class="hover"></div>
            
            <div class="stickers"></div>
        </div>
    </a>
    <div>
        <h4><a href="../pasta-de-cecco-fusilli-3kg.html"><b>Pasta De Cecco Fusilli 3kg</b></a></h4>
        <p class="description">De Cecco Foodservice 3Kg Penne Rigate 3 kg</p>
        <p class="right price"><b>11.29 €</b></p>
        <p class="right unitPrice">3.76 € per kg</p>
    </div>
    <div class="contButton">
    <a class="button bgRed white addToCart" href="#">Add</a>
</div>
</div><div class="left product prod44"
        data-name="Pasta De Cecco Spaghetti 3kg"
        data-price="11.29"
        data-id="27775"
        data-available="yes"
        data-category="434"
        data-bestselling="">
    <a href="../pasta-de-cecco-spaghetti-3kg.html">
        <div style="background-image: url('../../cdn.spesati.com/images/products/000155052/de-cecco-foodservice-3kg-spaghetti-12-3-kg-01.png')">
            <div class="hover"></div>
            
            <div class="stickers"></div>
        </div>
    </a>
    <div>
        <h4><a href="../pasta-de-cecco-spaghetti-3kg.html"><b>Pasta De Cecco Spaghetti 3kg</b></a></h4>
        <p class="description">De Cecco Foodservice 3Kg  Spaghetti 12 3 kg</p>
        <p class="right price"><b>11.29 €</b></p>
        <p class="right unitPrice">3.76 € per kg</p>
    </div>
    <div class="contButton">
    <a class="button bgRed white addToCart" href="#">Add</a>
</div>
</div><div class="left product prod45"
        data-name="Pasta De Cecco N49 Pipe Rigate"
        data-price="2.00"
        data-id="27772"
        data-available="yes"
        data-category="434"
        data-bestselling="2">
    <a href="../pasta-de-cecco-n49-pipe-rigate.html">
        <div style="background-image: url('../../cdn.spesati.com/images/products/000155049/de-cecco-pipe-rigate-n49-500-g-01.png')">
            <div class="hover"></div>
            <p class="arrow bgRed white">Best Seller</p>
            <div class="stickers"></div>
        </div>
    </a>
    <div>
        <h4><a href="../pasta-de-cecco-n49-pipe-rigate.html"><b>Pasta De Cecco N49 Pipe Rigate</b></a></h4>
        <p class="description">De Cecco Pipe Rigate n°49 500 g</p>
        <p class="right price"><b>2.00 €</b></p>
        <p class="right unitPrice">4.00 € per kg</p>
    </div>
    <div class="contButton">
    <a class="button bgRed white addToCart" href="#">Add</a>
</div>
</div><div class="left product prod46"
        data-name="Pasta De Cecco Pennette N 42"
        data-price="2.06"
        data-id="14524"
        data-available="yes"
        data-category="434"
        data-bestselling="2">
    <a href="../pasta-de-cecco-pennette-n-42.html">
        <div style="background-image: url('../../cdn.spesati.com/images/products/000155042/de-cecco-pennettine-n42-500-g-01.png')">
            <div class="hover"></div>
            <p class="arrow bgRed white">Best Seller</p>
            <div class="stickers"></div>
        </div>
    </a>
    <div>
        <h4><a href="../pasta-de-cecco-pennette-n-42.html"><b>Pasta De Cecco Pennette N 42</b></a></h4>
        <p class="description">De Cecco Pennettine n°42 500 g</p>
        <p class="right price"><b>2.06 €</b></p>
        <p class="right unitPrice">4.12 € per kg</p>
    </div>
    <div class="contButton">
    <a class="button bgRed white addToCart" href="#">Add</a>
</div>
</div><div class="left product prod47"
        data-name="De Cecco Pasta Penne Rigate N 41 G 500"
        data-price="1.65"
        data-id="4424"
        data-available="yes"
        data-category="434"
        data-bestselling="3">
    <a href="../de-cecco-pasta-penne-rigate-n-41-g-500.html">
        <div style="background-image: url('../../cdn.spesati.com/images/products/000155041/de-cecco-penne-rigate-n41-500-g-01.png')">
            <div class="hover"></div>
            <p class="arrow bgRed white">Best Seller</p>
            <div class="stickers"></div>
        </div>
    </a>
    <div>
        <h4><a href="../de-cecco-pasta-penne-rigate-n-41-g-500.html"><b>De Cecco Pasta Penne Rigate N 41 G 500</b></a></h4>
        <p class="description">De Cecco Penne Rigate n°41 500 g</p>
        <p class="right price"><b>1.65 €</b></p>
        <p class="right unitPrice">3.30 € per kg</p>
    </div>
    <div class="contButton">
    <a class="button bgRed white addToCart" href="#">Add</a>
</div>
</div><div class="left product prod48"
        data-name="De Cecco Pasta Fusilli N 34 Gr500"
        data-price="1.65"
        data-id="4422"
        data-available="yes"
        data-category="434"
        data-bestselling="3">
    <a href="../de-cecco-pasta-fusilli-n-34-gr500.html">
        <div style="background-image: url('../../cdn.spesati.com/images/products/000155034/de-cecco-fusilli-n34-500-g-01.png')">
            <div class="hover"></div>
            <p class="arrow bgRed white">Best Seller</p>
            <div class="stickers"></div>
        </div>
    </a>
    <div>
        <h4><a href="../de-cecco-pasta-fusilli-n-34-gr500.html"><b>De Cecco Pasta Fusilli N 34 Gr500</b></a></h4>
        <p class="description">De Cecco Fusilli n°34 500 g</p>
        <p class="right price"><b>1.65 €</b></p>
        <p class="right unitPrice">3.30 € per kg</p>
    </div>
    <div class="contButton">
    <a class="button bgRed white addToCart" href="#">Add</a>
</div>
</div><div class="left product prod49"
        data-name="Pasta De Cecco Bombardoni 500"
        data-price="2.49"
        data-id="27771"
        data-available="yes"
        data-category="434"
        data-bestselling="">
    <a href="../pasta-de-cecco-bombardoni-500.html">
        <div style="background-image: url('../../cdn.spesati.com/images/products/000155031/de-cecco-le-specialita-bombardoni-rigati-n128-500-g-01.png')">
            <div class="hover"></div>
            
            <div class="stickers"></div>
        </div>
    </a>
    <div>
        <h4><a href="../pasta-de-cecco-bombardoni-500.html"><b>Pasta De Cecco Bombardoni 500</b></a></h4>
        <p class="description">De Cecco Le Specialità Bombardoni Rigati n°128 500 g</p>
        <p class="right price"><b>2.49 €</b></p>
        <p class="right unitPrice">4.98 € per kg</p>
    </div>
    <div class="contButton">
    <a class="button bgRed white addToCart" href="#">Add</a>
</div>
</div><div class="left product prod50"
        data-name="Past De Cecco N130 Paccher Rig"
        data-price="2.71"
        data-id="27770"
        data-available="yes"
        data-category="434"
        data-bestselling="">
    <a href="../past-de-cecco-n130-paccher-rig.html">
        <div style="background-image: url('../../cdn.spesati.com/images/products/000155030/de-cecco-le-specialita-paccheri-rigati-n130-500-g-01.png')">
            <div class="hover"></div>
            
            <div class="stickers"></div>
        </div>
    </a>
    <div>
        <h4><a href="../past-de-cecco-n130-paccher-rig.html"><b>Past De Cecco N130 Paccher Rig</b></a></h4>
        <p class="description">De Cecco Le Specialità Paccheri Rigati n°130 500 g</p>
        <p class="right price"><b>2.71 €</b></p>
        <p class="right unitPrice">5.42 € per kg</p>
    </div>
    <div class="contButton">
    <a class="button bgRed white addToCart" href="#">Add</a>
</div>
</div><div class="left product prod51"
        data-name="Past De Cecco N123 Lumacon Rig"
        data-price="2.79"
        data-id="27769"
        data-available="yes"
        data-category="434"
        data-bestselling="">
    <a href="../past-de-cecco-n123-lumacon-rig.html">
        <div style="background-image: url('../../cdn.spesati.com/images/products/000155029/de-cecco-le-specialita-lumaconi-rigati-n123-500-g-01.png')">
            <div class="hover"></div>
            
            <div class="stickers"></div>
        </div>
    </a>
    <div>
        <h4><a href="../past-de-cecco-n123-lumacon-rig.html"><b>Past De Cecco N123 Lumacon Rig</b></a></h4>
        <p class="description">De Cecco Le Specialità Lumaconi Rigati n°123 500 g</p>
        <p class="right price"><b>2.79 €</b></p>
        <p class="right unitPrice">5.58 € per kg</p>
    </div>
    <div class="contButton">
    <a class="button bgRed white addToCart" href="#">Add</a>
</div>
</div><div class="left product prod52"
        data-name="Pasta De Cecco N129 Calamarata"
        data-price="2.59"
        data-id="27768"
        data-available="yes"
        data-category="434"
        data-bestselling="">
    <a href="../pasta-de-cecco-n129-calamarata.html">
        <div style="background-image: url('../../cdn.spesati.com/images/products/000155028/de-cecco-le-specialita-calamarata-n129-500-g-01.png')">
            <div class="hover"></div>
            
            <div class="stickers"></div>
        </div>
    </a>
    <div>
        <h4><a href="../pasta-de-cecco-n129-calamarata.html"><b>Pasta De Cecco N129 Calamarata</b></a></h4>
        <p class="description">De Cecco Le Specialità Calamarata n°129 500 g</p>
        <p class="right price"><b>2.59 €</b></p>
        <p class="right unitPrice">5.18 € per kg</p>
    </div>
    <div class="contButton">
    <a class="button bgRed white addToCart" href="#">Add</a>
</div>
</div><div class="left product prod53"
        data-name="De Cecco Pasta Tortiglioni N 23 Gr 500"
        data-price="1.65"
        data-id="4427"
        data-available="yes"
        data-category="434"
        data-bestselling="2">
    <a href="../de-cecco-pasta-tortiglioni-n-23-gr-500.html">
        <div style="background-image: url('../../cdn.spesati.com/images/products/000155023/de-cecco-tortiglioni-n23-500-g-01.png')">
            <div class="hover"></div>
            <p class="arrow bgRed white">Best Seller</p>
            <div class="stickers"></div>
        </div>
    </a>
    <div>
        <h4><a href="../de-cecco-pasta-tortiglioni-n-23-gr-500.html"><b>De Cecco Pasta Tortiglioni N 23 Gr 500</b></a></h4>
        <p class="description">De Cecco Tortiglioni n°23 500 g</p>
        <p class="right price"><b>1.65 €</b></p>
        <p class="right unitPrice">3.30 € per kg</p>
    </div>
    <div class="contButton">
    <a class="button bgRed white addToCart" href="#">Add</a>
</div>
</div><div class="left product prod54"
        data-name="Past De Cecco N125 Paccher Lis"
        data-price="2.59"
        data-id="27766"
        data-available="yes"
        data-category="434"
        data-bestselling="">
    <a href="../past-de-cecco-n125-paccher-lis.html">
        <div style="background-image: url('../../cdn.spesati.com/images/products/000155017/de-cecco-le-specialita-paccheri-n125-500-g-01.png')">
            <div class="hover"></div>
            
            <div class="stickers"></div>
        </div>
    </a>
    <div>
        <h4><a href="../past-de-cecco-n125-paccher-lis.html"><b>Past De Cecco N125 Paccher Lis</b></a></h4>
        <p class="description">De Cecco Le Specialità Paccheri n°125 500 g</p>
        <p class="right price"><b>2.59 €</b></p>
        <p class="right unitPrice">5.18 € per kg</p>
    </div>
    <div class="contButton">
    <a class="button bgRed white addToCart" href="#">Add</a>
</div>
</div><div class="left product prod55"
        data-name="De Cecco Gnocchi Di Patate 500 gr"
        data-price="1.75"
        data-id="5124"
        data-available="yes"
        data-category="434"
        data-bestselling="4">
    <a href="../de-cecco-gnocchi-di-patate-500-gr.html">
        <div style="background-image: url('../../cdn.spesati.com/images/products/000155016/de-cecco-gnocchi-di-patate-500-g-01.png')">
            <div class="hover"></div>
            <p class="arrow bgRed white">Best Seller</p>
            <div class="stickers"></div>
        </div>
    </a>
    <div>
        <h4><a href="../de-cecco-gnocchi-di-patate-500-gr.html"><b>De Cecco Gnocchi Di Patate 500 gr</b></a></h4>
        <p class="description">De Cecco Gnocchi di Patate 500 g</p>
        <p class="right price"><b>1.75 €</b></p>
        <p class="right unitPrice">3.49 € per kg</p>
    </div>
    <div class="contButton">
    <a class="button bgRed white addToCart" href="#">Add</a>
</div>
</div><div class="left product prod56"
        data-name="De Cecco Pasta Spaghetti N 12 G500"
        data-price="1.65"
        data-id="4425"
        data-available="yes"
        data-category="434"
        data-bestselling="4">
    <a href="../de-cecco-pasta-spaghetti-n-12-g500.html">
        <div style="background-image: url('../../cdn.spesati.com/images/products/000155012/de-cecco-spaghetti-n12-500-g-01.png')">
            <div class="hover"></div>
            <p class="arrow bgRed white">Best Seller</p>
            <div class="stickers"></div>
        </div>
    </a>
    <div>
        <h4><a href="../de-cecco-pasta-spaghetti-n-12-g500.html"><b>De Cecco Pasta Spaghetti N 12 G500</b></a></h4>
        <p class="description">De Cecco Spaghetti n°12 500 g</p>
        <p class="right price"><b>1.65 €</b></p>
        <p class="right unitPrice">3.30 € per kg</p>
    </div>
    <div class="contButton">
    <a class="button bgRed white addToCart" href="#">Add</a>
</div>
</div><div class="left product prod57"
        data-name="Pasta De Cecco N11 Spaghettini"
        data-price="1.65"
        data-id="27765"
        data-available="yes"
        data-category="434"
        data-bestselling="2">
    <a href="../pasta-de-cecco-n11-spaghettini.html">
        <div style="background-image: url('../../cdn.spesati.com/images/products/000155011/de-cecco-spaghettini-n11-500-g-01.png')">
            <div class="hover"></div>
            <p class="arrow bgRed white">Best Seller</p>
            <div class="stickers"></div>
        </div>
    </a>
    <div>
        <h4><a href="../pasta-de-cecco-n11-spaghettini.html"><b>Pasta De Cecco N11 Spaghettini</b></a></h4>
        <p class="description">De Cecco Spaghettini n°11 500 g</p>
        <p class="right price"><b>1.65 €</b></p>
        <p class="right unitPrice">3.30 € per kg</p>
    </div>
    <div class="contButton">
    <a class="button bgRed white addToCart" href="#">Add</a>
</div>
</div><div class="left product prod58"
        data-name="De Cecco Pasta Linguine N 7 G500"
        data-price="1.65"
        data-id="4423"
        data-available="yes"
        data-category="434"
        data-bestselling="2">
    <a href="../de-cecco-pasta-linguine-n-7-g500.html">
        <div style="background-image: url('../../cdn.spesati.com/images/products/000155007/de-cecco-linguine-n7-500-g-01.png')">
            <div class="hover"></div>
            <p class="arrow bgRed white">Best Seller</p>
            <div class="stickers"></div>
        </div>
    </a>
    <div>
        <h4><a href="../de-cecco-pasta-linguine-n-7-g500.html"><b>De Cecco Pasta Linguine N 7 G500</b></a></h4>
        <p class="description">De Cecco Linguine n°7 500 g</p>
        <p class="right price"><b>1.65 €</b></p>
        <p class="right unitPrice">3.30 € per kg</p>
    </div>
    <div class="contButton">
    <a class="button bgRed white addToCart" href="#">Add</a>
</div>
</div><div class="left product prod59"
        data-name="Past De Cecco N412 Spaghettoni"
        data-price="1.65"
        data-id="27764"
        data-available="yes"
        data-category="434"
        data-bestselling="2">
    <a href="../past-de-cecco-n412-spaghettoni.html">
        <div style="background-image: url('../../cdn.spesati.com/images/products/000155006/de-cecco-spaghettoni-n412-500-g-01.png')">
            <div class="hover"></div>
            <p class="arrow bgRed white">Best Seller</p>
            <div class="stickers"></div>
        </div>
    </a>
    <div>
        <h4><a href="../past-de-cecco-n412-spaghettoni.html"><b>Past De Cecco N412 Spaghettoni</b></a></h4>
        <p class="description">De Cecco Spaghettoni n°412 500 g</p>
        <p class="right price"><b>1.65 €</b></p>
        <p class="right unitPrice">3.30 € per kg</p>
    </div>
    <div class="contButton">
    <a class="button bgRed white addToCart" href="#">Add</a>
</div>
</div><div class="left product prod60"
        data-name="Pasta Voiello Specialita Farfale N192"
        data-price="1.79"
        data-id="27739"
        data-available="yes"
        data-category="434"
        data-bestselling="">
    <a href="../pasta-voiello-specialita-farfale-n192.html">
        <div style="background-image: url('../../cdn.spesati.com/images/products/000149191/voiello-pasta-la-farfalla-n192-grano-aureo-100-italiano-trafilata-bronzo-500g--01.png')">
            <div class="hover"></div>
            
            <div class="stickers"></div>
        </div>
    </a>
    <div>
        <h4><a href="../pasta-voiello-specialita-farfale-n192.html"><b>Pasta Voiello Specialita Farfale N192</b></a></h4>
        <p class="description">Voiello Pasta La Farfalla N°192 grano Aureo 100% italiano Trafilata bronzo 500g </p>
        <p class="right price"><b>1.79 €</b></p>
        <p class="right unitPrice">3.58 € per kg</p>
    </div>
    <div class="contButton">
    <a class="button bgRed white addToCart" href="#">Add</a>
</div>
</div><div class="left product prod61"
        data-name="Pasta Voiello Mezze Penne Rigate N154 500gr"
        data-price="1.79"
        data-id="27738"
        data-available="yes"
        data-category="434"
        data-bestselling="2">
    <a href="../pasta-voiello-mezze-penne-rigate-n154-500gr.html">
        <div style="background-image: url('../../cdn.spesati.com/images/products/000149154/voiello-pasta-la-mezza-penna-rigata-n154-grano-aureo-100-italiano-trafilata-bronzo-500g--01.png')">
            <div class="hover"></div>
            <p class="arrow bgRed white">Best Seller</p>
            <div class="stickers"></div>
        </div>
    </a>
    <div>
        <h4><a href="../pasta-voiello-mezze-penne-rigate-n154-500gr.html"><b>Pasta Voiello Mezze Penne Rigate N154 500gr</b></a></h4>
        <p class="description">Voiello Pasta La Mezza Penna Rigata N°154 grano Aureo 100% italiano Trafilata bronzo 500g </p>
        <p class="right price"><b>1.79 €</b></p>
        <p class="right unitPrice">3.58 € per kg</p>
    </div>
    <div class="contButton">
    <a class="button bgRed white addToCart" href="#">Add</a>
</div>
</div><div class="left product prod62"
        data-name="Pasta Voiell Penne Rigate N152 500gr"
        data-price="1.79"
        data-id="27737"
        data-available="yes"
        data-category="434"
        data-bestselling="">
    <a href="../pasta-voiell-penne-rigate-n152-500gr.html">
        <div style="background-image: url('../../cdn.spesati.com/images/products/000149152/voiello-pasta-la-penna-doppia-rigatura-n152-grano-aureo-100-italiano-trafilata-bronzo-500g--01.png')">
            <div class="hover"></div>
            
            <div class="stickers"></div>
        </div>
    </a>
    <div>
        <h4><a href="../pasta-voiell-penne-rigate-n152-500gr.html"><b>Pasta Voiell Penne Rigate N152 500gr</b></a></h4>
        <p class="description">Voiello Pasta La Penna Doppia Rigatura N°152 grano Aureo 100% italiano Trafilata bronzo 500g </p>
        <p class="right price"><b>1.79 €</b></p>
        <p class="right unitPrice">3.58 € per kg</p>
    </div>
    <div class="contButton">
    <a class="button bgRed white addToCart" href="#">Add</a>
</div>
</div><div class="left product prod63"
        data-name="Pasta Voiello Fusilli N141 500gr"
        data-price="1.79"
        data-id="27736"
        data-available="yes"
        data-category="434"
        data-bestselling="1">
    <a href="../pasta-voiello-fusilli-n141-500gr.html">
        <div style="background-image: url('../../cdn.spesati.com/images/products/000149141/voiello-pasta-il-fusillo-n141-grano-aureo-100-italiano-trafilata-bronzo-500g--01.png')">
            <div class="hover"></div>
            <p class="arrow bgRed white">Best Seller</p>
            <div class="stickers"></div>
        </div>
    </a>
    <div>
        <h4><a href="../pasta-voiello-fusilli-n141-500gr.html"><b>Pasta Voiello Fusilli N141 500gr</b></a></h4>
        <p class="description">Voiello Pasta Il Fusillo N°141 grano Aureo 100% italiano Trafilata bronzo 500g </p>
        <p class="right price"><b>1.79 €</b></p>
        <p class="right unitPrice">3.58 € per kg</p>
    </div>
    <div class="contButton">
    <a class="button bgRed white addToCart" href="#">Add</a>
</div>
</div><div class="left product prod64"
        data-name="Pasta Voiello Pipe Rigate N135 500gr"
        data-price="1.95"
        data-id="27735"
        data-available="yes"
        data-category="434"
        data-bestselling="">
    <a href="../pasta-voiello-pipe-rigate-n135-500gr.html">
        <div style="background-image: url('../../cdn.spesati.com/images/products/000149135/voiello-pasta-la-pipa-rigata-n135-grano-aureo-100-italiano-trafilata-bronzo-500-g-01.png')">
            <div class="hover"></div>
            
            <div class="stickers"></div>
        </div>
    </a>
    <div>
        <h4><a href="../pasta-voiello-pipe-rigate-n135-500gr.html"><b>Pasta Voiello Pipe Rigate N135 500gr</b></a></h4>
        <p class="description">Voiello Pasta La Pipa Rigata N°135 grano Aureo 100% italiano Trafilata bronzo 500 g</p>
        <p class="right price"><b>1.95 €</b></p>
        <p class="right unitPrice">3.91 € per kg</p>
    </div>
    <div class="contButton">
    <a class="button bgRed white addToCart" href="#">Add</a>
</div>
</div><div class="left product prod65"
        data-name="Pasta Voiello Tortiglioni N125 500gr"
        data-price="1.79"
        data-id="27731"
        data-available="yes"
        data-category="434"
        data-bestselling="">
    <a href="../pasta-voiello-tortiglioni-n125-500gr.html">
        <div style="background-image: url('../../cdn.spesati.com/images/products/000149125/voiello-pasta-il-tortiglione-n125-grano-aureo-100-italiano-trafilata-bronzo-500g--01.png')">
            <div class="hover"></div>
            
            <div class="stickers"></div>
        </div>
    </a>
    <div>
        <h4><a href="../pasta-voiello-tortiglioni-n125-500gr.html"><b>Pasta Voiello Tortiglioni N125 500gr</b></a></h4>
        <p class="description">Voiello Pasta Il Tortiglione N°125 grano Aureo 100% italiano Trafilata bronzo 500g </p>
        <p class="right price"><b>1.79 €</b></p>
        <p class="right unitPrice">3.58 € per kg</p>
    </div>
    <div class="contButton">
    <a class="button bgRed white addToCart" href="#">Add</a>
</div>
</div><div class="left product prod66"
        data-name="Pasta Voiello Trenette N112 500gr"
        data-price="1.79"
        data-id="27730"
        data-available="yes"
        data-category="434"
        data-bestselling="">
    <a href="../pasta-voiello-trenette-n112-500gr.html">
        <div style="background-image: url('../../cdn.spesati.com/images/products/000149112/voiello-pasta-la-linguina-n112-grano-aureo-100-italiano-trafilata-bronzo-500g--01.png')">
            <div class="hover"></div>
            
            <div class="stickers"></div>
        </div>
    </a>
    <div>
        <h4><a href="../pasta-voiello-trenette-n112-500gr.html"><b>Pasta Voiello Trenette N112 500gr</b></a></h4>
        <p class="description">Voiello Pasta La Linguina N°112 grano Aureo 100% italiano Trafilata bronzo 500g </p>
        <p class="right price"><b>1.79 €</b></p>
        <p class="right unitPrice">3.58 € per kg</p>
    </div>
    <div class="contButton">
    <a class="button bgRed white addToCart" href="#">Add</a>
</div>
</div><div class="left product prod67"
        data-name="Pasta Voiello Spaghetti N104 500gr"
        data-price="1.79"
        data-id="27729"
        data-available="yes"
        data-category="434"
        data-bestselling="">
    <a href="../pasta-voiello-spaghetti-n104-500gr.html">
        <div style="background-image: url('../../cdn.spesati.com/images/products/000149110/voiello-pasta-lo-spaghetto-n104-grano-aureo-100-italiano-trafilata-bronzo-500g--01.png')">
            <div class="hover"></div>
            
            <div class="stickers"></div>
        </div>
    </a>
    <div>
        <h4><a href="../pasta-voiello-spaghetti-n104-500gr.html"><b>Pasta Voiello Spaghetti N104 500gr</b></a></h4>
        <p class="description">Voiello Pasta Lo Spaghetto N°104 grano Aureo 100% italiano Trafilata bronzo 500g </p>
        <p class="right price"><b>1.79 €</b></p>
        <p class="right unitPrice">3.58 € per kg</p>
    </div>
    <div class="contButton">
    <a class="button bgRed white addToCart" href="#">Add</a>
</div>
</div><div class="left product prod68"
        data-name="Pasta Voiello Spaghettini N103 500gr"
        data-price="1.79"
        data-id="27728"
        data-available="yes"
        data-category="434"
        data-bestselling="">
    <a href="../pasta-voiello-spaghettini-n103-500gr.html">
        <div style="background-image: url('../../cdn.spesati.com/images/products/000149103/voiello-pasta-lo-spaghettino-n103-grano-aureo-100-italiano-trafilata-bronzo-500-g-01.png')">
            <div class="hover"></div>
            
            <div class="stickers"></div>
        </div>
    </a>
    <div>
        <h4><a href="../pasta-voiello-spaghettini-n103-500gr.html"><b>Pasta Voiello Spaghettini N103 500gr</b></a></h4>
        <p class="description">Voiello Pasta Lo Spaghettino N°103 grano Aureo 100% italiano Trafilata bronzo 500 g</p>
        <p class="right price"><b>1.79 €</b></p>
        <p class="right unitPrice">3.58 € per kg</p>
    </div>
    <div class="contButton">
    <a class="button bgRed white addToCart" href="#">Add</a>
</div>
</div><div class="left product prod69"
        data-name="Barilla Pasta Senza Glutine Tortiglioni"
        data-price="2.09"
        data-id="2416"
        data-available="yes"
        data-category="434"
        data-bestselling="">
    <a href="../barilla-pasta-senza-glutine-tortiglioni.html">
        <div style="background-image: url('../../cdn.spesati.com/images/products/000145091/barilla-pasta-tortiglioni-senza-glutine-400-g-01.png')">
            <div class="hover"></div>
            
            <div class="stickers"><img class="left" src="../../cdn.spesati.com/images/layout/gluten-free.png" /></div>
        </div>
    </a>
    <div>
        <h4><a href="../barilla-pasta-senza-glutine-tortiglioni.html"><b>Barilla Pasta Senza Glutine Tortiglioni</b></a></h4>
        <p class="description">Barilla Pasta Tortiglioni Senza Glutine 400 g</p>
        <p class="right price"><b>2.09 €</b></p>
        <p class="right unitPrice">5.23 € per kg</p>
    </div>
    <div class="contButton">
    <a class="button bgRed white addToCart" href="#">Add</a>
</div>
</div><div class="left product prod70"
        data-name="Barilla Pasta Senza Glutine Fusilli"
        data-price="2.37"
        data-id="2411"
        data-available="yes"
        data-category="434"
        data-bestselling="">
    <a href="../barilla-pasta-senza-glutine-fusilli.html">
        <div style="background-image: url('../../cdn.spesati.com/images/products/000145090/barilla-pasta-senza-glutine-fusilli-mais-e-riso-400g-01.png')">
            <div class="hover"></div>
            
            <div class="stickers"><img class="left" src="../../cdn.spesati.com/images/layout/gluten-free.png" /></div>
        </div>
    </a>
    <div>
        <h4><a href="../barilla-pasta-senza-glutine-fusilli.html"><b>Barilla Pasta Senza Glutine Fusilli</b></a></h4>
        <p class="description">Barilla Pasta Senza Glutine Fusilli Mais e Riso 400g</p>
        <p class="right price"><b>2.37 €</b></p>
        <p class="right unitPrice">5.93 € per kg</p>
    </div>
    <div class="contButton">
    <a class="button bgRed white addToCart" href="#">Add</a>
</div>
</div><div class="left product prod71"
        data-name="Barilla Pasta Senza Glutine Penne Rigate"
        data-price="2.09"
        data-id="2412"
        data-available="yes"
        data-category="434"
        data-bestselling="">
    <a href="../barilla-pasta-senza-glutine-penne-rigate.html">
        <div style="background-image: url('../../cdn.spesati.com/images/products/000145089/barilla-pasta-penne-rigate-senza-glutine-400-g-01.png')">
            <div class="hover"></div>
            
            <div class="stickers"><img class="left" src="../../cdn.spesati.com/images/layout/gluten-free.png" /></div>
        </div>
    </a>
    <div>
        <h4><a href="../barilla-pasta-senza-glutine-penne-rigate.html"><b>Barilla Pasta Senza Glutine Penne Rigate</b></a></h4>
        <p class="description">Barilla Pasta Penne Rigate Senza Glutine 400 g</p>
        <p class="right price"><b>2.09 €</b></p>
        <p class="right unitPrice">5.23 € per kg</p>
    </div>
    <div class="contButton">
    <a class="button bgRed white addToCart" href="#">Add</a>
</div>
</div><div class="left product prod72"
        data-name="Barilla Pasta Senza Glutine Spaghetti"
        data-price="2.09"
        data-id="2413"
        data-available="yes"
        data-category="434"
        data-bestselling="">
    <a href="../barilla-pasta-senza-glutine-spaghetti.html">
        <div style="background-image: url('../../cdn.spesati.com/images/products/000145088/barilla-pasta-spaghetti-n5-senza-glutine-400-g-01.png')">
            <div class="hover"></div>
            
            <div class="stickers"><img class="left" src="../../cdn.spesati.com/images/layout/gluten-free.png" /></div>
        </div>
    </a>
    <div>
        <h4><a href="../barilla-pasta-senza-glutine-spaghetti.html"><b>Barilla Pasta Senza Glutine Spaghetti</b></a></h4>
        <p class="description">Barilla Pasta Spaghetti n.5 Senza Glutine 400 g</p>
        <p class="right price"><b>2.09 €</b></p>
        <p class="right unitPrice">5.23 € per kg</p>
    </div>
    <div class="contButton">
    <a class="button bgRed white addToCart" href="#">Add</a>
</div>
</div><div class="left product prod73"
        data-name="Pasta Barilla Penne Rig N73 1k"
        data-price="2.39"
        data-id="27704"
        data-available="yes"
        data-category="434"
        data-bestselling="">
    <a href="../pasta-barilla-penne-rig-n73-1k.html">
        <div style="background-image: url('../../cdn.spesati.com/images/products/000145073/-01.png')">
            <div class="hover"></div>
            
            <div class="stickers"></div>
        </div>
    </a>
    <div>
        <h4><a href="../pasta-barilla-penne-rig-n73-1k.html"><b>Pasta Barilla Penne Rig N73 1k</b></a></h4>
        <p class="description">Barilla Penne rigate n°73 1kg</p>
        <p class="right price"><b>2.39 €</b></p>
        <p class="right unitPrice">2.39 € per kg</p>
    </div>
    <div class="contButton">
    <a class="button bgRed white addToCart" href="#">Add</a>
</div>
</div><div class="left product prod74"
        data-name="Pasta Barilla Mez Pen N70 1kg"
        data-price="2.39"
        data-id="27703"
        data-available="yes"
        data-category="434"
        data-bestselling="">
    <a href="../pasta-barilla-mez-pen-n70-1kg.html">
        <div style="background-image: url('../../cdn.spesati.com/images/products/000145070/barilla-pasta-mezze-penne-rigate-n70-100-grano-italiano-1kg-01.png')">
            <div class="hover"></div>
            
            <div class="stickers"></div>
        </div>
    </a>
    <div>
        <h4><a href="../pasta-barilla-mez-pen-n70-1kg.html"><b>Pasta Barilla Mez Pen N70 1kg</b></a></h4>
        <p class="description">Barilla Pasta Mezze Penne Rigate n.70 100% Grano Italiano 1Kg</p>
        <p class="right price"><b>2.39 €</b></p>
        <p class="right unitPrice">2.39 € per kg</p>
    </div>
    <div class="contButton">
    <a class="button bgRed white addToCart" href="#">Add</a>
</div>
</div><div class="left product prod75"
        data-name="Pasta Barilla Gnocchi N85 5kg"
        data-price="13.27"
        data-id="27702"
        data-available="yes"
        data-category="434"
        data-bestselling="">
    <a href="../pasta-barilla-gnocchi-n85-5kg.html">
        <div style="background-image: url('../../cdn.spesati.com/images/products/000145046/barilla-for-professionals-gnocchi-pasta-classica-corta-catering-food-service-5-kg-01.png')">
            <div class="hover"></div>
            
            <div class="stickers"></div>
        </div>
    </a>
    <div>
        <h4><a href="../pasta-barilla-gnocchi-n85-5kg.html"><b>Pasta Barilla Gnocchi N85 5kg</b></a></h4>
        <p class="description">Barilla for Professionals Gnocchi Pasta classica Corta Catering Food Service 5 kg</p>
        <p class="right price"><b>13.27 €</b></p>
        <p class="right unitPrice">2.65 € per kg</p>
    </div>
    <div class="contButton">
    <a class="button bgRed white addToCart" href="#">Add</a>
</div>
</div><div class="left product prod76"
        data-name="Pasta Baril Pennet Rig S Or 1k"
        data-price="3.70"
        data-id="27698"
        data-available="yes"
        data-category="434"
        data-bestselling="">
    <a href="../pasta-baril-pennet-rig-s-or-1k.html">
        <div style="background-image: url('../../cdn.spesati.com/images/products/000145035/barilla-for-professionals-pennette-rigate-pasta-corta-food-service-selezione-oro-chef-1-kg-01.png')">
            <div class="hover"></div>
            
            <div class="stickers"></div>
        </div>
    </a>
    <div>
        <h4><a href="../pasta-baril-pennet-rig-s-or-1k.html"><b>Pasta Baril Pennet Rig S Or 1k</b></a></h4>
        <p class="description">Barilla for Professionals Pennette Rigate Pasta Corta Food Service Selezione Oro Chef 1 kg</p>
        <p class="right price"><b>3.70 €</b></p>
        <p class="right unitPrice">3.70 € per kg</p>
    </div>
    <div class="contButton">
    <a class="button bgRed white addToCart" href="#">Add</a>
</div>
</div><div class="left product prod77"
        data-name="Pasta Barilla Gnoc Sar S Or 1k"
        data-price="3.98"
        data-id="27697"
        data-available="yes"
        data-category="434"
        data-bestselling="">
    <a href="../pasta-barilla-gnoc-sar-s-or-1k.html">
        <div style="background-image: url('../../cdn.spesati.com/images/products/000145034/barilla-for-professionals-gnocchetti-sardi-pasta-corta-food-service-selezione-oro-chef-1kg-01.png')">
            <div class="hover"></div>
            
            <div class="stickers"></div>
        </div>
    </a>
    <div>
        <h4><a href="../pasta-barilla-gnoc-sar-s-or-1k.html"><b>Pasta Barilla Gnoc Sar S Or 1k</b></a></h4>
        <p class="description">Barilla for Professionals Gnocchetti Sardi Pasta Corta Food Service Selezione Oro Chef 1kg</p>
        <p class="right price"><b>3.98 €</b></p>
        <p class="right unitPrice">3.97 € per kg</p>
    </div>
    <div class="contButton">
    <a class="button bgRed white addToCart" href="#">Add</a>
</div>
</div><div class="left product prod78"
        data-name="Pasta Barilla Fusilli S Or 1kg"
        data-price="3.70"
        data-id="27696"
        data-available="yes"
        data-category="434"
        data-bestselling="">
    <a href="../pasta-barilla-fusilli-s-or-1kg.html">
        <div style="background-image: url('../../cdn.spesati.com/images/products/000145033/barilla-for-professionals-fusilli-pasta-corta-food-service-selezione-oro-chef-1-kg-01.png')">
            <div class="hover"></div>
            
            <div class="stickers"></div>
        </div>
    </a>
    <div>
        <h4><a href="../pasta-barilla-fusilli-s-or-1kg.html"><b>Pasta Barilla Fusilli S Or 1kg</b></a></h4>
        <p class="description">Barilla for Professionals Fusilli Pasta Corta Food Service Selezione Oro Chef 1 kg</p>
        <p class="right price"><b>3.70 €</b></p>
        <p class="right unitPrice">3.70 € per kg</p>
    </div>
    <div class="contButton">
    <a class="button bgRed white addToCart" href="#">Add</a>
</div>
</div><div class="left product prod79"
        data-name="Pasta Barilla Farfalle S Or 1k"
        data-price="3.70"
        data-id="27695"
        data-available="yes"
        data-category="434"
        data-bestselling="">
    <a href="../pasta-barilla-farfalle-s-or-1k.html">
        <div style="background-image: url('../../cdn.spesati.com/images/products/000145032/barilla-for-professionals-farfalle-pasta-corta-food-service-selezione-oro-chef-1-kg-01.png')">
            <div class="hover"></div>
            
            <div class="stickers"></div>
        </div>
    </a>
    <div>
        <h4><a href="../pasta-barilla-farfalle-s-or-1k.html"><b>Pasta Barilla Farfalle S Or 1k</b></a></h4>
        <p class="description">Barilla for Professionals Farfalle Pasta Corta Food Service Selezione Oro Chef 1 kg</p>
        <p class="right price"><b>3.70 €</b></p>
        <p class="right unitPrice">3.70 € per kg</p>
    </div>
    <div class="contButton">
    <a class="button bgRed white addToCart" href="#">Add</a>
</div>
</div><div class="left product prod80"
        data-name="Pasta Barilla Pen Rig S Or 1kg"
        data-price="3.70"
        data-id="27694"
        data-available="yes"
        data-category="434"
        data-bestselling="">
    <a href="../pasta-barilla-pen-rig-s-or-1kg.html">
        <div style="background-image: url('../../cdn.spesati.com/images/products/000145031/barilla-for-professionals-penne-rigate-pasta-corta-food-service-selezione-oro-chef-1-kg-01.png')">
            <div class="hover"></div>
            
            <div class="stickers"></div>
        </div>
    </a>
    <div>
        <h4><a href="../pasta-barilla-pen-rig-s-or-1kg.html"><b>Pasta Barilla Pen Rig S Or 1kg</b></a></h4>
        <p class="description">Barilla for Professionals Penne Rigate Pasta Corta Food Service Selezione Oro Chef 1 kg</p>
        <p class="right price"><b>3.70 €</b></p>
        <p class="right unitPrice">3.70 € per kg</p>
    </div>
    <div class="contButton">
    <a class="button bgRed white addToCart" href="#">Add</a>
</div>
</div><div class="left product prod81"
        data-name="Pasta Barilla M Pen Rig S Or 1"
        data-price="3.70"
        data-id="27693"
        data-available="yes"
        data-category="434"
        data-bestselling="">
    <a href="../pasta-barilla-m-pen-rig-s-or-1.html">
        <div style="background-image: url('../../cdn.spesati.com/images/products/000145030/barilla-for-professionals-mezze-penne-rigate-pasta-corta-food-service-selezione-oro-chef-1-kg-01.png')">
            <div class="hover"></div>
            
            <div class="stickers"></div>
        </div>
    </a>
    <div>
        <h4><a href="../pasta-barilla-m-pen-rig-s-or-1.html"><b>Pasta Barilla M Pen Rig S Or 1</b></a></h4>
        <p class="description">Barilla for Professionals Mezze Penne Rigate Pasta Corta Food Service Selezione Oro Chef 1 kg</p>
        <p class="right price"><b>3.70 €</b></p>
        <p class="right unitPrice">3.70 € per kg</p>
    </div>
    <div class="contButton">
    <a class="button bgRed white addToCart" href="#">Add</a>
</div>
</div><div class="left product prod82"
        data-name="Pasta Barilla Linguine S Or 1k"
        data-price="3.70"
        data-id="27692"
        data-available="yes"
        data-category="434"
        data-bestselling="">
    <a href="../pasta-barilla-linguine-s-or-1k.html">
        <div style="background-image: url('../../cdn.spesati.com/images/products/000145029/barilla-for-professionals-linguine-pasta-lunga-food-service-selezione-oro-chef-1-kg-01.png')">
            <div class="hover"></div>
            
            <div class="stickers"></div>
        </div>
    </a>
    <div>
        <h4><a href="../pasta-barilla-linguine-s-or-1k.html"><b>Pasta Barilla Linguine S Or 1k</b></a></h4>
        <p class="description">Barilla for Professionals Linguine Pasta Lunga Food Service Selezione Oro Chef 1 kg</p>
        <p class="right price"><b>3.70 €</b></p>
        <p class="right unitPrice">3.70 € per kg</p>
    </div>
    <div class="contButton">
    <a class="button bgRed white addToCart" href="#">Add</a>
</div>
</div><div class="left product prod83"
        data-name="Pasta Barilla Spagh.ti S Or 1k"
        data-price="3.70"
        data-id="27691"
        data-available="yes"
        data-category="434"
        data-bestselling="">
    <a href="../pasta-barilla-spaghti-s-or-1k.html">
        <div style="background-image: url('../../cdn.spesati.com/images/products/000145028/barilla-for-professionals-spaghetti-pasta-lunga-food-service-selezione-oro-chef-1-kg-01.png')">
            <div class="hover"></div>
            
            <div class="stickers"></div>
        </div>
    </a>
    <div>
        <h4><a href="../pasta-barilla-spaghti-s-or-1k.html"><b>Pasta Barilla Spagh.ti S Or 1k</b></a></h4>
        <p class="description">Barilla for Professionals Spaghetti Pasta Lunga Food Service Selezione Oro Chef 1 kg</p>
        <p class="right price"><b>3.70 €</b></p>
        <p class="right unitPrice">3.70 € per kg</p>
    </div>
    <div class="contButton">
    <a class="button bgRed white addToCart" href="#">Add</a>
</div>
</div><div class="left product prod84"
        data-name="Pasta Barilla Spagh.ni S Or 1k"
        data-price="3.70"
        data-id="27690"
        data-available="yes"
        data-category="434"
        data-bestselling="">
    <a href="../pasta-barilla-spaghni-s-or-1k.html">
        <div style="background-image: url('../../cdn.spesati.com/images/products/000145027/barilla-for-professionals-spaghettini-pasta-lunga-food-service-selezione-oro-chef-1-kg-01.png')">
            <div class="hover"></div>
            
            <div class="stickers"></div>
        </div>
    </a>
    <div>
        <h4><a href="../pasta-barilla-spaghni-s-or-1k.html"><b>Pasta Barilla Spagh.ni S Or 1k</b></a></h4>
        <p class="description">Barilla for Professionals Spaghettini Pasta Lunga Food Service Selezione Oro Chef 1 kg</p>
        <p class="right price"><b>3.70 €</b></p>
        <p class="right unitPrice">3.70 € per kg</p>
    </div>
    <div class="contButton">
    <a class="button bgRed white addToCart" href="#">Add</a>
</div>
</div><div class="left product prod85"
        data-name="Pasta Barilla Lasagne 3kg"
        data-price="23.98"
        data-id="27685"
        data-available="yes"
        data-category="434"
        data-bestselling="">
    <a href="../pasta-barilla-lasagne-3kg.html">
        <div style="background-image: url('../../cdn.spesati.com/images/products/000145016/barilla-for-professionals-emiliane-pasta-uovo-lasagne-catering-food-service-6pz-x-500g-01.png')">
            <div class="hover"></div>
            
            <div class="stickers"></div>
        </div>
    </a>
    <div>
        <h4><a href="../pasta-barilla-lasagne-3kg.html"><b>Pasta Barilla Lasagne 3kg</b></a></h4>
        <p class="description">Barilla for Professionals Emiliane Pasta uovo Lasagne Catering Food Service 6pz x 500g</p>
        <p class="right price"><b>23.98 €</b></p>
        <p class="right unitPrice">7.99 € per kg</p>
    </div>
    <div class="contButton">
    <a class="button bgRed white addToCart" href="#">Add</a>
</div>
</div><div class="left product prod86"
        data-name="Pasta Barilla Gnocch Sardi 5kg"
        data-price="14.02"
        data-id="27684"
        data-available="yes"
        data-category="434"
        data-bestselling="">
    <a href="../pasta-barilla-gnocch-sardi-5kg.html">
        <div style="background-image: url('../../cdn.spesati.com/images/products/000145015/barilla-for-professionals-gnocchetti-sardi-n60-pasta-specialita-catering-foodservice-5-kg-01.png')">
            <div class="hover"></div>
            
            <div class="stickers"></div>
        </div>
    </a>
    <div>
        <h4><a href="../pasta-barilla-gnocch-sardi-5kg.html"><b>Pasta Barilla Gnocch Sardi 5kg</b></a></h4>
        <p class="description">Barilla for Professionals Gnocchetti Sardi n°60 Pasta Specialità Catering Foodservice 5 kg</p>
        <p class="right price"><b>14.02 €</b></p>
        <p class="right unitPrice">2.81 € per kg</p>
    </div>
    <div class="contButton">
    <a class="button bgRed white addToCart" href="#">Add</a>
</div>
</div><div class="left product prod87"
        data-name="Pasta Barilla Farfalle 5kg"
        data-price="14.02"
        data-id="27683"
        data-available="yes"
        data-category="434"
        data-bestselling="">
    <a href="../pasta-barilla-farfalle-5kg.html">
        <div style="background-image: url('../../cdn.spesati.com/images/products/000145014/barilla-for-professionals-farfalle-n65-pasta-specialita-catering-foodservice-5-kg-01.png')">
            <div class="hover"></div>
            
            <div class="stickers"></div>
        </div>
    </a>
    <div>
        <h4><a href="../pasta-barilla-farfalle-5kg.html"><b>Pasta Barilla Farfalle 5kg</b></a></h4>
        <p class="description">Barilla for Professionals Farfalle n°65 Pasta Specialità Catering Foodservice 5 kg</p>
        <p class="right price"><b>14.02 €</b></p>
        <p class="right unitPrice">2.81 € per kg</p>
    </div>
    <div class="contButton">
    <a class="button bgRed white addToCart" href="#">Add</a>
</div>
</div><div class="left product prod88"
        data-name="Pasta Barilla Pennette Rig 5kg"
        data-price="13.27"
        data-id="27682"
        data-available="yes"
        data-category="434"
        data-bestselling="">
    <a href="../pasta-barilla-pennette-rig-5kg.html">
        <div style="background-image: url('../../cdn.spesati.com/images/products/000145013/barilla-for-professionals-pennette-rigate-n72-pasta-classica-corta-catering-food-service-5-kg-01.png')">
            <div class="hover"></div>
            
            <div class="stickers"></div>
        </div>
    </a>
    <div>
        <h4><a href="../pasta-barilla-pennette-rig-5kg.html"><b>Pasta Barilla Pennette Rig 5kg</b></a></h4>
        <p class="description">Barilla for Professionals Pennette rigate n°72 Pasta classica Corta Catering Food Service 5 kg</p>
        <p class="right price"><b>13.27 €</b></p>
        <p class="right unitPrice">2.65 € per kg</p>
    </div>
    <div class="contButton">
    <a class="button bgRed white addToCart" href="#">Add</a>
</div>
</div><div class="left product prod89"
        data-name="Pasta Barilla Mezze Pen Rig 5k"
        data-price="13.27"
        data-id="27681"
        data-available="yes"
        data-category="434"
        data-bestselling="">
    <a href="../pasta-barilla-mezze-pen-rig-5k.html">
        <div style="background-image: url('../../cdn.spesati.com/images/products/000145012/barilla-for-professionals-mezze-penne-rigate-n70-pasta-classica-corta-catering-food-service-5kg-01.png')">
            <div class="hover"></div>
            
            <div class="stickers"></div>
        </div>
    </a>
    <div>
        <h4><a href="../pasta-barilla-mezze-pen-rig-5k.html"><b>Pasta Barilla Mezze Pen Rig 5k</b></a></h4>
        <p class="description">Barilla for Professionals Mezze penne rigate n°70 Pasta classica Corta Catering Food Service 5kg</p>
        <p class="right price"><b>13.27 €</b></p>
        <p class="right unitPrice">2.65 € per kg</p>
    </div>
    <div class="contButton">
    <a class="button bgRed white addToCart" href="#">Add</a>
</div>
</div><div class="left product prod90"
        data-name="Pasta Barilla Spaghetti 5kg"
        data-price="13.27"
        data-id="27680"
        data-available="yes"
        data-category="434"
        data-bestselling="">
    <a href="../pasta-barilla-spaghetti-5kg.html">
        <div style="background-image: url('../../cdn.spesati.com/images/products/000145011/barilla-for-professionals-spaghetti-n5-pasta-classica-lunga-catering-foodservice-5-kg-01.png')">
            <div class="hover"></div>
            
            <div class="stickers"></div>
        </div>
    </a>
    <div>
        <h4><a href="../pasta-barilla-spaghetti-5kg.html"><b>Pasta Barilla Spaghetti 5kg</b></a></h4>
        <p class="description">Barilla for Professionals Spaghetti n°5 Pasta Classica Lunga Catering Foodservice 5 kg</p>
        <p class="right price"><b>13.27 €</b></p>
        <p class="right unitPrice">2.65 € per kg</p>
    </div>
    <div class="contButton">
    <a class="button bgRed white addToCart" href="#">Add</a>
</div>
</div><div class="left product prod91"
        data-name="Pasta Barilla Spaghettini 5kg"
        data-price="13.27"
        data-id="27679"
        data-available="yes"
        data-category="434"
        data-bestselling="">
    <a href="../pasta-barilla-spaghettini-5kg.html">
        <div style="background-image: url('../../cdn.spesati.com/images/products/000145010/barilla-for-professionals-spaghettini-n3-pasta-classica-lunga-catering-foodservice-5-kg-01.png')">
            <div class="hover"></div>
            
            <div class="stickers"></div>
        </div>
    </a>
    <div>
        <h4><a href="../pasta-barilla-spaghettini-5kg.html"><b>Pasta Barilla Spaghettini 5kg</b></a></h4>
        <p class="description">Barilla for Professionals Spaghettini n°3 Pasta Classica Lunga Catering Foodservice 5 kg</p>
        <p class="right price"><b>13.27 €</b></p>
        <p class="right unitPrice">2.65 € per kg</p>
    </div>
    <div class="contButton">
    <a class="button bgRed white addToCart" href="#">Add</a>
</div>
</div><div class="left product prod92"
        data-name="Pasta Barilla Pipette Rig 5kg"
        data-price="13.27"
        data-id="27677"
        data-available="yes"
        data-category="434"
        data-bestselling="">
    <a href="../pasta-barilla-pipette-rig-5kg.html">
        <div style="background-image: url('../../cdn.spesati.com/images/products/000145008/barilla-for-professionals-pipette-rigate-n86-pasta-classica-corta-catering-food-service-5-kg-01.png')">
            <div class="hover"></div>
            
            <div class="stickers"></div>
        </div>
    </a>
    <div>
        <h4><a href="../pasta-barilla-pipette-rig-5kg.html"><b>Pasta Barilla Pipette Rig 5kg</b></a></h4>
        <p class="description">Barilla for Professionals Pipette rigate n°86 Pasta classica Corta Catering Food Service 5 kg</p>
        <p class="right price"><b>13.27 €</b></p>
        <p class="right unitPrice">2.65 € per kg</p>
    </div>
    <div class="contButton">
    <a class="button bgRed white addToCart" href="#">Add</a>
</div>
</div><div class="left product prod93"
        data-name="Pasta Barilla Fusilli 5kg"
        data-price="13.27"
        data-id="27676"
        data-available="yes"
        data-category="434"
        data-bestselling="">
    <a href="../pasta-barilla-fusilli-5kg.html">
        <div style="background-image: url('../../cdn.spesati.com/images/products/000145007/barilla-for-professionals-fusilli-n98-pasta-classica-corta-catering-foodservice-5-kg-01.png')">
            <div class="hover"></div>
            
            <div class="stickers"></div>
        </div>
    </a>
    <div>
        <h4><a href="../pasta-barilla-fusilli-5kg.html"><b>Pasta Barilla Fusilli 5kg</b></a></h4>
        <p class="description">Barilla for Professionals Fusilli n°98 Pasta Classica Corta Catering Foodservice 5 kg</p>
        <p class="right price"><b>13.27 €</b></p>
        <p class="right unitPrice">2.65 € per kg</p>
    </div>
    <div class="contButton">
    <a class="button bgRed white addToCart" href="#">Add</a>
</div>
</div><div class="left product prod94"
        data-name="Pasta Barilla Tortiglioni 5kg"
        data-price="13.27"
        data-id="27675"
        data-available="yes"
        data-category="434"
        data-bestselling="">
    <a href="../pasta-barilla-tortiglioni-5kg.html">
        <div style="background-image: url('../../cdn.spesati.com/images/products/000145006/barilla-for-professionals-tortiglioni-n98-pasta-classica-corta-catering-food-service-5-kg-01.png')">
            <div class="hover"></div>
            
            <div class="stickers"></div>
        </div>
    </a>
    <div>
        <h4><a href="../pasta-barilla-tortiglioni-5kg.html"><b>Pasta Barilla Tortiglioni 5kg</b></a></h4>
        <p class="description">Barilla for Professionals Tortiglioni n°98 Pasta classica corta Catering Food Service 5 kg</p>
        <p class="right price"><b>13.27 €</b></p>
        <p class="right unitPrice">2.65 € per kg</p>
    </div>
    <div class="contButton">
    <a class="button bgRed white addToCart" href="#">Add</a>
</div>
</div><div class="left product prod95"
        data-name="Past Barilla Spaghettoni N7 5k"
        data-price="13.27"
        data-id="27672"
        data-available="yes"
        data-category="434"
        data-bestselling="">
    <a href="../past-barilla-spaghettoni-n7-5k.html">
        <div style="background-image: url('../../cdn.spesati.com/images/products/000145002/barilla-for-professionals-spaghettoni-n7-pasta-classica-lunga-catering-foodservice-5-kg-01.png')">
            <div class="hover"></div>
            
            <div class="stickers"></div>
        </div>
    </a>
    <div>
        <h4><a href="../past-barilla-spaghettoni-n7-5k.html"><b>Past Barilla Spaghettoni N7 5k</b></a></h4>
        <p class="description">Barilla for Professionals Spaghettoni n°7 Pasta Classica Lunga Catering Foodservice 5 kg</p>
        <p class="right price"><b>13.27 €</b></p>
        <p class="right unitPrice">2.65 € per kg</p>
    </div>
    <div class="contButton">
    <a class="button bgRed white addToCart" href="#">Add</a>
</div>
</div><div class="left product prod96"
        data-name="Pasta Barilla Linguine N13 5kg"
        data-price="13.27"
        data-id="27671"
        data-available="yes"
        data-category="434"
        data-bestselling="">
    <a href="../pasta-barilla-linguine-n13-5kg.html">
        <div style="background-image: url('../../cdn.spesati.com/images/products/000145001/barilla-for-professionals-linguine-n13-pasta-classica-lunga-catering-foodservice-5-kg-01.png')">
            <div class="hover"></div>
            
            <div class="stickers"></div>
        </div>
    </a>
    <div>
        <h4><a href="../pasta-barilla-linguine-n13-5kg.html"><b>Pasta Barilla Linguine N13 5kg</b></a></h4>
        <p class="description">Barilla for Professionals Linguine n°13 Pasta Classica Lunga Catering Foodservice 5 kg</p>
        <p class="right price"><b>13.27 €</b></p>
        <p class="right unitPrice">2.65 € per kg</p>
    </div>
    <div class="contButton">
    <a class="button bgRed white addToCart" href="#">Add</a>
</div>
</div><div class="left product prod97"
        data-name="Pasta Barilla Sedanini 5kg"
        data-price="13.27"
        data-id="27670"
        data-available="yes"
        data-category="434"
        data-bestselling="">
    <a href="../pasta-barilla-sedanini-5kg.html">
        <div style="background-image: url('../../cdn.spesati.com/images/products/000144716/barilla-for-professionals-sedanini-n54-pasta-classica-corta-catering-food-service-5-kg-01.png')">
            <div class="hover"></div>
            
            <div class="stickers"></div>
        </div>
    </a>
    <div>
        <h4><a href="../pasta-barilla-sedanini-5kg.html"><b>Pasta Barilla Sedanini 5kg</b></a></h4>
        <p class="description">Barilla for Professionals Sedanini n°54  Pasta classica Corta Catering Food Service 5 kg</p>
        <p class="right price"><b>13.27 €</b></p>
        <p class="right unitPrice">2.65 € per kg</p>
    </div>
    <div class="contButton">
    <a class="button bgRed white addToCart" href="#">Add</a>
</div>
</div><div class="left product prod98"
        data-name="Pasta Barilla Mezze Manich 5kg"
        data-price="13.27"
        data-id="27669"
        data-available="yes"
        data-category="434"
        data-bestselling="">
    <a href="../pasta-barilla-mezze-manich-5kg.html">
        <div style="background-image: url('../../cdn.spesati.com/images/products/000144714/barilla-for-professionals-mezze-maniche-rigate-n84-pasta-classica-corta-catering-food-service-5-kg--01.png')">
            <div class="hover"></div>
            
            <div class="stickers"></div>
        </div>
    </a>
    <div>
        <h4><a href="../pasta-barilla-mezze-manich-5kg.html"><b>Pasta Barilla Mezze Manich 5kg</b></a></h4>
        <p class="description">Barilla for Professionals Mezze maniche rigate n°84 Pasta classica corta Catering Food Service 5 kg </p>
        <p class="right price"><b>13.27 €</b></p>
        <p class="right unitPrice">2.65 € per kg</p>
    </div>
    <div class="contButton">
    <a class="button bgRed white addToCart" href="#">Add</a>
</div>
</div><div class="left product prod99"
        data-name="Pasta Barilla Conchig Rig 5kg"
        data-price="14.54"
        data-id="27668"
        data-available="yes"
        data-category="434"
        data-bestselling="">
    <a href="../pasta-barilla-conchig-rig-5kg.html">
        <div style="background-image: url('../../cdn.spesati.com/images/products/000144713/barilla-for-professionals-conchiglie-rigate-n93-pasta-classica-corta-catering-food-service-5-kg-01.png')">
            <div class="hover"></div>
            
            <div class="stickers"></div>
        </div>
    </a>
    <div>
        <h4><a href="../pasta-barilla-conchig-rig-5kg.html"><b>Pasta Barilla Conchig Rig 5kg</b></a></h4>
        <p class="description">Barilla for Professionals Conchiglie Rigate n°93 Pasta Classica Corta Catering Food Service 5 kg</p>
        <p class="right price"><b>14.54 €</b></p>
        <p class="right unitPrice">2.91 € per kg</p>
    </div>
    <div class="contButton">
    <a class="button bgRed white addToCart" href="#">Add</a>
</div>
</div><div class="left product prod100"
        data-name="Barilla Pasta Emiliane Pappardelle 176 G250"
        data-price="1.85"
        data-id="4371"
        data-available="yes"
        data-category="434"
        data-bestselling="">
    <a href="../barilla-pasta-emiliane-pappardelle-176-g250.html">
        <div style="background-image: url('../../cdn.spesati.com/images/products/000143176/barilla-emiliane-pappardelle-pasta-alluovo-250-g-01.png')">
            <div class="hover"></div>
            
            <div class="stickers"></div>
        </div>
    </a>
    <div>
        <h4><a href="../barilla-pasta-emiliane-pappardelle-176-g250.html"><b>Barilla Pasta Emiliane Pappardelle 176 G250</b></a></h4>
        <p class="description">Barilla Emiliane Pappardelle Pasta all'Uovo 250 g</p>
        <p class="right price"><b>1.85 €</b></p>
        <p class="right unitPrice">7.40 € per kg</p>
    </div>
    <div class="contButton">
    <a class="button bgRed white addToCart" href="#">Add</a>
</div>
</div><div class="left product prod101"
        data-name="Pasta Barilla Emi Taglier N173"
        data-price="1.85"
        data-id="27661"
        data-available="yes"
        data-category="434"
        data-bestselling="">
    <a href="../pasta-barilla-emi-taglier-n173.html">
        <div style="background-image: url('../../cdn.spesati.com/images/products/000143173/barilla-emiliane-taglierini-pasta-alluovo-250g-01.png')">
            <div class="hover"></div>
            
            <div class="stickers"></div>
        </div>
    </a>
    <div>
        <h4><a href="../pasta-barilla-emi-taglier-n173.html"><b>Pasta Barilla Emi Taglier N173</b></a></h4>
        <p class="description">Barilla Emiliane Taglierini Pasta all'Uovo 250g</p>
        <p class="right price"><b>1.85 €</b></p>
        <p class="right unitPrice">7.40 € per kg</p>
    </div>
    <div class="contButton">
    <a class="button bgRed white addToCart" href="#">Add</a>
</div>
</div><div class="left product prod102"
        data-name="Pasta Barilla Tagliatelle N229"
        data-price="4.80"
        data-id="27650"
        data-available="yes"
        data-category="434"
        data-bestselling="">
    <a href="../pasta-barilla-tagliatelle-n229.html">
        <div style="background-image: url('../../cdn.spesati.com/images/products/000140429/barilla-emiliane-tagliatelle-pasta-alluovo-500g-01.png')">
            <div class="hover"></div>
            
            <div class="stickers"></div>
        </div>
    </a>
    <div>
        <h4><a href="../pasta-barilla-tagliatelle-n229.html"><b>Pasta Barilla Tagliatelle N229</b></a></h4>
        <p class="description">Barilla Emiliane Tagliatelle Pasta all'Uovo 500g</p>
        <p class="right price"><b>4.80 €</b></p>
        <p class="right unitPrice">9.60 € per kg</p>
    </div>
    <div class="contButton">
    <a class="button bgRed white addToCart" href="#">Add</a>
</div>
</div><div class="left product prod103"
        data-name="Barilla Tortelloni Ricotta Spinaci"
        data-price="2.99"
        data-id="2541"
        data-available="yes"
        data-category="434"
        data-bestselling="3">
    <a href="../barilla-tortelloni-ricotta-spinaci.html">
        <div style="background-image: url('../../cdn.spesati.com/images/products/000140335/barilla-emiliane-tortelloni-pasta-alluovo-ripiena-con-ricotta-e-spinaci-250-g-01.png')">
            <div class="hover"></div>
            <p class="arrow bgRed white">Best Seller</p>
            <div class="stickers"></div>
        </div>
    </a>
    <div>
        <h4><a href="../barilla-tortelloni-ricotta-spinaci.html"><b>Barilla Tortelloni Ricotta Spinaci</b></a></h4>
        <p class="description">Barilla Emiliane Tortelloni Pasta all'Uovo ripiena con Ricotta e Spinaci 250 g</p>
        <p class="right price"><b>2.99 €</b></p>
        <p class="right unitPrice">11.96 € per kg</p>
    </div>
    <div class="contButton">
    <a class="button bgRed white addToCart" href="#">Add</a>
</div>
</div><div class="left product prod104"
        data-name="Pasta Barilla Mini Ruote Rigate 500Gr"
        data-price="1.45"
        data-id="6223"
        data-available="yes"
        data-category="434"
        data-bestselling="">
    <a href="../pasta-barilla-mini-ruote-rigate-500gr.html">
        <div style="background-image: url('../../cdn.spesati.com/images/products/000140331/barilla-pasta-piccolini-mini-ruote-100-grano-italiano-500-g-01.png')">
            <div class="hover"></div>
            
            <div class="stickers"></div>
        </div>
    </a>
    <div>
        <h4><a href="../pasta-barilla-mini-ruote-rigate-500gr.html"><b>Pasta Barilla Mini Ruote Rigate 500Gr</b></a></h4>
        <p class="description">Barilla Pasta Piccolini Mini Ruote 100% grano italiano 500 g</p>
        <p class="right price"><b>1.45 €</b></p>
        <p class="right unitPrice">2.90 € per kg</p>
    </div>
    <div class="contButton">
    <a class="button bgRed white addToCart" href="#">Add</a>
</div>
</div><div class="left product prod105"
        data-name="Barilla Tortelloni Crudo Di Parma"
        data-price="2.99"
        data-id="2543"
        data-available="yes"
        data-category="434"
        data-bestselling="5">
    <a href="../barilla-tortelloni-crudo-di-parma.html">
        <div style="background-image: url('../../cdn.spesati.com/images/products/000140319/barilla-emiliane-tortelloni-con-prosciutto-crudo-e-parmigiano-reggiano-250-g-01.png')">
            <div class="hover"></div>
            <p class="arrow bgRed white">Best Seller</p>
            <div class="stickers"></div>
        </div>
    </a>
    <div>
        <h4><a href="../barilla-tortelloni-crudo-di-parma.html"><b>Barilla Tortelloni Crudo Di Parma</b></a></h4>
        <p class="description">Barilla Emiliane Tortelloni con Prosciutto Crudo e Parmigiano Reggiano 250 g</p>
        <p class="right price"><b>2.99 €</b></p>
        <p class="right unitPrice">11.96 € per kg</p>
    </div>
    <div class="contButton">
    <a class="button bgRed white addToCart" href="#">Add</a>
</div>
</div><div class="left product prod106"
        data-name="Barilla Cappelletti Carne"
        data-price="2.99"
        data-id="2387"
        data-available="yes"
        data-category="434"
        data-bestselling="1">
    <a href="../barilla-cappelletti-carne.html">
        <div style="background-image: url('../../cdn.spesati.com/images/products/000140318/barilla-emiliane-cappelletti-pasta-alluovo-ripiena-con-carne-250g-01.png')">
            <div class="hover"></div>
            <p class="arrow bgRed white">Best Seller</p>
            <div class="stickers"></div>
        </div>
    </a>
    <div>
        <h4><a href="../barilla-cappelletti-carne.html"><b>Barilla Cappelletti Carne</b></a></h4>
        <p class="description">Barilla Emiliane Cappelletti Pasta all'Uovo ripiena con Carne 250g</p>
        <p class="right price"><b>2.99 €</b></p>
        <p class="right unitPrice">11.96 € per kg</p>
    </div>
    <div class="contButton">
    <a class="button bgRed white addToCart" href="#">Add</a>
</div>
</div><div class="left product prod107"
        data-name="Barilla Tortellini Prosciutto Crudo 250 gr"
        data-price="2.99"
        data-id="2542"
        data-available="yes"
        data-category="434"
        data-bestselling="3">
    <a href="../barilla-tortellini-prosciutto-crudo-250-gr.html">
        <div style="background-image: url('../../cdn.spesati.com/images/products/000140317/barilla-emiliane-tortellini-pasta-alluovo-250-g-01.png')">
            <div class="hover"></div>
            <p class="arrow bgRed white">Best Seller</p>
            <div class="stickers"></div>
        </div>
    </a>
    <div>
        <h4><a href="../barilla-tortellini-prosciutto-crudo-250-gr.html"><b>Barilla Tortellini Prosciutto Crudo 250 gr</b></a></h4>
        <p class="description">Barilla Emiliane Tortellini Pasta all'Uovo 250 g</p>
        <p class="right price"><b>2.99 €</b></p>
        <p class="right unitPrice">11.96 € per kg</p>
    </div>
    <div class="contButton">
    <a class="button bgRed white addToCart" href="#">Add</a>
</div>
</div><div class="left product prod108"
        data-name="Barilla Pasta Farfalle"
        data-price="1.15"
        data-id="2396"
        data-available="yes"
        data-category="434"
        data-bestselling="1">
    <a href="../barilla-pasta-farfalle.html">
        <div style="background-image: url('../../cdn.spesati.com/images/products/000140265/barilla-pasta-farfalle-n265-100-grano-italiano-500g-01.png')">
            <div class="hover"></div>
            <p class="arrow bgRed white">Best Seller</p>
            <div class="stickers"></div>
        </div>
    </a>
    <div>
        <h4><a href="../barilla-pasta-farfalle.html"><b>Barilla Pasta Farfalle</b></a></h4>
        <p class="description">Barilla Pasta Farfalle n.265 100% Grano Italiano 500g</p>
        <p class="right price"><b>1.15 €</b></p>
        <p class="right unitPrice">2.30 € per kg</p>
    </div>
    <div class="contButton">
    <a class="button bgRed white addToCart" href="#">Add</a>
</div>
</div><div class="left product prod109"
        data-name="Pasta Barilla Fettucine N230"
        data-price="3.50"
        data-id="27646"
        data-available="yes"
        data-category="434"
        data-bestselling="">
    <a href="../pasta-barilla-fettucine-n230.html">
        <div style="background-image: url('../../cdn.spesati.com/images/products/000140230/barilla-emiliane-fettuccine-pasta-alluovo-500-g-01.png')">
            <div class="hover"></div>
            
            <div class="stickers"></div>
        </div>
    </a>
    <div>
        <h4><a href="../pasta-barilla-fettucine-n230.html"><b>Pasta Barilla Fettucine N230</b></a></h4>
        <p class="description">Barilla Emiliane Fettuccine Pasta all'Uovo 500 g</p>
        <p class="right price"><b>3.50 €</b></p>
        <p class="right unitPrice">7.01 € per kg</p>
    </div>
    <div class="contButton">
    <a class="button bgRed white addToCart" href="#">Add</a>
</div>
</div><div class="left product prod110"
        data-name="Pasta Baril Regin Spec 217 500"
        data-price="1.79"
        data-id="27645"
        data-available="yes"
        data-category="434"
        data-bestselling="">
    <a href="../pasta-baril-regin-spec-217-500.html">
        <div style="background-image: url('../../cdn.spesati.com/images/products/000140217/barilla-pasta-specialita-reginette-napoletane-100-grano-italiano-500g-01.png')">
            <div class="hover"></div>
            
            <div class="stickers"></div>
        </div>
    </a>
    <div>
        <h4><a href="../pasta-baril-regin-spec-217-500.html"><b>Pasta Baril Regin Spec 217 500</b></a></h4>
        <p class="description">Barilla Pasta Specialità Reginette Napoletane 100% grano italiano 500g</p>
        <p class="right price"><b>1.79 €</b></p>
        <p class="right unitPrice">3.58 € per kg</p>
    </div>
    <div class="contButton">
    <a class="button bgRed white addToCart" href="#">Add</a>
</div>
</div><div class="left product prod111"
        data-name="Barilla pasta specialità tagliatelle 216 g500"
        data-price="2.52"
        data-id="5266"
        data-available="yes"
        data-category="434"
        data-bestselling="">
    <a href="../barilla-pasta-specialita-tagliatelle-216-g500.html">
        <div style="background-image: url('../../cdn.spesati.com/images/products/000140216/barilla-pasta-specialita-tagliatelle-100-grano-italiano-500-g-01.png')">
            <div class="hover"></div>
            
            <div class="stickers"></div>
        </div>
    </a>
    <div>
        <h4><a href="../barilla-pasta-specialita-tagliatelle-216-g500.html"><b>Barilla pasta specialità tagliatelle 216 g500</b></a></h4>
        <p class="description">Barilla Pasta Specialità Tagliatelle 100% grano italiano 500 g</p>
        <p class="right price"><b>2.52 €</b></p>
        <p class="right unitPrice">5.03 € per kg</p>
    </div>
    <div class="contButton">
    <a class="button bgRed white addToCart" href="#">Add</a>
</div>
</div><div class="left product prod112"
        data-name="Barilla Cous Cous 500 Gr"
        data-price="2.95"
        data-id="4364"
        data-available="yes"
        data-category="434"
        data-bestselling="">
    <a href="../barilla-cous-cous-500-gr.html">
        <div style="background-image: url('../../cdn.spesati.com/images/products/000140205/barilla-cous-cous-500-g-01.png')">
            <div class="hover"></div>
            
            <div class="stickers"></div>
        </div>
    </a>
    <div>
        <h4><a href="../barilla-cous-cous-500-gr.html"><b>Barilla Cous Cous 500 Gr</b></a></h4>
        <p class="description">Barilla Cous Cous 500 g</p>
        <p class="right price"><b>2.95 €</b></p>
        <p class="right unitPrice">5.90 € per kg</p>
    </div>
    <div class="contButton">
    <a class="button bgRed white addToCart" href="#">Add</a>
</div>
</div><div class="left product prod113"
        data-name="Barilla Pasta Specialità Trofie Gr 500"
        data-price="1.79"
        data-id="4372"
        data-available="yes"
        data-category="434"
        data-bestselling="">
    <a href="../barilla-pasta-specialita-trofie-gr-500.html">
        <div style="background-image: url('../../cdn.spesati.com/images/products/000140201/barilla-pasta-specialita-trofie-liguri-100-grano-italiano-500-g-01.png')">
            <div class="hover"></div>
            
            <div class="stickers"></div>
        </div>
    </a>
    <div>
        <h4><a href="../barilla-pasta-specialita-trofie-gr-500.html"><b>Barilla Pasta Specialità Trofie Gr 500</b></a></h4>
        <p class="description">Barilla Pasta Specialità Trofie Liguri 100% grano italiano 500 g</p>
        <p class="right price"><b>1.79 €</b></p>
        <p class="right unitPrice">3.58 € per kg</p>
    </div>
    <div class="contButton">
    <a class="button bgRed white addToCart" href="#">Add</a>
</div>
</div><div class="left product prod114"
        data-name="Barilla Pasta Gnocchi Sardi"
        data-price="1.15"
        data-id="2399"
        data-available="yes"
        data-category="434"
        data-bestselling="">
    <a href="../barilla-pasta-gnocchi-sardi.html">
        <div style="background-image: url('../../cdn.spesati.com/images/products/000140160/barilla-pasta-gnocchetti-sardi-n89-100-grano-italiano-500g-01.png')">
            <div class="hover"></div>
            
            <div class="stickers"></div>
        </div>
    </a>
    <div>
        <h4><a href="../barilla-pasta-gnocchi-sardi.html"><b>Barilla Pasta Gnocchi Sardi</b></a></h4>
        <p class="description">Barilla Pasta Gnocchetti Sardi n.89 100% Grano Italiano 500g</p>
        <p class="right price"><b>1.15 €</b></p>
        <p class="right unitPrice">2.30 € per kg</p>
    </div>
    <div class="contButton">
    <a class="button bgRed white addToCart" href="#">Add</a>
</div>
</div><div class="left product prod115"
        data-name="Barilla Pasta Fusilli"
        data-price="1.15"
        data-id="2398"
        data-available="yes"
        data-category="434"
        data-bestselling="5">
    <a href="../barilla-pasta-fusilli.html">
        <div style="background-image: url('../../cdn.spesati.com/images/products/000140098/barilla-pasta-fusilli-n98-100-grano-italiano-500g-01.png')">
            <div class="hover"></div>
            <p class="arrow bgRed white">Best Seller</p>
            <div class="stickers"></div>
        </div>
    </a>
    <div>
        <h4><a href="../barilla-pasta-fusilli.html"><b>Barilla Pasta Fusilli</b></a></h4>
        <p class="description">Barilla Pasta Fusilli n.98 100% Grano Italiano 500g</p>
        <p class="right price"><b>1.15 €</b></p>
        <p class="right unitPrice">2.30 € per kg</p>
    </div>
    <div class="contButton">
    <a class="button bgRed white addToCart" href="#">Add</a>
</div>
</div><div class="left product prod116"
        data-name="Conchiglie Rigate Barilla"
        data-price="1.15"
        data-id="2442"
        data-available="yes"
        data-category="434"
        data-bestselling="">
    <a href="../conchiglie-rigate-barilla.html">
        <div style="background-image: url('../../cdn.spesati.com/images/products/000140093/barilla-pasta-conchiglie-rigate-n93-100-grano-italiano-500g-01.png')">
            <div class="hover"></div>
            
            <div class="stickers"></div>
        </div>
    </a>
    <div>
        <h4><a href="../conchiglie-rigate-barilla.html"><b>Conchiglie Rigate Barilla</b></a></h4>
        <p class="description">Barilla Pasta Conchiglie Rigate n.93 100% Grano Italiano 500g</p>
        <p class="right price"><b>1.15 €</b></p>
        <p class="right unitPrice">2.30 € per kg</p>
    </div>
    <div class="contButton">
    <a class="button bgRed white addToCart" href="#">Add</a>
</div>
</div><div class="left product prod117"
        data-name="Pasta Baril Pipe Rigat N91 500"
        data-price="1.15"
        data-id="27635"
        data-available="yes"
        data-category="434"
        data-bestselling="">
    <a href="../pasta-baril-pipe-rigat-n91-500.html">
        <div style="background-image: url('../../cdn.spesati.com/images/products/000140091/barilla-pasta-pipe-rigate-n91-100-grano-italiano-500g-01.png')">
            <div class="hover"></div>
            
            <div class="stickers"></div>
        </div>
    </a>
    <div>
        <h4><a href="../pasta-baril-pipe-rigat-n91-500.html"><b>Pasta Baril Pipe Rigat N91 500</b></a></h4>
        <p class="description">Barilla Pasta Pipe Rigate n.91 100% Grano Italiano 500g</p>
        <p class="right price"><b>1.15 €</b></p>
        <p class="right unitPrice">2.30 € per kg</p>
    </div>
    <div class="contButton">
    <a class="button bgRed white addToCart" href="#">Add</a>
</div>
</div><div class="left product prod118"
        data-name="Barilla Pasta Rigatoni"
        data-price="1.15"
        data-id="2409"
        data-available="yes"
        data-category="434"
        data-bestselling="">
    <a href="../barilla-pasta-rigatoni.html">
        <div style="background-image: url('../../cdn.spesati.com/images/products/000140089/barilla-pasta-rigatoni-n89-100-grano-italiano-500g-01.png')">
            <div class="hover"></div>
            
            <div class="stickers"></div>
        </div>
    </a>
    <div>
        <h4><a href="../barilla-pasta-rigatoni.html"><b>Barilla Pasta Rigatoni</b></a></h4>
        <p class="description">Barilla Pasta Rigatoni n.89 100% Grano Italiano 500g</p>
        <p class="right price"><b>1.15 €</b></p>
        <p class="right unitPrice">2.30 € per kg</p>
    </div>
    <div class="contButton">
    <a class="button bgRed white addToCart" href="#">Add</a>
</div>
</div><div class="left product prod119"
        data-name="Barilla Pasta Pipette"
        data-price="1.15"
        data-id="2408"
        data-available="yes"
        data-category="434"
        data-bestselling="1">
    <a href="../barilla-pasta-pipette.html">
        <div style="background-image: url('../../cdn.spesati.com/images/products/000140086/barilla-pasta-pipette-rigate-n86-100-grano-italiano-500g-01.png')">
            <div class="hover"></div>
            <p class="arrow bgRed white">Best Seller</p>
            <div class="stickers"></div>
        </div>
    </a>
    <div>
        <h4><a href="../barilla-pasta-pipette.html"><b>Barilla Pasta Pipette</b></a></h4>
        <p class="description">Barilla Pasta Pipette Rigate n.86 100% Grano Italiano 500g</p>
        <p class="right price"><b>1.15 €</b></p>
        <p class="right unitPrice">2.30 € per kg</p>
    </div>
    <div class="contButton">
    <a class="button bgRed white addToCart" href="#">Add</a>
</div>
</div><div class="left product prod120"
        data-name="Barilla Pasta Gnocchi N85 500Gr"
        data-price="1.15"
        data-id="5639"
        data-available="yes"
        data-category="434"
        data-bestselling="">
    <a href="../barilla-pasta-gnocchi-n85-500gr.html">
        <div style="background-image: url('../../cdn.spesati.com/images/products/000140085/barilla-gnocchi-n85-500g-01.png')">
            <div class="hover"></div>
            
            <div class="stickers"></div>
        </div>
    </a>
    <div>
        <h4><a href="../barilla-pasta-gnocchi-n85-500gr.html"><b>Barilla Pasta Gnocchi N85 500Gr</b></a></h4>
        <p class="description">Barilla Gnocchi n.85 500g</p>
        <p class="right price"><b>1.15 €</b></p>
        <p class="right unitPrice">2.30 € per kg</p>
    </div>
    <div class="contButton">
    <a class="button bgRed white addToCart" href="#">Add</a>
</div>
</div><div class="left product prod121"
        data-name="Barilla Pasta N 84 Mezze Maniche"
        data-price="1.15"
        data-id="4129"
        data-available="yes"
        data-category="434"
        data-bestselling="">
    <a href="../barilla-pasta-n-84-mezze-maniche.html">
        <div style="background-image: url('../../cdn.spesati.com/images/products/000140084/barilla-pasta-mezze-maniche-rigate-n84-100-grano-italiano-500g-01.png')">
            <div class="hover"></div>
            
            <div class="stickers"></div>
        </div>
    </a>
    <div>
        <h4><a href="../barilla-pasta-n-84-mezze-maniche.html"><b>Barilla Pasta N 84 Mezze Maniche</b></a></h4>
        <p class="description">Barilla Pasta Mezze Maniche Rigate n.84 100% Grano Italiano 500g</p>
        <p class="right price"><b>1.15 €</b></p>
        <p class="right unitPrice">2.30 € per kg</p>
    </div>
    <div class="contButton">
    <a class="button bgRed white addToCart" href="#">Add</a>
</div>
</div><div class="left product prod122"
        data-name="Barilla Pasta Tortiglioni"
        data-price="1.15"
        data-id="2422"
        data-available="yes"
        data-category="434"
        data-bestselling="4">
    <a href="../barilla-pasta-tortiglioni.html">
        <div style="background-image: url('../../cdn.spesati.com/images/products/000140083/barilla-pasta-tortiglioni-n83-100-grano-italiano-500g-01.png')">
            <div class="hover"></div>
            <p class="arrow bgRed white">Best Seller</p>
            <div class="stickers"></div>
        </div>
    </a>
    <div>
        <h4><a href="../barilla-pasta-tortiglioni.html"><b>Barilla Pasta Tortiglioni</b></a></h4>
        <p class="description">Barilla Pasta Tortiglioni n.83 100% Grano Italiano 500g</p>
        <p class="right price"><b>1.15 €</b></p>
        <p class="right unitPrice">2.30 € per kg</p>
    </div>
    <div class="contButton">
    <a class="button bgRed white addToCart" href="#">Add</a>
</div>
</div><div class="left product prod123"
        data-name="Pasta Gragnano Fusilli 500gr"
        data-price="2.79"
        data-id="76574"
        data-available="yes"
        data-category="434"
        data-bestselling="">
    <a href="../pasta-gragnano-fusilli-500gr.html">
        <div style="background-image: url('../../cdn.spesati.com/images/products/000140077/premiato-pastificio-ferdinando-ii-fusilli-caserecci-pasta-di-gragnano-igp-500-g-01.png')">
            <div class="hover"></div>
            
            <div class="stickers"></div>
        </div>
    </a>
    <div>
        <h4><a href="../pasta-gragnano-fusilli-500gr.html"><b>Pasta Gragnano Fusilli 500gr</b></a></h4>
        <p class="description">Premiato Pastificio Ferdinando II Fusilli Caserecci Pasta di Gragnano I.G.P. 500 g</p>
        <p class="right price"><b>2.79 €</b></p>
        <p class="right unitPrice">5.58 € per kg</p>
    </div>
    <div class="contButton">
    <a class="button bgRed white addToCart" href="#">Add</a>
</div>
</div><div class="left product prod124"
        data-name="Pasta Gragnano Calamari 500gr"
        data-price="2.79"
        data-id="27634"
        data-available="yes"
        data-category="434"
        data-bestselling="">
    <a href="../pasta-gragnano-calamari-500gr.html">
        <div style="background-image: url('../../cdn.spesati.com/images/products/000140076/premiato-pastificio-ferdinando-ii-calamaretti-pasta-di-gragnano-igp-500-g-01.png')">
            <div class="hover"></div>
            
            <div class="stickers"></div>
        </div>
    </a>
    <div>
        <h4><a href="../pasta-gragnano-calamari-500gr.html"><b>Pasta Gragnano Calamari 500gr</b></a></h4>
        <p class="description">Premiato Pastificio Ferdinando II Calamaretti Pasta di Gragnano I.G.P. 500 g</p>
        <p class="right price"><b>2.79 €</b></p>
        <p class="right unitPrice">5.58 € per kg</p>
    </div>
    <div class="contButton">
    <a class="button bgRed white addToCart" href="#">Add</a>
</div>
</div><div class="left product prod125"
        data-name="Pasta Gragnano Paccheri 500gr"
        data-price="2.79"
        data-id="27633"
        data-available="yes"
        data-category="434"
        data-bestselling="">
    <a href="../pasta-gragnano-paccheri-500gr.html">
        <div style="background-image: url('../../cdn.spesati.com/images/products/000140075/premiato-pastificio-ferdinando-ii-paccheri-rigati-pasta-di-gragnano-igp-500-g-01.png')">
            <div class="hover"></div>
            
            <div class="stickers"></div>
        </div>
    </a>
    <div>
        <h4><a href="../pasta-gragnano-paccheri-500gr.html"><b>Pasta Gragnano Paccheri 500gr</b></a></h4>
        <p class="description">Premiato Pastificio Ferdinando II Paccheri Rigati Pasta di Gragnano I.G.P. 500 g</p>
        <p class="right price"><b>2.79 €</b></p>
        <p class="right unitPrice">5.58 € per kg</p>
    </div>
    <div class="contButton">
    <a class="button bgRed white addToCart" href="#">Add</a>
</div>
</div><div class="left product prod126"
        data-name="Pasta Gragnano Linguine 500gr"
        data-price="2.79"
        data-id="27632"
        data-available="yes"
        data-category="434"
        data-bestselling="">
    <a href="../pasta-gragnano-linguine-500gr.html">
        <div style="background-image: url('../../cdn.spesati.com/images/products/000140074/premiato-pastificio-ferdinando-ii-linguine-pasta-di-gragnano-igp-500-g-01.png')">
            <div class="hover"></div>
            
            <div class="stickers"></div>
        </div>
    </a>
    <div>
        <h4><a href="../pasta-gragnano-linguine-500gr.html"><b>Pasta Gragnano Linguine 500gr</b></a></h4>
        <p class="description">Premiato Pastificio Ferdinando II Linguine Pasta di Gragnano I.G.P. 500 g</p>
        <p class="right price"><b>2.79 €</b></p>
        <p class="right unitPrice">5.58 € per kg</p>
    </div>
    <div class="contButton">
    <a class="button bgRed white addToCart" href="#">Add</a>
</div>
</div><div class="left product prod127"
        data-name="Barilla Pasta Penne Rigate"
        data-price="1.15"
        data-id="2406"
        data-available="yes"
        data-category="434"
        data-bestselling="1">
    <a href="../barilla-pasta-penne-rigate.html">
        <div style="background-image: url('../../cdn.spesati.com/images/products/000140073/barilla-pasta-penne-rigate-n73-100-grano-italiano-500g-01.png')">
            <div class="hover"></div>
            <p class="arrow bgRed white">Best Seller</p>
            <div class="stickers"></div>
        </div>
    </a>
    <div>
        <h4><a href="../barilla-pasta-penne-rigate.html"><b>Barilla Pasta Penne Rigate</b></a></h4>
        <p class="description">Barilla Pasta Penne Rigate n.73 100% Grano Italiano 500g</p>
        <p class="right price"><b>1.15 €</b></p>
        <p class="right unitPrice">2.30 € per kg</p>
    </div>
    <div class="contButton">
    <a class="button bgRed white addToCart" href="#">Add</a>
</div>
</div><div class="left product prod128"
        data-name="Barilla Pennette Rigate"
        data-price="1.15"
        data-id="2426"
        data-available="yes"
        data-category="434"
        data-bestselling="3">
    <a href="../barilla-pennette-rigate.html">
        <div style="background-image: url('../../cdn.spesati.com/images/products/000140072/barilla-pasta-pennette-rigate-n72-100-grano-italiano-500g-01.png')">
            <div class="hover"></div>
            <p class="arrow bgRed white">Best Seller</p>
            <div class="stickers"></div>
        </div>
    </a>
    <div>
        <h4><a href="../barilla-pennette-rigate.html"><b>Barilla Pennette Rigate</b></a></h4>
        <p class="description">Barilla Pasta Pennette Rigate n.72 100% Grano Italiano 500g</p>
        <p class="right price"><b>1.15 €</b></p>
        <p class="right unitPrice">2.30 € per kg</p>
    </div>
    <div class="contButton">
    <a class="button bgRed white addToCart" href="#">Add</a>
</div>
</div><div class="left product prod129"
        data-name="Barilla Pasta Mezze Penne"
        data-price="1.15"
        data-id="2405"
        data-available="yes"
        data-category="434"
        data-bestselling="2">
    <a href="../barilla-pasta-mezze-penne.html">
        <div style="background-image: url('../../cdn.spesati.com/images/products/000140070/barilla-pasta-mezze-penne-rigate-n70-100-grano-italiano-500g-01.png')">
            <div class="hover"></div>
            <p class="arrow bgRed white">Best Seller</p>
            <div class="stickers"></div>
        </div>
    </a>
    <div>
        <h4><a href="../barilla-pasta-mezze-penne.html"><b>Barilla Pasta Mezze Penne</b></a></h4>
        <p class="description">Barilla Pasta Mezze Penne Rigate n.70 100% Grano Italiano 500g</p>
        <p class="right price"><b>1.15 €</b></p>
        <p class="right unitPrice">2.30 € per kg</p>
    </div>
    <div class="contButton">
    <a class="button bgRed white addToCart" href="#">Add</a>
</div>
</div><div class="left product prod130"
        data-name="Pasta Baril Mini Penne N66 500"
        data-price="1.45"
        data-id="27631"
        data-available="yes"
        data-category="434"
        data-bestselling="">
    <a href="../pasta-baril-mini-penne-n66-500.html">
        <div style="background-image: url('../../cdn.spesati.com/images/products/000140066/barilla-pasta-piccolini-mini-penne-rigate-100-grano-italiano-500-g-01.png')">
            <div class="hover"></div>
            
            <div class="stickers"></div>
        </div>
    </a>
    <div>
        <h4><a href="../pasta-baril-mini-penne-n66-500.html"><b>Pasta Baril Mini Penne N66 500</b></a></h4>
        <p class="description">Barilla Pasta Piccolini Mini Penne Rigate 100% grano italiano 500 g</p>
        <p class="right price"><b>1.45 €</b></p>
        <p class="right unitPrice">2.90 € per kg</p>
    </div>
    <div class="contButton">
    <a class="button bgRed white addToCart" href="#">Add</a>
</div>
</div><div class="left product prod131"
        data-name="Barilla pasta mini 500 n.64 farfalle"
        data-price="1.45"
        data-id="5214"
        data-available="yes"
        data-category="434"
        data-bestselling="">
    <a href="../barilla-pasta-mini-500-n64-farfalle.html">
        <div style="background-image: url('../../cdn.spesati.com/images/products/000140064/barilla-pasta-piccolini-mini-farfalle-100-grano-italiano-500-g-01.png')">
            <div class="hover"></div>
            
            <div class="stickers"></div>
        </div>
    </a>
    <div>
        <h4><a href="../barilla-pasta-mini-500-n64-farfalle.html"><b>Barilla pasta mini 500 n.64 farfalle</b></a></h4>
        <p class="description">Barilla Pasta Piccolini Mini Farfalle 100% grano italiano 500 g</p>
        <p class="right price"><b>1.45 €</b></p>
        <p class="right unitPrice">2.90 € per kg</p>
    </div>
    <div class="contButton">
    <a class="button bgRed white addToCart" href="#">Add</a>
</div>
</div><div class="left product prod132"
        data-name="Pasta Barilla Mini Tort N63 50"
        data-price="1.45"
        data-id="64197"
        data-available="yes"
        data-category="434"
        data-bestselling="2">
    <a href="../pasta-barilla-mini-tort-n63-50.html">
        <div style="background-image: url('../../cdn.spesati.com/images/products/000140063/barilla-pasta-piccolini-mini-tortiglioni-100-grano-italiano-500-g-01.png')">
            <div class="hover"></div>
            <p class="arrow bgRed white">Best Seller</p>
            <div class="stickers"></div>
        </div>
    </a>
    <div>
        <h4><a href="../pasta-barilla-mini-tort-n63-50.html"><b>Pasta Barilla Mini Tort N63 50</b></a></h4>
        <p class="description">Barilla Pasta Piccolini Mini Tortiglioni 100% grano italiano 500 g</p>
        <p class="right price"><b>1.45 €</b></p>
        <p class="right unitPrice">2.90 € per kg</p>
    </div>
    <div class="contButton">
    <a class="button bgRed white addToCart" href="#">Add</a>
</div>
</div><div class="left product prod133"
        data-name="Barilla Pasta Ditalini N47 500Gr"
        data-price="1.15"
        data-id="5643"
        data-available="yes"
        data-category="434"
        data-bestselling="2">
    <a href="../barilla-pasta-ditalini-n47-500gr.html">
        <div style="background-image: url('../../cdn.spesati.com/images/products/000140047/barilla-pasta-ditalini-rigati-n47-100-grano-italiano-500g-01.png')">
            <div class="hover"></div>
            <p class="arrow bgRed white">Best Seller</p>
            <div class="stickers"></div>
        </div>
    </a>
    <div>
        <h4><a href="../barilla-pasta-ditalini-n47-500gr.html"><b>Barilla Pasta Ditalini N47 500Gr</b></a></h4>
        <p class="description">Barilla Pasta Ditalini Rigati n.47 100% Grano Italiano 500g</p>
        <p class="right price"><b>1.15 €</b></p>
        <p class="right unitPrice">2.30 € per kg</p>
    </div>
    <div class="contButton">
    <a class="button bgRed white addToCart" href="#">Add</a>
</div>
</div><div class="left product prod134"
        data-name="pasta lumachine barilla"
        data-price="1.15"
        data-id="2477"
        data-available="yes"
        data-category="434"
        data-bestselling="">
    <a href="../pasta-lumachine-barilla.html">
        <div style="background-image: url('../../cdn.spesati.com/images/products/000140042/barilla-pasta-lumachine-n42-100-grano-italiano-500g-01.png')">
            <div class="hover"></div>
            
            <div class="stickers"></div>
        </div>
    </a>
    <div>
        <h4><a href="../pasta-lumachine-barilla.html"><b>pasta lumachine barilla</b></a></h4>
        <p class="description">Barilla Pasta Lumachine n.42 100% Grano Italiano 500g</p>
        <p class="right price"><b>1.15 €</b></p>
        <p class="right unitPrice">2.30 € per kg</p>
    </div>
    <div class="contButton">
    <a class="button bgRed white addToCart" href="#">Add</a>
</div>
</div><div class="left product prod135"
        data-name="Barilla Pasta Conchigliette"
        data-price="1.15"
        data-id="2393"
        data-available="yes"
        data-category="434"
        data-bestselling="">
    <a href="../barilla-pasta-conchigliette.html">
        <div style="background-image: url('../../cdn.spesati.com/images/products/000140039/barilla-pasta-conchigliette-n39-100-grano-italiano-500-g-01.png')">
            <div class="hover"></div>
            
            <div class="stickers"></div>
        </div>
    </a>
    <div>
        <h4><a href="../barilla-pasta-conchigliette.html"><b>Barilla Pasta Conchigliette</b></a></h4>
        <p class="description">Barilla Pasta Conchigliette n.39 100% grano italiano 500 g</p>
        <p class="right price"><b>1.15 €</b></p>
        <p class="right unitPrice">2.30 € per kg</p>
    </div>
    <div class="contButton">
    <a class="button bgRed white addToCart" href="#">Add</a>
</div>
</div><div class="left product prod136"
        data-name="Past Baril Trofie Lig S Or 1kg"
        data-price="3.98"
        data-id="27630"
        data-available="yes"
        data-category="434"
        data-bestselling="">
    <a href="../past-baril-trofie-lig-s-or-1kg.html">
        <div style="background-image: url('../../cdn.spesati.com/images/products/000140036/barilla-for-professionals-trofie-liguri-pasta-corta-food-service-selezione-oro-chef-1kg-01.png')">
            <div class="hover"></div>
            
            <div class="stickers"></div>
        </div>
    </a>
    <div>
        <h4><a href="../past-baril-trofie-lig-s-or-1kg.html"><b>Past Baril Trofie Lig S Or 1kg</b></a></h4>
        <p class="description">Barilla for Professionals Trofie Liguri Pasta Corta Food Service Selezione Oro Chef 1kg</p>
        <p class="right price"><b>3.98 €</b></p>
        <p class="right unitPrice">3.97 € per kg</p>
    </div>
    <div class="contButton">
    <a class="button bgRed white addToCart" href="#">Add</a>
</div>
</div><div class="left product prod137"
        data-name="Pasta Barilla Corallini N31 50"
        data-price="1.15"
        data-id="27629"
        data-available="yes"
        data-category="434"
        data-bestselling="">
    <a href="../pasta-barilla-corallini-n31-50.html">
        <div style="background-image: url('../../cdn.spesati.com/images/products/000140031/barilla-corallini-n-31-500g-01.png')">
            <div class="hover"></div>
            
            <div class="stickers"></div>
        </div>
    </a>
    <div>
        <h4><a href="../pasta-barilla-corallini-n31-50.html"><b>Pasta Barilla Corallini N31 50</b></a></h4>
        <p class="description">Barilla Corallini n. 31 500g</p>
        <p class="right price"><b>1.15 €</b></p>
        <p class="right unitPrice">2.30 € per kg</p>
    </div>
    <div class="contButton">
    <a class="button bgRed white addToCart" href="#">Add</a>
</div>
</div><div class="left product prod138"
        data-name="Barilla Pasta Stelline"
        data-price="1.15"
        data-id="2420"
        data-available="yes"
        data-category="434"
        data-bestselling="6">
    <a href="../barilla-pasta-stelline.html">
        <div style="background-image: url('../../cdn.spesati.com/images/products/000140027/barilla-pasta-stelline-n27-100-grano-italiano-500g-01.png')">
            <div class="hover"></div>
            <p class="arrow bgRed white">Best Seller</p>
            <div class="stickers"></div>
        </div>
    </a>
    <div>
        <h4><a href="../barilla-pasta-stelline.html"><b>Barilla Pasta Stelline</b></a></h4>
        <p class="description">Barilla Pasta Stelline n.27 100% Grano Italiano 500g</p>
        <p class="right price"><b>1.15 €</b></p>
        <p class="right unitPrice">2.30 € per kg</p>
    </div>
    <div class="contButton">
    <a class="button bgRed white addToCart" href="#">Add</a>
</div>
</div><div class="left product prod139"
        data-name="Barilla Pasta Risoni N26 500Gr"
        data-price="1.58"
        data-id="6128"
        data-available="yes"
        data-category="434"
        data-bestselling="2">
    <a href="../barilla-pasta-risoni-n26-500gr.html">
        <div style="background-image: url('../../cdn.spesati.com/images/products/000140026/barilla-pasta-risoni-n26-100-grano-italiano-500-g-01.png')">
            <div class="hover"></div>
            <p class="arrow bgRed white">Best Seller</p>
            <div class="stickers"></div>
        </div>
    </a>
    <div>
        <h4><a href="../barilla-pasta-risoni-n26-500gr.html"><b>Barilla Pasta Risoni N26 500Gr</b></a></h4>
        <p class="description">Barilla Pasta Risoni n.26 100% grano italiano 500 g</p>
        <p class="right price"><b>1.58 €</b></p>
        <p class="right unitPrice">1.58 € per kg</p>
    </div>
    <div class="contButton">
    <a class="button bgRed white addToCart" href="#">Add</a>
</div>
</div><div class="left product prod140"
        data-name="Barilla Pasta Midolline N24 500Gr"
        data-price="1.50"
        data-id="5642"
        data-available="yes"
        data-category="434"
        data-bestselling="3">
    <a href="../barilla-pasta-midolline-n24-500gr.html">
        <div style="background-image: url('../../cdn.spesati.com/images/products/000140024/barilla-pasta-midolline-n24-100-grano-italiano-500-g-01.png')">
            <div class="hover"></div>
            <p class="arrow bgRed white">Best Seller</p>
            <div class="stickers"></div>
        </div>
    </a>
    <div>
        <h4><a href="../barilla-pasta-midolline-n24-500gr.html"><b>Barilla Pasta Midolline N24 500Gr</b></a></h4>
        <p class="description">Barilla Pasta Midolline n.24 100% grano italiano 500 g</p>
        <p class="right price"><b>1.50 €</b></p>
        <p class="right unitPrice">3.00 € per kg</p>
    </div>
    <div class="contButton">
    <a class="button bgRed white addToCart" href="#">Add</a>
</div>
</div><div class="left product prod141"
        data-name="Barilla Pasta Puntine N23 500Gr"
        data-price="1.15"
        data-id="5641"
        data-available="yes"
        data-category="434"
        data-bestselling="1">
    <a href="../barilla-pasta-puntine-n23-500gr.html">
        <div style="background-image: url('../../cdn.spesati.com/images/products/000140023/barilla-pasta-puntine-n23-100-grano-italiano-500-g-01.png')">
            <div class="hover"></div>
            <p class="arrow bgRed white">Best Seller</p>
            <div class="stickers"></div>
        </div>
    </a>
    <div>
        <h4><a href="../barilla-pasta-puntine-n23-500gr.html"><b>Barilla Pasta Puntine N23 500Gr</b></a></h4>
        <p class="description">Barilla Pasta Puntine n.23 100% grano italiano 500 g</p>
        <p class="right price"><b>1.15 €</b></p>
        <p class="right unitPrice">2.30 € per kg</p>
    </div>
    <div class="contButton">
    <a class="button bgRed white addToCart" href="#">Add</a>
</div>
</div><div class="left product prod142"
        data-name="Barilla Pasta Tempestine"
        data-price="1.15"
        data-id="2421"
        data-available="yes"
        data-category="434"
        data-bestselling="2">
    <a href="../barilla-pasta-tempestine.html">
        <div style="background-image: url('../../cdn.spesati.com/images/products/000140021/barilla-pasta-tempestine-n21-100-grano-italiano-500g-01.png')">
            <div class="hover"></div>
            <p class="arrow bgRed white">Best Seller</p>
            <div class="stickers"></div>
        </div>
    </a>
    <div>
        <h4><a href="../barilla-pasta-tempestine.html"><b>Barilla Pasta Tempestine</b></a></h4>
        <p class="description">Barilla Pasta Tempestine n.21 100% Grano Italiano 500g</p>
        <p class="right price"><b>1.15 €</b></p>
        <p class="right unitPrice">2.30 € per kg</p>
    </div>
    <div class="contButton">
    <a class="button bgRed white addToCart" href="#">Add</a>
</div>
</div><div class="left product prod143"
        data-name="Pasta barilla mini pipe rigate 500g"
        data-price="1.45"
        data-id="5267"
        data-available="yes"
        data-category="434"
        data-bestselling="">
    <a href="../pasta-barilla-mini-pipe-rigate-500g.html">
        <div style="background-image: url('../../cdn.spesati.com/images/products/000140020/barilla-pasta-piccolini-mini-pipe-rigate-100-grano-italiano-500-g-01.png')">
            <div class="hover"></div>
            
            <div class="stickers"></div>
        </div>
    </a>
    <div>
        <h4><a href="../pasta-barilla-mini-pipe-rigate-500g.html"><b>Pasta barilla mini pipe rigate 500g</b></a></h4>
        <p class="description">Barilla Pasta Piccolini Mini Pipe Rigate 100% grano italiano 500 g</p>
        <p class="right price"><b>1.45 €</b></p>
        <p class="right unitPrice">2.90 € per kg</p>
    </div>
    <div class="contButton">
    <a class="button bgRed white addToCart" href="#">Add</a>
</div>
</div><div class="left product prod144"
        data-name="Barilla Pasta Fusilli Mini N18 500Gr"
        data-price="1.45"
        data-id="5638"
        data-available="yes"
        data-category="434"
        data-bestselling="1">
    <a href="../barilla-pasta-fusilli-mini-n18-500gr.html">
        <div style="background-image: url('../../cdn.spesati.com/images/products/000140018/barilla-pasta-piccolini-mini-fusilli-100-grano-italiano-500-g-01.png')">
            <div class="hover"></div>
            <p class="arrow bgRed white">Best Seller</p>
            <div class="stickers"></div>
        </div>
    </a>
    <div>
        <h4><a href="../barilla-pasta-fusilli-mini-n18-500gr.html"><b>Barilla Pasta Fusilli Mini N18 500Gr</b></a></h4>
        <p class="description">Barilla Pasta Piccolini Mini Fusilli 100% grano italiano 500 g</p>
        <p class="right price"><b>1.45 €</b></p>
        <p class="right unitPrice">2.90 € per kg</p>
    </div>
    <div class="contButton">
    <a class="button bgRed white addToCart" href="#">Add</a>
</div>
</div><div class="left product prod145"
        data-name="Barilla Pasta Bavette"
        data-price="1.15"
        data-id="2389"
        data-available="yes"
        data-category="434"
        data-bestselling="1">
    <a href="../barilla-pasta-bavette.html">
        <div style="background-image: url('../../cdn.spesati.com/images/products/000140013/barilla-pasta-linguine-n13-100-grano-italiano-500g-01.png')">
            <div class="hover"></div>
            <p class="arrow bgRed white">Best Seller</p>
            <div class="stickers"></div>
        </div>
    </a>
    <div>
        <h4><a href="../barilla-pasta-bavette.html"><b>Barilla Pasta Bavette</b></a></h4>
        <p class="description">Barilla Pasta Linguine n.13 100% Grano Italiano 500g</p>
        <p class="right price"><b>1.15 €</b></p>
        <p class="right unitPrice">2.30 € per kg</p>
    </div>
    <div class="contButton">
    <a class="button bgRed white addToCart" href="#">Add</a>
</div>
</div><div class="left product prod146"
        data-name="Barilla Pasta Bavettine N11 500Gr"
        data-price="1.15"
        data-id="5640"
        data-available="yes"
        data-category="434"
        data-bestselling="">
    <a href="../barilla-pasta-bavettine-n11-500gr.html">
        <div style="background-image: url('../../cdn.spesati.com/images/products/000140011/barilla-pasta-bavette-n11-100-grano-italiano-500g-01.png')">
            <div class="hover"></div>
            
            <div class="stickers"></div>
        </div>
    </a>
    <div>
        <h4><a href="../barilla-pasta-bavettine-n11-500gr.html"><b>Barilla Pasta Bavettine N11 500Gr</b></a></h4>
        <p class="description">Barilla Pasta Bavette n.11 100% Grano Italiano 500g</p>
        <p class="right price"><b>1.15 €</b></p>
        <p class="right unitPrice">2.30 € per kg</p>
    </div>
    <div class="contButton">
    <a class="button bgRed white addToCart" href="#">Add</a>
</div>
</div><div class="left product prod147"
        data-name="Barilla Pasta Bucatini"
        data-price="1.15"
        data-id="2390"
        data-available="yes"
        data-category="434"
        data-bestselling="1">
    <a href="../barilla-pasta-bucatini.html">
        <div style="background-image: url('../../cdn.spesati.com/images/products/000140009/barilla-pasta-bucatini-n9-100-grano-italiano-500g-01.png')">
            <div class="hover"></div>
            <p class="arrow bgRed white">Best Seller</p>
            <div class="stickers"></div>
        </div>
    </a>
    <div>
        <h4><a href="../barilla-pasta-bucatini.html"><b>Barilla Pasta Bucatini</b></a></h4>
        <p class="description">Barilla Pasta Bucatini n.9 100% Grano Italiano 500g</p>
        <p class="right price"><b>1.15 €</b></p>
        <p class="right unitPrice">2.30 € per kg</p>
    </div>
    <div class="contButton">
    <a class="button bgRed white addToCart" href="#">Add</a>
</div>
</div><div class="left product prod148"
        data-name="Pasta Barilla Lasagne Sott 500"
        data-price="3.19"
        data-id="27627"
        data-available="yes"
        data-category="434"
        data-bestselling="">
    <a href="../pasta-barilla-lasagne-sott-500.html">
        <div style="background-image: url('../../cdn.spesati.com/images/products/000140008/barilla-emiliane-le-sottili-lasagne-pasta-alluovo-500g-01.png')">
            <div class="hover"></div>
            <p class="arrow bgRed white">Offer</p>
            <div class="stickers"></div>
        </div>
    </a>
    <div>
        <h4><a href="../pasta-barilla-lasagne-sott-500.html"><b>Pasta Barilla Lasagne Sott 500</b></a></h4>
        <p class="description">Barilla Emiliane Le sottili Lasagne Pasta all'Uovo 500g</p>
        <p class="left offer red">3.69 €</p>
<p class="right price"><b>3.19 €</b></p>
        <p class="right unitPrice">6.38 € per kg</p>
    </div>
    <div class="contButton">
    <a class="button bgRed white addToCart" href="#">Add</a>
</div>
</div><div class="left product prod149"
        data-name="Barilla Pasta Spaghetti"
        data-price="1.15"
        data-id="2417"
        data-available="yes"
        data-category="434"
        data-bestselling="5">
    <a href="../barilla-pasta-spaghetti.html">
        <div style="background-image: url('../../cdn.spesati.com/images/products/000140005/barilla-pasta-spaghetti-n5-100-grano-italiano-500g-01.png')">
            <div class="hover"></div>
            <p class="arrow bgRed white">Best Seller</p>
            <div class="stickers"></div>
        </div>
    </a>
    <div>
        <h4><a href="../barilla-pasta-spaghetti.html"><b>Barilla Pasta Spaghetti</b></a></h4>
        <p class="description">Barilla Pasta Spaghetti n.5 100% Grano Italiano 500g</p>
        <p class="right price"><b>1.15 €</b></p>
        <p class="right unitPrice">2.30 € per kg</p>
    </div>
    <div class="contButton">
    <a class="button bgRed white addToCart" href="#">Add</a>
</div>
</div><div class="left product prod150"
        data-name="Barilla Pasta Spaghettini"
        data-price="1.15"
        data-id="2418"
        data-available="yes"
        data-category="434"
        data-bestselling="7">
    <a href="../barilla-pasta-spaghettini.html">
        <div style="background-image: url('../../cdn.spesati.com/images/products/000140003/barilla-pasta-spaghettini-n3-100-grano-italiano-500g-01.png')">
            <div class="hover"></div>
            <p class="arrow bgRed white">Best Seller</p>
            <div class="stickers"></div>
        </div>
    </a>
    <div>
        <h4><a href="../barilla-pasta-spaghettini.html"><b>Barilla Pasta Spaghettini</b></a></h4>
        <p class="description">Barilla Pasta Spaghettini n.3 100% Grano Italiano 500g</p>
        <p class="right price"><b>1.15 €</b></p>
        <p class="right unitPrice">2.30 € per kg</p>
    </div>
    <div class="contButton">
    <a class="button bgRed white addToCart" href="#">Add</a>
</div>
</div><div class="left product prod151"
        data-name="Pasta Barilla Capellini N1 500"
        data-price="1.15"
        data-id="27626"
        data-available="yes"
        data-category="434"
        data-bestselling="1">
    <a href="../pasta-barilla-capellini-n1-500.html">
        <div style="background-image: url('../../cdn.spesati.com/images/products/000140001/barilla-pasta-capellini-n1-100-grano-italiano-500g-01.png')">
            <div class="hover"></div>
            <p class="arrow bgRed white">Best Seller</p>
            <div class="stickers"></div>
        </div>
    </a>
    <div>
        <h4><a href="../pasta-barilla-capellini-n1-500.html"><b>Pasta Barilla Capellini N1 500</b></a></h4>
        <p class="description">Barilla Pasta Capellini n.1 100% Grano Italiano 500g</p>
        <p class="right price"><b>1.15 €</b></p>
        <p class="right unitPrice">2.30 € per kg</p>
    </div>
    <div class="contButton">
    <a class="button bgRed white addToCart" href="#">Add</a>
</div>
</div><div class="left product prod152"
        data-name="Pasta Garofalo Farfalle Kg3"
        data-price="9.53"
        data-id="86528"
        data-available="yes"
        data-category="434"
        data-bestselling="">
    <a href="../pasta-garofalo-farfalle-kg3.html">
        <div style="background-image: url('../../cdn.spesati.com/images/products/000126622/garofalo-ristorante-farfalle-pasta-di-semola-di-grano-duro-3-kg-01.png')">
            <div class="hover"></div>
            
            <div class="stickers"></div>
        </div>
    </a>
    <div>
        <h4><a href="../pasta-garofalo-farfalle-kg3.html"><b>Pasta Garofalo Farfalle Kg3</b></a></h4>
        <p class="description">Garofalo Ristorante Farfalle Pasta di Semola di Grano Duro 3 kg</p>
        <p class="right price"><b>9.53 €</b></p>
        <p class="right unitPrice">3.17 € per kg</p>
    </div>
    <div class="contButton">
    <a class="button bgRed white addToCart" href="#">Add</a>
</div>
</div><div class="left product prod153"
        data-name="Pasta Garofalo Elicoidali Kg3"
        data-price="9.53"
        data-id="86525"
        data-available="yes"
        data-category="434"
        data-bestselling="">
    <a href="../pasta-garofalo-elicoidali-kg3.html">
        <div style="background-image: url('../../cdn.spesati.com/images/products/000126621/garofalo-ristorante-elicoidale-pasta-di-gragnano-igp-3-kg-01.png')">
            <div class="hover"></div>
            
            <div class="stickers"></div>
        </div>
    </a>
    <div>
        <h4><a href="../pasta-garofalo-elicoidali-kg3.html"><b>Pasta Garofalo Elicoidali Kg3</b></a></h4>
        <p class="description">Garofalo Ristorante Elicoidale Pasta di Gragnano IGP 3 kg</p>
        <p class="right price"><b>9.53 €</b></p>
        <p class="right unitPrice">3.17 € per kg</p>
    </div>
    <div class="contButton">
    <a class="button bgRed white addToCart" href="#">Add</a>
</div>
</div><div class="left product prod154"
        data-name="Pasta Garofalo Caserecce Kg3"
        data-price="9.53"
        data-id="86522"
        data-available="yes"
        data-category="434"
        data-bestselling="">
    <a href="../pasta-garofalo-caserecce-kg3.html">
        <div style="background-image: url('../../cdn.spesati.com/images/products/000126620/garofalo-ristorante-casarecce-pasta-di-gragnano-igp-3-kg-01.png')">
            <div class="hover"></div>
            
            <div class="stickers"></div>
        </div>
    </a>
    <div>
        <h4><a href="../pasta-garofalo-caserecce-kg3.html"><b>Pasta Garofalo Caserecce Kg3</b></a></h4>
        <p class="description">Garofalo Ristorante Casarecce Pasta di Gragnano IGP 3 kg</p>
        <p class="right price"><b>9.53 €</b></p>
        <p class="right unitPrice">3.17 € per kg</p>
    </div>
    <div class="contButton">
    <a class="button bgRed white addToCart" href="#">Add</a>
</div>
</div><div class="left product prod155"
        data-name="Pasta Garofalo Penne Rigat Kg3"
        data-price="9.53"
        data-id="86519"
        data-available="yes"
        data-category="434"
        data-bestselling="">
    <a href="../pasta-garofalo-penne-rigat-kg3.html">
        <div style="background-image: url('../../cdn.spesati.com/images/products/000126619/garofalo-ristorante-penne-rigate-pasta-di-gragnano-igp-3-kg-01.png')">
            <div class="hover"></div>
            
            <div class="stickers"></div>
        </div>
    </a>
    <div>
        <h4><a href="../pasta-garofalo-penne-rigat-kg3.html"><b>Pasta Garofalo Penne Rigat Kg3</b></a></h4>
        <p class="description">Garofalo Ristorante Penne Rigate Pasta di Gragnano IGP 3 kg</p>
        <p class="right price"><b>9.53 €</b></p>
        <p class="right unitPrice">3.17 € per kg</p>
    </div>
    <div class="contButton">
    <a class="button bgRed white addToCart" href="#">Add</a>
</div>
</div><div class="left product prod156"
        data-name="Pas Rummo Spaghettoni 220 G500"
        data-price="1.09"
        data-id="61866"
        data-available="yes"
        data-category="434"
        data-bestselling="1">
    <a href="../pas-rummo-spaghettoni-220-g500.html">
        <div style="background-image: url('../../cdn.spesati.com/images/products/000125242/rummo-spaghettoni-grossi-n-220-500-g-01.png')">
            <div class="hover"></div>
            <p class="arrow bgRed white">Offer</p>
            <div class="stickers"></div>
        </div>
    </a>
    <div>
        <h4><a href="../pas-rummo-spaghettoni-220-g500.html"><b>Pas Rummo Spaghettoni 220 G500</b></a></h4>
        <p class="description">Rummo Spaghettoni Grossi N° 220 500 g</p>
        <p class="left offer red">1.59 €</p>
<p class="right price"><b>1.09 €</b></p>
        <p class="right unitPrice">2.18 € per kg</p>
    </div>
    <div class="contButton">
    <a class="button bgRed white addToCart" href="#">Add</a>
</div>
</div><div class="left product prod157"
        data-name="Pasta Rummo Gnocchett N63 500g"
        data-price="1.09"
        data-id="61959"
        data-available="yes"
        data-category="434"
        data-bestselling="2">
    <a href="../pasta-rummo-gnocchett-n63-500g.html">
        <div style="background-image: url('../../cdn.spesati.com/images/products/000119505/-01.png')">
            <div class="hover"></div>
            <p class="arrow bgRed white">Offer</p>
            <div class="stickers"></div>
        </div>
    </a>
    <div>
        <h4><a href="../pasta-rummo-gnocchett-n63-500g.html"><b>Pasta Rummo Gnocchett N63 500g</b></a></h4>
        <p class="description">Rummo Gnocchetti Sardi № 63 500 g</p>
        <p class="left offer red">1.59 €</p>
<p class="right price"><b>1.09 €</b></p>
        <p class="right unitPrice">2.18 € per kg</p>
    </div>
    <div class="contButton">
    <a class="button bgRed white addToCart" href="#">Add</a>
</div>
</div><div class="left product prod158"
        data-name="Tortellini Pagani Prosc 250gr"
        data-price="1.69"
        data-id="26874"
        data-available="yes"
        data-category="434"
        data-bestselling="">
    <a href="../tortellini-pagani-prosc-250gr.html">
        <div style="background-image: url('../../cdn.spesati.com/images/products/000119246/pagani-tortellini-con-prosciutto-crudo-250-g-01.png')">
            <div class="hover"></div>
            
            <div class="stickers"></div>
        </div>
    </a>
    <div>
        <h4><a href="../tortellini-pagani-prosc-250gr.html"><b>Tortellini Pagani Prosc 250gr</b></a></h4>
        <p class="description">Pagani Tortellini con prosciutto crudo 250 g</p>
        <p class="right price"><b>1.69 €</b></p>
        <p class="right unitPrice">6.75 € per kg</p>
    </div>
    <div class="contButton">
    <a class="button bgRed white addToCart" href="#">Add</a>
</div>
</div><div class="left product prod159"
        data-name="Divella Pasta Mezze Penne Rigate 42 500Gr"
        data-price="0.99"
        data-id="4432"
        data-available="yes"
        data-category="434"
        data-bestselling="2">
    <a href="../divella-pasta-mezze-penne-rigate-42-500gr.html">
        <div style="background-image: url('../../cdn.spesati.com/images/products/000118921/divella-mezze-penne-rigate-42-500-g-01.png')">
            <div class="hover"></div>
            <p class="arrow bgRed white">Best Seller</p>
            <div class="stickers"></div>
        </div>
    </a>
    <div>
        <h4><a href="../divella-pasta-mezze-penne-rigate-42-500gr.html"><b>Divella Pasta Mezze Penne Rigate 42 500Gr</b></a></h4>
        <p class="description">Divella Mezze Penne Rigate 42 500 g</p>
        <p class="right price"><b>0.99 €</b></p>
        <p class="right unitPrice">1.99 € per kg</p>
    </div>
    <div class="contButton">
    <a class="button bgRed white addToCart" href="#">Add</a>
</div>
</div><div class="left product prod160"
        data-name="Pasta Rummo Farfalle 85 500g"
        data-price="1.09"
        data-id="61860"
        data-available="yes"
        data-category="434"
        data-bestselling="5">
    <a href="../pasta-rummo-farfalle-85-500g.html">
        <div style="background-image: url('../../cdn.spesati.com/images/products/000113989/rummo-farfalle-n-85-500-g-01.png')">
            <div class="hover"></div>
            <p class="arrow bgRed white">Offer</p>
            <div class="stickers"></div>
        </div>
    </a>
    <div>
        <h4><a href="../pasta-rummo-farfalle-85-500g.html"><b>Pasta Rummo Farfalle 85 500g</b></a></h4>
        <p class="description">Rummo Farfalle n° 85 500 g</p>
        <p class="left offer red">1.59 €</p>
<p class="right price"><b>1.09 €</b></p>
        <p class="right unitPrice">2.18 € per kg</p>
    </div>
    <div class="contButton">
    <a class="button bgRed white addToCart" href="#">Add</a>
</div>
</div><div class="left product prod161"
        data-name="Pasta Rummo Pen Rigat 66 500g"
        data-price="1.09"
        data-id="61857"
        data-available="yes"
        data-category="434"
        data-bestselling="4">
    <a href="../pasta-rummo-pen-rigat-66-500g.html">
        <div style="background-image: url('../../cdn.spesati.com/images/products/000113988/rummo-penne-rigate-n-66-500-g-01.png')">
            <div class="hover"></div>
            <p class="arrow bgRed white">Offer</p>
            <div class="stickers"></div>
        </div>
    </a>
    <div>
        <h4><a href="../pasta-rummo-pen-rigat-66-500g.html"><b>Pasta Rummo Pen Rigat 66 500g</b></a></h4>
        <p class="description">Rummo Penne rigate n° 66 500 g</p>
        <p class="left offer red">1.59 €</p>
<p class="right price"><b>1.09 €</b></p>
        <p class="right unitPrice">2.18 € per kg</p>
    </div>
    <div class="contButton">
    <a class="button bgRed white addToCart" href="#">Add</a>
</div>
</div><div class="left product prod162"
        data-name="Pasta Rummo Mezz Rigat 51 500g"
        data-price="1.09"
        data-id="61854"
        data-available="yes"
        data-category="434"
        data-bestselling="6">
    <a href="../pasta-rummo-mezz-rigat-51-500g.html">
        <div style="background-image: url('../../cdn.spesati.com/images/products/000113987/rummo-mezzi-rigatoni-n-51-500-g-01.png')">
            <div class="hover"></div>
            <p class="arrow bgRed white">Offer</p>
            <div class="stickers"></div>
        </div>
    </a>
    <div>
        <h4><a href="../pasta-rummo-mezz-rigat-51-500g.html"><b>Pasta Rummo Mezz Rigat 51 500g</b></a></h4>
        <p class="description">Rummo Mezzi rigatoni N° 51 500 g</p>
        <p class="left offer red">1.59 €</p>
<p class="right price"><b>1.09 €</b></p>
        <p class="right unitPrice">2.18 € per kg</p>
    </div>
    <div class="contButton">
    <a class="button bgRed white addToCart" href="#">Add</a>
</div>
</div><div class="left product prod163"
        data-name="Pasta Rummo Rigatoni 50 500g"
        data-price="1.09"
        data-id="61851"
        data-available="yes"
        data-category="434"
        data-bestselling="2">
    <a href="../pasta-rummo-rigatoni-50-500g.html">
        <div style="background-image: url('../../cdn.spesati.com/images/products/000113986/rummo-rigatoni-n-50-500-g-01.png')">
            <div class="hover"></div>
            <p class="arrow bgRed white">Offer</p>
            <div class="stickers"></div>
        </div>
    </a>
    <div>
        <h4><a href="../pasta-rummo-rigatoni-50-500g.html"><b>Pasta Rummo Rigatoni 50 500g</b></a></h4>
        <p class="description">Rummo Rigatoni n° 50 500 g</p>
        <p class="left offer red">1.59 €</p>
<p class="right price"><b>1.09 €</b></p>
        <p class="right unitPrice">2.18 € per kg</p>
    </div>
    <div class="contButton">
    <a class="button bgRed white addToCart" href="#">Add</a>
</div>
</div><div class="left product prod164"
        data-name="Pasta Rummo Elicoidali 49 500g"
        data-price="1.09"
        data-id="61848"
        data-available="yes"
        data-category="434"
        data-bestselling="3">
    <a href="../pasta-rummo-elicoidali-49-500g.html">
        <div style="background-image: url('../../cdn.spesati.com/images/products/000113985/rummo-elicoidali-n-49-500-g-01.png')">
            <div class="hover"></div>
            <p class="arrow bgRed white">Offer</p>
            <div class="stickers"></div>
        </div>
    </a>
    <div>
        <h4><a href="../pasta-rummo-elicoidali-49-500g.html"><b>Pasta Rummo Elicoidali 49 500g</b></a></h4>
        <p class="description">Rummo Elicoidali N° 49 500 g</p>
        <p class="left offer red">1.59 €</p>
<p class="right price"><b>1.09 €</b></p>
        <p class="right unitPrice">2.18 € per kg</p>
    </div>
    <div class="contButton">
    <a class="button bgRed white addToCart" href="#">Add</a>
</div>
</div><div class="left product prod165"
        data-name="Pasta Rummo Fusilli 48 500gr"
        data-price="1.19"
        data-id="61845"
        data-available="yes"
        data-category="434"
        data-bestselling="3">
    <a href="../pasta-rummo-fusilli-48-500gr.html">
        <div style="background-image: url('../../cdn.spesati.com/images/products/000113984/rummo-fusilli-n-48-500-g-01.png')">
            <div class="hover"></div>
            <p class="arrow bgRed white">Offer</p>
            <div class="stickers"></div>
        </div>
    </a>
    <div>
        <h4><a href="../pasta-rummo-fusilli-48-500gr.html"><b>Pasta Rummo Fusilli 48 500gr</b></a></h4>
        <p class="description">Rummo Fusilli n° 48 500 g</p>
        <p class="left offer red">1.59 €</p>
<p class="right price"><b>1.19 €</b></p>
        <p class="right unitPrice">2.38 € per kg</p>
    </div>
    <div class="contButton">
    <a class="button bgRed white addToCart" href="#">Add</a>
</div>
</div><div class="left product prod166"
        data-name="Pasta Rummo Mezze Penne 28 500"
        data-price="1.09"
        data-id="61842"
        data-available="yes"
        data-category="434"
        data-bestselling="4">
    <a href="../pasta-rummo-mezze-penne-28-500.html">
        <div style="background-image: url('../../cdn.spesati.com/images/products/000113983/rummo-mezze-penne-rigate-n-28-500-g-01.png')">
            <div class="hover"></div>
            <p class="arrow bgRed white">Offer</p>
            <div class="stickers"></div>
        </div>
    </a>
    <div>
        <h4><a href="../pasta-rummo-mezze-penne-28-500.html"><b>Pasta Rummo Mezze Penne 28 500</b></a></h4>
        <p class="description">Rummo Mezze penne rigate n° 28 500 g</p>
        <p class="left offer red">1.59 €</p>
<p class="right price"><b>1.09 €</b></p>
        <p class="right unitPrice">2.18 € per kg</p>
    </div>
    <div class="contButton">
    <a class="button bgRed white addToCart" href="#">Add</a>
</div>
</div><div class="left product prod167"
        data-name="Pasta Rummo Linguine N13 500gr"
        data-price="1.59"
        data-id="64137"
        data-available="yes"
        data-category="434"
        data-bestselling="">
    <a href="../pasta-rummo-linguine-n13-500gr.html">
        <div style="background-image: url('../../cdn.spesati.com/images/products/000113982/rummo-linguine-n-13-500-g-01.png')">
            <div class="hover"></div>
            
            <div class="stickers"></div>
        </div>
    </a>
    <div>
        <h4><a href="../pasta-rummo-linguine-n13-500gr.html"><b>Pasta Rummo Linguine N13 500gr</b></a></h4>
        <p class="description">Rummo Linguine n° 13 500 g</p>
        <p class="right price"><b>1.59 €</b></p>
        <p class="right unitPrice">3.18 € per kg</p>
    </div>
    <div class="contButton">
    <a class="button bgRed white addToCart" href="#">Add</a>
</div>
</div><div class="left product prod168"
        data-name="Pasta Rummo Spaghetti 5 500gr"
        data-price="1.09"
        data-id="61839"
        data-available="yes"
        data-category="434"
        data-bestselling="10">
    <a href="../pasta-rummo-spaghetti-5-500gr.html">
        <div style="background-image: url('../../cdn.spesati.com/images/products/000113981/rummo-spaghetti-grossi-n5-500-g-01.png')">
            <div class="hover"></div>
            <p class="arrow bgRed white">Offer</p>
            <div class="stickers"></div>
        </div>
    </a>
    <div>
        <h4><a href="../pasta-rummo-spaghetti-5-500gr.html"><b>Pasta Rummo Spaghetti 5 500gr</b></a></h4>
        <p class="description">Rummo Spaghetti Grossi N°5 500 g</p>
        <p class="left offer red">1.59 €</p>
<p class="right price"><b>1.09 €</b></p>
        <p class="right unitPrice">2.18 € per kg</p>
    </div>
    <div class="contButton">
    <a class="button bgRed white addToCart" href="#">Add</a>
</div>
</div><div class="left product prod169"
        data-name="Pasta Schar Capel D'an S-g 250"
        data-price="2.05"
        data-id="25900"
        data-available="yes"
        data-category="434"
        data-bestselling="">
    <a href="../pasta-schar-capel-dan-s-g-250.html">
        <div style="background-image: url('../../cdn.spesati.com/images/products/000112181/schaer-capelli-dangelo-250-g-01.png')">
            <div class="hover"></div>
            
            <div class="stickers"><img class="left" src="../../cdn.spesati.com/images/layout/gluten-free.png" /></div>
        </div>
    </a>
    <div>
        <h4><a href="../pasta-schar-capel-dan-s-g-250.html"><b>Pasta Schar Capel D'an S-g 250</b></a></h4>
        <p class="description">Schär Capelli d'Angelo 250 g</p>
        <p class="right price"><b>2.05 €</b></p>
        <p class="right unitPrice">8.20 € per kg</p>
    </div>
    <div class="contButton">
    <a class="button bgRed white addToCart" href="#">Add</a>
</div>
</div><div class="left product prod170"
        data-name="Ds Lasagne Senza Glutine"
        data-price="4.15"
        data-id="2452"
        data-available="yes"
        data-category="434"
        data-bestselling="">
    <a href="../ds-lasagne-senza-glutine.html">
        <div style="background-image: url('../../cdn.spesati.com/images/products/000111486/schaer-lasagne-alluovo-250-g-01.png')">
            <div class="hover"></div>
            
            <div class="stickers"><img class="left" src="../../cdn.spesati.com/images/layout/gluten-free.png" /></div>
        </div>
    </a>
    <div>
        <h4><a href="../ds-lasagne-senza-glutine.html"><b>Ds Lasagne Senza Glutine</b></a></h4>
        <p class="description">Schär Lasagne all'Uovo 250 g</p>
        <p class="right price"><b>4.15 €</b></p>
        <p class="right unitPrice">16.60 € per kg</p>
    </div>
    <div class="contButton">
    <a class="button bgRed white addToCart" href="#">Add</a>
</div>
</div><div class="left product prod171"
        data-name="Fregola Media Casa D Gran Int"
        data-price="2.89"
        data-id="73867"
        data-available="yes"
        data-category="434"
        data-bestselling="">
    <a href="../fregola-media-casa-d-gran-int.html">
        <div style="background-image: url('../../cdn.spesati.com/images/products/000101326/la-casa-del-grano-le-integrali-della-casa-sa-fregula-sarda-media-500-g-01.png')">
            <div class="hover"></div>
            
            <div class="stickers"><img class="left" src="../../cdn.spesati.com/images/layout/whole-grain.png" /><img class="left" src="../../cdn.spesati.com/images/layout/sardinian.png" /></div>
        </div>
    </a>
    <div>
        <h4><a href="../fregola-media-casa-d-gran-int.html"><b>Fregola Media Casa D Gran Int</b></a></h4>
        <p class="description">La Casa del Grano Le Integrali della Casa Sa Fregula Sarda Media 500 g</p>
        <p class="right price"><b>2.89 €</b></p>
        <p class="right unitPrice">5.78 € per kg</p>
    </div>
    <div class="contButton">
    <a class="button bgRed white addToCart" href="#">Add</a>
</div>
</div><div class="left product prod172"
        data-name="Casa Grano Malloreddus 4 Sapori 500Gr"
        data-price="2.99"
        data-id="6047"
        data-available="yes"
        data-category="434"
        data-bestselling="1">
    <a href="../casa-grano-malloreddus-4-sapori-500gr.html">
        <div style="background-image: url('../../cdn.spesati.com/images/products/000101276/la-casa-del-grano-le-specialita-is-malloreddus-4-sapori-fini-500-g-01.png')">
            <div class="hover"></div>
            <p class="arrow bgRed white">Best Seller</p>
            <div class="stickers"><img class="left" src="../../cdn.spesati.com/images/layout/sardinian.png" /></div>
        </div>
    </a>
    <div>
        <h4><a href="../casa-grano-malloreddus-4-sapori-500gr.html"><b>Casa Grano Malloreddus 4 Sapori 500Gr</b></a></h4>
        <p class="description">La Casa del Grano Le Specialità Is Malloreddus 4 Sapori Fini 500 g</p>
        <p class="right price"><b>2.99 €</b></p>
        <p class="right unitPrice">5.98 € per kg</p>
    </div>
    <div class="contButton">
    <a class="button bgRed white addToCart" href="#">Add</a>
</div>
</div><div class="left product prod173"
        data-name="Casa Grano Malloreddus Fini"
        data-price="2.49"
        data-id="2441"
        data-available="yes"
        data-category="434"
        data-bestselling="">
    <a href="../casa-grano-malloreddus-fini.html">
        <div style="background-image: url('../../cdn.spesati.com/images/products/000101274/la-casa-del-grano-le-tradizionali-is-malloreddus-fini-500-g-01.png')">
            <div class="hover"></div>
            
            <div class="stickers"><img class="left" src="../../cdn.spesati.com/images/layout/sardinian.png" /></div>
        </div>
    </a>
    <div>
        <h4><a href="../casa-grano-malloreddus-fini.html"><b>Casa Grano Malloreddus Fini</b></a></h4>
        <p class="description">La Casa del Grano Le Tradizionali Is Malloreddus Fini 500 g</p>
        <p class="right price"><b>2.49 €</b></p>
        <p class="right unitPrice">4.98 € per kg</p>
    </div>
    <div class="contButton">
    <a class="button bgRed white addToCart" href="#">Add</a>
</div>
</div><div class="left product prod174"
        data-name="Casa Grano Malloreddus Medi"
        data-price="2.49"
        data-id="4128"
        data-available="yes"
        data-category="434"
        data-bestselling="1">
    <a href="../casa-grano-malloreddus-medi.html">
        <div style="background-image: url('../../cdn.spesati.com/images/products/000101273/la-casa-del-grano-le-tradizionali-is-malloreddus-medi-500-g-01.png')">
            <div class="hover"></div>
            <p class="arrow bgRed white">Best Seller</p>
            <div class="stickers"><img class="left" src="../../cdn.spesati.com/images/layout/sardinian.png" /></div>
        </div>
    </a>
    <div>
        <h4><a href="../casa-grano-malloreddus-medi.html"><b>Casa Grano Malloreddus Medi</b></a></h4>
        <p class="description">La Casa del Grano Le Tradizionali Is Malloreddus Medi 500 g</p>
        <p class="right price"><b>2.49 €</b></p>
        <p class="right unitPrice">4.98 € per kg</p>
    </div>
    <div class="contButton">
    <a class="button bgRed white addToCart" href="#">Add</a>
</div>
</div><div class="left product prod175"
        data-name="Mallored Zaff Medi La Casa Del"
        data-price="3.45"
        data-id="24378"
        data-available="yes"
        data-category="434"
        data-bestselling="1">
    <a href="../mallored-zaff-medi-la-casa-del.html">
        <div style="background-image: url('../../cdn.spesati.com/images/products/000101272/la-casa-del-grano-le-specialita-is-malloreddus-medi-500-g-01.png')">
            <div class="hover"></div>
            <p class="arrow bgRed white">Best Seller</p>
            <div class="stickers"><img class="left" src="../../cdn.spesati.com/images/layout/sardinian.png" /></div>
        </div>
    </a>
    <div>
        <h4><a href="../mallored-zaff-medi-la-casa-del.html"><b>Mallored Zaff Medi La Casa Del</b></a></h4>
        <p class="description">La Casa del Grano Le Specialità Is Malloreddus Medi 500 g</p>
        <p class="right price"><b>3.45 €</b></p>
        <p class="right unitPrice">6.90 € per kg</p>
    </div>
    <div class="contButton">
    <a class="button bgRed white addToCart" href="#">Add</a>
</div>
</div><div class="left product prod176"
        data-name="Casa Grano Maccarrones De Busa"
        data-price="2.35"
        data-id="2440"
        data-available="yes"
        data-category="434"
        data-bestselling="1">
    <a href="../casa-grano-maccarrones-de-busa.html">
        <div style="background-image: url('../../cdn.spesati.com/images/products/000101250/la-casa-del-grano-le-tradizionali-is-maccarronis-de-busa-500-g-01.png')">
            <div class="hover"></div>
            <p class="arrow bgRed white">Best Seller</p>
            <div class="stickers"><img class="left" src="../../cdn.spesati.com/images/layout/sardinian.png" /></div>
        </div>
    </a>
    <div>
        <h4><a href="../casa-grano-maccarrones-de-busa.html"><b>Casa Grano Maccarrones De Busa</b></a></h4>
        <p class="description">La Casa del Grano Le Tradizionali Is Maccarronis de Busa 500 g</p>
        <p class="right price"><b>2.35 €</b></p>
        <p class="right unitPrice">4.70 € per kg</p>
    </div>
    <div class="contButton">
    <a class="button bgRed white addToCart" href="#">Add</a>
</div>
</div><div class="left product prod177"
        data-name="Fregola Grande Casa Del Grano 500Gr"
        data-price="2.69"
        data-id="6447"
        data-available="yes"
        data-category="434"
        data-bestselling="">
    <a href="../fregola-grande-casa-del-grano-500gr.html">
        <div style="background-image: url('../../cdn.spesati.com/images/products/000101244/la-casa-del-grano-le-tradizionali-sa-fregula-sarda-grande-500-g-01.png')">
            <div class="hover"></div>
            
            <div class="stickers"><img class="left" src="../../cdn.spesati.com/images/layout/sardinian.png" /></div>
        </div>
    </a>
    <div>
        <h4><a href="../fregola-grande-casa-del-grano-500gr.html"><b>Fregola Grande Casa Del Grano 500Gr</b></a></h4>
        <p class="description">La Casa del Grano Le Tradizionali Sa Fregula Sarda Grande 500 g</p>
        <p class="right price"><b>2.69 €</b></p>
        <p class="right unitPrice">5.38 € per kg</p>
    </div>
    <div class="contButton">
    <a class="button bgRed white addToCart" href="#">Add</a>
</div>
</div><div class="left product prod178"
        data-name="Fregola Piccola Casa Del Grano 500Gr"
        data-price="2.69"
        data-id="6445"
        data-available="yes"
        data-category="434"
        data-bestselling="">
    <a href="../fregola-piccola-casa-del-grano-500gr.html">
        <div style="background-image: url('../../cdn.spesati.com/images/products/000101242/la-casa-del-grano-le-tradizionali-sa-fregula-sarda-piccola-500-g-01.png')">
            <div class="hover"></div>
            
            <div class="stickers"><img class="left" src="../../cdn.spesati.com/images/layout/sardinian.png" /></div>
        </div>
    </a>
    <div>
        <h4><a href="../fregola-piccola-casa-del-grano-500gr.html"><b>Fregola Piccola Casa Del Grano 500Gr</b></a></h4>
        <p class="description">La Casa del Grano Le Tradizionali Sa Fregula Sarda Piccola 500 g</p>
        <p class="right price"><b>2.69 €</b></p>
        <p class="right unitPrice">5.38 € per kg</p>
    </div>
    <div class="contButton">
    <a class="button bgRed white addToCart" href="#">Add</a>
</div>
</div><div class="left product prod179"
        data-name="Fregola Media Casa Del Grano 500Gr"
        data-price="2.69"
        data-id="6446"
        data-available="yes"
        data-category="434"
        data-bestselling="">
    <a href="../fregola-media-casa-del-grano-500gr.html">
        <div style="background-image: url('../../cdn.spesati.com/images/products/000101240/la-casa-del-grano-le-tradizionali-sa-fregula-sarda-media-500-g-01.png')">
            <div class="hover"></div>
            
            <div class="stickers"><img class="left" src="../../cdn.spesati.com/images/layout/sardinian.png" /></div>
        </div>
    </a>
    <div>
        <h4><a href="../fregola-media-casa-del-grano-500gr.html"><b>Fregola Media Casa Del Grano 500Gr</b></a></h4>
        <p class="description">La Casa del Grano Le Tradizionali Sa Fregula Sarda Media 500 g</p>
        <p class="right price"><b>2.69 €</b></p>
        <p class="right unitPrice">5.38 € per kg</p>
    </div>
    <div class="contButton">
    <a class="button bgRed white addToCart" href="#">Add</a>
</div>
</div><div class="left product prod180"
        data-name="Fregola Corona C/alga Spir 500"
        data-price="6.55"
        data-id="85553"
        data-available="yes"
        data-category="434"
        data-bestselling="">
    <a href="../fregola-corona-calga-spir-500.html">
        <div style="background-image: url('../../cdn.spesati.com/images/products/missing-image/missing-image.jpg')">
            <div class="hover"></div>
            
            <div class="stickers"><img class="left" src="../../cdn.spesati.com/images/layout/sardinian.png" /></div>
        </div>
    </a>
    <div>
        <h4><a href="../fregola-corona-calga-spir-500.html"><b>Fregola Corona C/alga Spir 500</b></a></h4>
        <p class="description">0.5 Kg</p>
        <p class="right price"><b>6.55 €</b></p>
        <p class="right unitPrice">13.10 € per kg</p>
    </div>
    <div class="contButton">
    <a class="button bgRed white addToCart" href="#">Add</a>
</div>
</div><div class="left product prod181"
        data-name="Fregola Fine Cagliaritan 500gr"
        data-price="2.52"
        data-id="27796"
        data-available="yes"
        data-category="434"
        data-bestselling="">
    <a href="../fregola-fine-cagliaritan-500gr.html">
        <div style="background-image: url('../../cdn.spesati.com/images/products/missing-image/missing-image.jpg')">
            <div class="hover"></div>
            
            <div class="stickers"><img class="left" src="../../cdn.spesati.com/images/layout/sardinian.png" /></div>
        </div>
    </a>
    <div>
        <h4><a href="../fregola-fine-cagliaritan-500gr.html"><b>Fregola Fine Cagliaritan 500gr</b></a></h4>
        <p class="description">0.5 Kg</p>
        <p class="right price"><b>2.52 €</b></p>
        <p class="right unitPrice">5.03 € per kg</p>
    </div>
    <div class="contButton">
    <a class="button bgRed white addToCart" href="#">Add</a>
</div>
</div><div class="left product prod182"
        data-name="Fregola Gros Cagliaritan 500gr"
        data-price="2.52"
        data-id="27797"
        data-available="yes"
        data-category="434"
        data-bestselling="">
    <a href="../fregola-gros-cagliaritan-500gr.html">
        <div style="background-image: url('../../cdn.spesati.com/images/products/missing-image/missing-image.jpg')">
            <div class="hover"></div>
            
            <div class="stickers"><img class="left" src="../../cdn.spesati.com/images/layout/sardinian.png" /></div>
        </div>
    </a>
    <div>
        <h4><a href="../fregola-gros-cagliaritan-500gr.html"><b>Fregola Gros Cagliaritan 500gr</b></a></h4>
        <p class="description">0.5 Kg</p>
        <p class="right price"><b>2.52 €</b></p>
        <p class="right unitPrice">5.03 € per kg</p>
    </div>
    <div class="contButton">
    <a class="button bgRed white addToCart" href="#">Add</a>
</div>
</div><div class="left product prod183"
        data-name="Fregola Medi Cagliaritan 500gr"
        data-price="2.52"
        data-id="27798"
        data-available="yes"
        data-category="434"
        data-bestselling="">
    <a href="../fregola-medi-cagliaritan-500gr.html">
        <div style="background-image: url('../../cdn.spesati.com/images/products/missing-image/missing-image.jpg')">
            <div class="hover"></div>
            
            <div class="stickers"><img class="left" src="../../cdn.spesati.com/images/layout/sardinian.png" /></div>
        </div>
    </a>
    <div>
        <h4><a href="../fregola-medi-cagliaritan-500gr.html"><b>Fregola Medi Cagliaritan 500gr</b></a></h4>
        <p class="description">0.5 Kg</p>
        <p class="right price"><b>2.52 €</b></p>
        <p class="right unitPrice">5.03 € per kg</p>
    </div>
    <div class="contButton">
    <a class="button bgRed white addToCart" href="#">Add</a>
</div>
</div><div class="left product prod184"
        data-name="Mallored Tradiz Cagliari 500gr"
        data-price="2.21"
        data-id="27799"
        data-available="yes"
        data-category="434"
        data-bestselling="">
    <a href="../mallored-tradiz-cagliari-500gr.html">
        <div style="background-image: url('../../cdn.spesati.com/images/products/missing-image/missing-image.jpg')">
            <div class="hover"></div>
            
            <div class="stickers"><img class="left" src="../../cdn.spesati.com/images/layout/sardinian.png" /></div>
        </div>
    </a>
    <div>
        <h4><a href="../mallored-tradiz-cagliari-500gr.html"><b>Mallored Tradiz Cagliari 500gr</b></a></h4>
        <p class="description">0.5 Kg</p>
        <p class="right price"><b>2.21 €</b></p>
        <p class="right unitPrice">4.42 € per kg</p>
    </div>
    <div class="contButton">
    <a class="button bgRed white addToCart" href="#">Add</a>
</div>
</div><div class="left product prod185"
        data-name="Mallored Primav Cagliari 500gr"
        data-price="2.59"
        data-id="27800"
        data-available="yes"
        data-category="434"
        data-bestselling="">
    <a href="../mallored-primav-cagliari-500gr.html">
        <div style="background-image: url('../../cdn.spesati.com/images/products/missing-image/missing-image.jpg')">
            <div class="hover"></div>
            
            <div class="stickers"><img class="left" src="../../cdn.spesati.com/images/layout/sardinian.png" /></div>
        </div>
    </a>
    <div>
        <h4><a href="../mallored-primav-cagliari-500gr.html"><b>Mallored Primav Cagliari 500gr</b></a></h4>
        <p class="description">0.5 Kg</p>
        <p class="right price"><b>2.59 €</b></p>
        <p class="right unitPrice">5.19 € per kg</p>
    </div>
    <div class="contButton">
    <a class="button bgRed white addToCart" href="#">Add</a>
</div>
</div><div class="left product prod186"
        data-name="Pasta Linea 12 Fusilli 5kg"
        data-price="9.78"
        data-id="27819"
        data-available="yes"
        data-category="434"
        data-bestselling="">
    <a href="../pasta-linea-12-fusilli-5kg.html">
        <div style="background-image: url('../../cdn.spesati.com/images/products/missing-image/missing-image.jpg')">
            <div class="hover"></div>
            
            <div class="stickers"></div>
        </div>
    </a>
    <div>
        <h4><a href="../pasta-linea-12-fusilli-5kg.html"><b>Pasta Linea 12 Fusilli 5kg</b></a></h4>
        <p class="description">5 Kg</p>
        <p class="right price"><b>9.78 €</b></p>
        <p class="right unitPrice">1.96 € per kg</p>
    </div>
    <div class="contButton">
    <a class="button bgRed white addToCart" href="#">Add</a>
</div>
</div><div class="left product prod187"
        data-name="Pasta Linea 12 Tortiglioni 5kg"
        data-price="9.78"
        data-id="27820"
        data-available="yes"
        data-category="434"
        data-bestselling="">
    <a href="../pasta-linea-12-tortiglioni-5kg.html">
        <div style="background-image: url('../../cdn.spesati.com/images/products/missing-image/missing-image.jpg')">
            <div class="hover"></div>
            
            <div class="stickers"></div>
        </div>
    </a>
    <div>
        <h4><a href="../pasta-linea-12-tortiglioni-5kg.html"><b>Pasta Linea 12 Tortiglioni 5kg</b></a></h4>
        <p class="description">5 Kg</p>
        <p class="right price"><b>9.78 €</b></p>
        <p class="right unitPrice">1.96 € per kg</p>
    </div>
    <div class="contButton">
    <a class="button bgRed white addToCart" href="#">Add</a>
</div>
</div><div class="left product prod188"
        data-name="Pasta Linea 12 Mezze Penne 5kg"
        data-price="9.78"
        data-id="27821"
        data-available="yes"
        data-category="434"
        data-bestselling="">
    <a href="../pasta-linea-12-mezze-penne-5kg.html">
        <div style="background-image: url('../../cdn.spesati.com/images/products/missing-image/missing-image.jpg')">
            <div class="hover"></div>
            
            <div class="stickers"></div>
        </div>
    </a>
    <div>
        <h4><a href="../pasta-linea-12-mezze-penne-5kg.html"><b>Pasta Linea 12 Mezze Penne 5kg</b></a></h4>
        <p class="description">5 Kg</p>
        <p class="right price"><b>9.78 €</b></p>
        <p class="right unitPrice">1.96 € per kg</p>
    </div>
    <div class="contButton">
    <a class="button bgRed white addToCart" href="#">Add</a>
</div>
</div><div class="left product prod189"
        data-name="Pasta Linea 12 Gnocchet Sar 5k"
        data-price="9.78"
        data-id="27822"
        data-available="yes"
        data-category="434"
        data-bestselling="">
    <a href="../pasta-linea-12-gnocchet-sar-5k.html">
        <div style="background-image: url('../../cdn.spesati.com/images/products/missing-image/missing-image.jpg')">
            <div class="hover"></div>
            
            <div class="stickers"></div>
        </div>
    </a>
    <div>
        <h4><a href="../pasta-linea-12-gnocchet-sar-5k.html"><b>Pasta Linea 12 Gnocchet Sar 5k</b></a></h4>
        <p class="description">5 Kg</p>
        <p class="right price"><b>9.78 €</b></p>
        <p class="right unitPrice">1.96 € per kg</p>
    </div>
    <div class="contButton">
    <a class="button bgRed white addToCart" href="#">Add</a>
</div>
</div><div class="left product prod190"
        data-name="Pasta C Isola Linguine N7 500g"
        data-price="1.49"
        data-id="32593"
        data-available="yes"
        data-category="434"
        data-bestselling="">
    <a href="../pasta-c-isola-linguine-n7-500g.html">
        <div style="background-image: url('../../cdn.spesati.com/images/products/missing-image/missing-image.jpg')">
            <div class="hover"></div>
            
            <div class="stickers"><img class="left" src="../../cdn.spesati.com/images/layout/sardinian.png" /></div>
        </div>
    </a>
    <div>
        <h4><a href="../pasta-c-isola-linguine-n7-500g.html"><b>Pasta C Isola Linguine N7 500g</b></a></h4>
        <p class="description">0.5 Kg</p>
        <p class="right price"><b>1.49 €</b></p>
        <p class="right unitPrice">2.98 € per kg</p>
    </div>
    <div class="contButton">
    <a class="button bgRed white addToCart" href="#">Add</a>
</div>
</div><div class="left product prod191"
        data-name="Pasta C Isola Mez Pen N26 500g"
        data-price="1.49"
        data-id="32594"
        data-available="yes"
        data-category="434"
        data-bestselling="">
    <a href="../pasta-c-isola-mez-pen-n26-500g.html">
        <div style="background-image: url('../../cdn.spesati.com/images/products/missing-image/missing-image.jpg')">
            <div class="hover"></div>
            
            <div class="stickers"><img class="left" src="../../cdn.spesati.com/images/layout/sardinian.png" /></div>
        </div>
    </a>
    <div>
        <h4><a href="../pasta-c-isola-mez-pen-n26-500g.html"><b>Pasta C Isola Mez Pen N26 500g</b></a></h4>
        <p class="description">0.5 Kg</p>
        <p class="right price"><b>1.49 €</b></p>
        <p class="right unitPrice">2.98 € per kg</p>
    </div>
    <div class="contButton">
    <a class="button bgRed white addToCart" href="#">Add</a>
</div>
</div><div class="left product prod192"
        data-name="Pasta C Isola Eliche N22 500g"
        data-price="1.49"
        data-id="32595"
        data-available="yes"
        data-category="434"
        data-bestselling="">
    <a href="../pasta-c-isola-eliche-n22-500g.html">
        <div style="background-image: url('../../cdn.spesati.com/images/products/missing-image/missing-image.jpg')">
            <div class="hover"></div>
            
            <div class="stickers"><img class="left" src="../../cdn.spesati.com/images/layout/sardinian.png" /></div>
        </div>
    </a>
    <div>
        <h4><a href="../pasta-c-isola-eliche-n22-500g.html"><b>Pasta C Isola Eliche N22 500g</b></a></h4>
        <p class="description">0.5 Kg</p>
        <p class="right price"><b>1.49 €</b></p>
        <p class="right unitPrice">2.98 € per kg</p>
    </div>
    <div class="contButton">
    <a class="button bgRed white addToCart" href="#">Add</a>
</div>
</div><div class="left product prod193"
        data-name="Pasta C Isola Sedani N34 500g"
        data-price="1.49"
        data-id="32596"
        data-available="yes"
        data-category="434"
        data-bestselling="">
    <a href="../pasta-c-isola-sedani-n34-500g.html">
        <div style="background-image: url('../../cdn.spesati.com/images/products/missing-image/missing-image.jpg')">
            <div class="hover"></div>
            
            <div class="stickers"><img class="left" src="../../cdn.spesati.com/images/layout/sardinian.png" /></div>
        </div>
    </a>
    <div>
        <h4><a href="../pasta-c-isola-sedani-n34-500g.html"><b>Pasta C Isola Sedani N34 500g</b></a></h4>
        <p class="description">0.5 Kg</p>
        <p class="right price"><b>1.49 €</b></p>
        <p class="right unitPrice">2.98 € per kg</p>
    </div>
    <div class="contButton">
    <a class="button bgRed white addToCart" href="#">Add</a>
</div>
</div><div class="left product prod194"
        data-name="Pasta C Isola Spaghetti N3 500"
        data-price="1.49"
        data-id="32597"
        data-available="yes"
        data-category="434"
        data-bestselling="1">
    <a href="../pasta-c-isola-spaghetti-n3-500.html">
        <div style="background-image: url('../../cdn.spesati.com/images/products/missing-image/missing-image.jpg')">
            <div class="hover"></div>
            <p class="arrow bgRed white">Best Seller</p>
            <div class="stickers"><img class="left" src="../../cdn.spesati.com/images/layout/sardinian.png" /></div>
        </div>
    </a>
    <div>
        <h4><a href="../pasta-c-isola-spaghetti-n3-500.html"><b>Pasta C Isola Spaghetti N3 500</b></a></h4>
        <p class="description">0.5 Kg</p>
        <p class="right price"><b>1.49 €</b></p>
        <p class="right unitPrice">2.98 € per kg</p>
    </div>
    <div class="contButton">
    <a class="button bgRed white addToCart" href="#">Add</a>
</div>
</div><div class="left product prod195"
        data-name="Pasta C Isola Spaghetti N5 500"
        data-price="1.49"
        data-id="32598"
        data-available="yes"
        data-category="434"
        data-bestselling="">
    <a href="../pasta-c-isola-spaghetti-n5-500.html">
        <div style="background-image: url('../../cdn.spesati.com/images/products/missing-image/missing-image.jpg')">
            <div class="hover"></div>
            
            <div class="stickers"><img class="left" src="../../cdn.spesati.com/images/layout/sardinian.png" /></div>
        </div>
    </a>
    <div>
        <h4><a href="../pasta-c-isola-spaghetti-n5-500.html"><b>Pasta C Isola Spaghetti N5 500</b></a></h4>
        <p class="description">0.5 Kg</p>
        <p class="right price"><b>1.49 €</b></p>
        <p class="right unitPrice">2.98 € per kg</p>
    </div>
    <div class="contButton">
    <a class="button bgRed white addToCart" href="#">Add</a>
</div>
</div><div class="left product prod196"
        data-name="Pasta C Isola Tortigl N21 500g"
        data-price="1.49"
        data-id="32599"
        data-available="yes"
        data-category="434"
        data-bestselling="">
    <a href="../pasta-c-isola-tortigl-n21-500g.html">
        <div style="background-image: url('../../cdn.spesati.com/images/products/missing-image/missing-image.jpg')">
            <div class="hover"></div>
            
            <div class="stickers"><img class="left" src="../../cdn.spesati.com/images/layout/sardinian.png" /></div>
        </div>
    </a>
    <div>
        <h4><a href="../pasta-c-isola-tortigl-n21-500g.html"><b>Pasta C Isola Tortigl N21 500g</b></a></h4>
        <p class="description">0.5 Kg</p>
        <p class="right price"><b>1.49 €</b></p>
        <p class="right unitPrice">2.98 € per kg</p>
    </div>
    <div class="contButton">
    <a class="button bgRed white addToCart" href="#">Add</a>
</div>
</div><div class="left product prod197"
        data-name="Pasta C Isola Cocciol N50 500g"
        data-price="1.49"
        data-id="32600"
        data-available="yes"
        data-category="434"
        data-bestselling="">
    <a href="../pasta-c-isola-cocciol-n50-500g.html">
        <div style="background-image: url('../../cdn.spesati.com/images/products/missing-image/missing-image.jpg')">
            <div class="hover"></div>
            
            <div class="stickers"><img class="left" src="../../cdn.spesati.com/images/layout/sardinian.png" /></div>
        </div>
    </a>
    <div>
        <h4><a href="../pasta-c-isola-cocciol-n50-500g.html"><b>Pasta C Isola Cocciol N50 500g</b></a></h4>
        <p class="description">0.5 Kg</p>
        <p class="right price"><b>1.49 €</b></p>
        <p class="right unitPrice">2.98 € per kg</p>
    </div>
    <div class="contButton">
    <a class="button bgRed white addToCart" href="#">Add</a>
</div>
</div><div class="left product prod198"
        data-name="Malloreddus C Isola Zaffer 500"
        data-price="2.45"
        data-id="32601"
        data-available="yes"
        data-category="434"
        data-bestselling="">
    <a href="../malloreddus-c-isola-zaffer-500.html">
        <div style="background-image: url('../../cdn.spesati.com/images/products/missing-image/missing-image.jpg')">
            <div class="hover"></div>
            
            <div class="stickers"></div>
        </div>
    </a>
    <div>
        <h4><a href="../malloreddus-c-isola-zaffer-500.html"><b>Malloreddus C Isola Zaffer 500</b></a></h4>
        <p class="description">0.5 Kg</p>
        <p class="right price"><b>2.45 €</b></p>
        <p class="right unitPrice">4.90 € per kg</p>
    </div>
    <div class="contButton">
    <a class="button bgRed white addToCart" href="#">Add</a>
</div>
</div><div class="left product prod199"
        data-name="Pasta C Isola Risolini N36 500"
        data-price="1.35"
        data-id="32608"
        data-available="yes"
        data-category="434"
        data-bestselling="">
    <a href="../pasta-c-isola-risolini-n36-500.html">
        <div style="background-image: url('../../cdn.spesati.com/images/products/missing-image/missing-image.jpg')">
            <div class="hover"></div>
            
            <div class="stickers"></div>
        </div>
    </a>
    <div>
        <h4><a href="../pasta-c-isola-risolini-n36-500.html"><b>Pasta C Isola Risolini N36 500</b></a></h4>
        <p class="description">0.5 Kg</p>
        <p class="right price"><b>1.35 €</b></p>
        <p class="right unitPrice">2.70 € per kg</p>
    </div>
    <div class="contButton">
    <a class="button bgRed white addToCart" href="#">Add</a>
</div>
</div><div class="left product prod200"
        data-name="Pasta Truffias C Isola 500gr"
        data-price="2.65"
        data-id="32621"
        data-available="yes"
        data-category="434"
        data-bestselling="">
    <a href="../pasta-truffias-c-isola-500gr.html">
        <div style="background-image: url('../../cdn.spesati.com/images/products/missing-image/missing-image.jpg')">
            <div class="hover"></div>
            
            <div class="stickers"><img class="left" src="../../cdn.spesati.com/images/layout/sardinian.png" /></div>
        </div>
    </a>
    <div>
        <h4><a href="../pasta-truffias-c-isola-500gr.html"><b>Pasta Truffias C Isola 500gr</b></a></h4>
        <p class="description">0.5 Kg</p>
        <p class="right price"><b>2.65 €</b></p>
        <p class="right unitPrice">5.30 € per kg</p>
    </div>
    <div class="contButton">
    <a class="button bgRed white addToCart" href="#">Add</a>
</div>
</div><div class="left product prod201"
        data-name="Pasta Luxoro Cassulli 500gr"
        data-price="2.89"
        data-id="33864"
        data-available="yes"
        data-category="434"
        data-bestselling="">
    <a href="../pasta-luxoro-cassulli-500gr.html">
        <div style="background-image: url('../../cdn.spesati.com/images/products/missing-image/missing-image.jpg')">
            <div class="hover"></div>
            
            <div class="stickers"></div>
        </div>
    </a>
    <div>
        <h4><a href="../pasta-luxoro-cassulli-500gr.html"><b>Pasta Luxoro Cassulli 500gr</b></a></h4>
        <p class="description">0.5 Kg</p>
        <p class="right price"><b>2.89 €</b></p>
        <p class="right unitPrice">5.78 € per kg</p>
    </div>
    <div class="contButton">
    <a class="button bgRed white addToCart" href="#">Add</a>
</div>
</div><div class="left product prod202"
        data-name="Pasta Luxoro Truffiette 500gr"
        data-price="2.89"
        data-id="33865"
        data-available="yes"
        data-category="434"
        data-bestselling="">
    <a href="../pasta-luxoro-truffiette-500gr.html">
        <div style="background-image: url('../../cdn.spesati.com/images/products/missing-image/missing-image.jpg')">
            <div class="hover"></div>
            
            <div class="stickers"></div>
        </div>
    </a>
    <div>
        <h4><a href="../pasta-luxoro-truffiette-500gr.html"><b>Pasta Luxoro Truffiette 500gr</b></a></h4>
        <p class="description">0.5 Kg</p>
        <p class="right price"><b>2.89 €</b></p>
        <p class="right unitPrice">5.78 € per kg</p>
    </div>
    <div class="contButton">
    <a class="button bgRed white addToCart" href="#">Add</a>
</div>
</div><div class="left product prod203"
        data-name="Couscous Sayda Naturale 1kg"
        data-price="6.05"
        data-id="34740"
        data-available="yes"
        data-category="434"
        data-bestselling="">
    <a href="../couscous-sayda-naturale-1kg.html">
        <div style="background-image: url('../../cdn.spesati.com/images/products/missing-image/missing-image.jpg')">
            <div class="hover"></div>
            
            <div class="stickers"></div>
        </div>
    </a>
    <div>
        <h4><a href="../couscous-sayda-naturale-1kg.html"><b>Couscous Sayda Naturale 1kg</b></a></h4>
        <p class="description">1 Kg</p>
        <p class="right price"><b>6.05 €</b></p>
        <p class="right unitPrice">6.05 € per kg</p>
    </div>
    <div class="contButton">
    <a class="button bgRed white addToCart" href="#">Add</a>
</div>
</div><div class="left product prod204"
        data-name="Pasta Divella Bucatini 6 500gr"
        data-price="1.00"
        data-id="59712"
        data-available="yes"
        data-category="434"
        data-bestselling="">
    <a href="../pasta-divella-bucatini-6-500gr.html">
        <div style="background-image: url('../../cdn.spesati.com/images/products/missing-image/missing-image.jpg')">
            <div class="hover"></div>
            
            <div class="stickers"></div>
        </div>
    </a>
    <div>
        <h4><a href="../pasta-divella-bucatini-6-500gr.html"><b>Pasta Divella Bucatini 6 500gr</b></a></h4>
        <p class="description">0.5 Kg</p>
        <p class="right price"><b>1.00 €</b></p>
        <p class="right unitPrice">2.01 € per kg</p>
    </div>
    <div class="contButton">
    <a class="button bgRed white addToCart" href="#">Add</a>
</div>
</div><div class="left product prod205"
        data-name="Spagh Tanda Spad Nero Sep 500g"
        data-price="5.05"
        data-id="60342"
        data-available="yes"
        data-category="434"
        data-bestselling="">
    <a href="../spagh-tanda-spad-nero-sep-500g.html">
        <div style="background-image: url('../../cdn.spesati.com/images/products/missing-image/missing-image.jpg')">
            <div class="hover"></div>
            
            <div class="stickers"><img class="left" src="../../cdn.spesati.com/images/layout/sardinian.png" /></div>
        </div>
    </a>
    <div>
        <h4><a href="../spagh-tanda-spad-nero-sep-500g.html"><b>Spagh Tanda Spad Nero Sep 500g</b></a></h4>
        <p class="description">0.5 Kg</p>
        <p class="right price"><b>5.05 €</b></p>
        <p class="right unitPrice">10.10 € per kg</p>
    </div>
    <div class="contButton">
    <a class="button bgRed white addToCart" href="#">Add</a>
</div>
</div><div class="left product prod206"
        data-name="Paccheri Tanda Spada Semol 500"
        data-price="3.75"
        data-id="60345"
        data-available="yes"
        data-category="434"
        data-bestselling="">
    <a href="../paccheri-tanda-spada-semol-500.html">
        <div style="background-image: url('../../cdn.spesati.com/images/products/missing-image/missing-image.jpg')">
            <div class="hover"></div>
            
            <div class="stickers"><img class="left" src="../../cdn.spesati.com/images/layout/sardinian.png" /></div>
        </div>
    </a>
    <div>
        <h4><a href="../paccheri-tanda-spada-semol-500.html"><b>Paccheri Tanda Spada Semol 500</b></a></h4>
        <p class="description">0.5 Kg</p>
        <p class="right price"><b>3.75 €</b></p>
        <p class="right unitPrice">7.50 € per kg</p>
    </div>
    <div class="contButton">
    <a class="button bgRed white addToCart" href="#">Add</a>
</div>
</div><div class="left product prod207"
        data-name="Gnocchetti Tanda Spada 2 500gr"
        data-price="1.89"
        data-id="60408"
        data-available="yes"
        data-category="434"
        data-bestselling="">
    <a href="../gnocchetti-tanda-spada-2-500gr.html">
        <div style="background-image: url('../../cdn.spesati.com/images/products/missing-image/missing-image.jpg')">
            <div class="hover"></div>
            
            <div class="stickers"></div>
        </div>
    </a>
    <div>
        <h4><a href="../gnocchetti-tanda-spada-2-500gr.html"><b>Gnocchetti Tanda Spada 2 500gr</b></a></h4>
        <p class="description">0.5 Kg</p>
        <p class="right price"><b>1.89 €</b></p>
        <p class="right unitPrice">3.78 € per kg</p>
    </div>
    <div class="contButton">
    <a class="button bgRed white addToCart" href="#">Add</a>
</div>
</div><div class="left product prod208"
        data-name="Fregula Tand Spad Nero Sep 500"
        data-price="3.39"
        data-id="60423"
        data-available="yes"
        data-category="434"
        data-bestselling="">
    <a href="../fregula-tand-spad-nero-sep-500.html">
        <div style="background-image: url('../../cdn.spesati.com/images/products/missing-image/missing-image.jpg')">
            <div class="hover"></div>
            
            <div class="stickers"><img class="left" src="../../cdn.spesati.com/images/layout/sardinian.png" /></div>
        </div>
    </a>
    <div>
        <h4><a href="../fregula-tand-spad-nero-sep-500.html"><b>Fregula Tand Spad Nero Sep 500</b></a></h4>
        <p class="description">0.5 Kg</p>
        <p class="right price"><b>3.39 €</b></p>
        <p class="right unitPrice">6.78 € per kg</p>
    </div>
    <div class="contButton">
    <a class="button bgRed white addToCart" href="#">Add</a>
</div>
</div><div class="left product prod209"
        data-name="Strozzapr Tanda Spad Semol 500"
        data-price="2.05"
        data-id="60426"
        data-available="yes"
        data-category="434"
        data-bestselling="">
    <a href="../strozzapr-tanda-spad-semol-500.html">
        <div style="background-image: url('../../cdn.spesati.com/images/products/missing-image/missing-image.jpg')">
            <div class="hover"></div>
            
            <div class="stickers"><img class="left" src="../../cdn.spesati.com/images/layout/sardinian.png" /></div>
        </div>
    </a>
    <div>
        <h4><a href="../strozzapr-tanda-spad-semol-500.html"><b>Strozzapr Tanda Spad Semol 500</b></a></h4>
        <p class="description">0.5 Kg</p>
        <p class="right price"><b>2.05 €</b></p>
        <p class="right unitPrice">4.10 € per kg</p>
    </div>
    <div class="contButton">
    <a class="button bgRed white addToCart" href="#">Add</a>
</div>
</div><div class="left product prod210"
        data-name="Linguine Tanda Spad Tricol 500"
        data-price="3.89"
        data-id="60429"
        data-available="yes"
        data-category="434"
        data-bestselling="">
    <a href="../linguine-tanda-spad-tricol-500.html">
        <div style="background-image: url('../../cdn.spesati.com/images/products/missing-image/missing-image.jpg')">
            <div class="hover"></div>
            
            <div class="stickers"><img class="left" src="../../cdn.spesati.com/images/layout/sardinian.png" /></div>
        </div>
    </a>
    <div>
        <h4><a href="../linguine-tanda-spad-tricol-500.html"><b>Linguine Tanda Spad Tricol 500</b></a></h4>
        <p class="description">0.5 Kg</p>
        <p class="right price"><b>3.89 €</b></p>
        <p class="right unitPrice">7.78 € per kg</p>
    </div>
    <div class="contButton">
    <a class="button bgRed white addToCart" href="#">Add</a>
</div>
</div><div class="left product prod211"
        data-name="Fregola Gran Lu Rutigliu 500gr"
        data-price="4.55"
        data-id="63345"
        data-available="yes"
        data-category="434"
        data-bestselling="">
    <a href="../fregola-gran-lu-rutigliu-500gr.html">
        <div style="background-image: url('../../cdn.spesati.com/images/products/missing-image/missing-image.jpg')">
            <div class="hover"></div>
            
            <div class="stickers"><img class="left" src="../../cdn.spesati.com/images/layout/sardinian.png" /></div>
        </div>
    </a>
    <div>
        <h4><a href="../fregola-gran-lu-rutigliu-500gr.html"><b>Fregola Gran Lu Rutigliu 500gr</b></a></h4>
        <p class="description">0.5 Kg</p>
        <p class="right price"><b>4.55 €</b></p>
        <p class="right unitPrice">9.10 € per kg</p>
    </div>
    <div class="contButton">
    <a class="button bgRed white addToCart" href="#">Add</a>
</div>
</div><div class="left product prod212"
        data-name="Gnocchetti Lu Rutigliu 500gr"
        data-price="4.74"
        data-id="63348"
        data-available="yes"
        data-category="434"
        data-bestselling="">
    <a href="../gnocchetti-lu-rutigliu-500gr.html">
        <div style="background-image: url('../../cdn.spesati.com/images/products/missing-image/missing-image.jpg')">
            <div class="hover"></div>
            
            <div class="stickers"><img class="left" src="../../cdn.spesati.com/images/layout/sardinian.png" /></div>
        </div>
    </a>
    <div>
        <h4><a href="../gnocchetti-lu-rutigliu-500gr.html"><b>Gnocchetti Lu Rutigliu 500gr</b></a></h4>
        <p class="description">0.5 Kg</p>
        <p class="right price"><b>4.74 €</b></p>
        <p class="right unitPrice">9.48 € per kg</p>
    </div>
    <div class="contButton">
    <a class="button bgRed white addToCart" href="#">Add</a>
</div>
</div><div class="left product prod213"
        data-name="Pasta De Cecco Spaghet.ni 3kg"
        data-price="11.29"
        data-id="27774"
        data-available="yes"
        data-category="434"
        data-bestselling="">
    <a href="../pasta-de-cecco-spaghetni-3kg.html">
        <div style="background-image: url('../../cdn.spesati.com/images/products/missing-image/missing-image.jpg')">
            <div class="hover"></div>
            
            <div class="stickers"></div>
        </div>
    </a>
    <div>
        <h4><a href="../pasta-de-cecco-spaghetni-3kg.html"><b>Pasta De Cecco Spaghet.ni 3kg</b></a></h4>
        <p class="description">3 Kg</p>
        <p class="right price"><b>11.29 €</b></p>
        <p class="right unitPrice">3.76 € per kg</p>
    </div>
    <div class="contButton">
    <a class="button bgRed white addToCart" href="#">Add</a>
</div>
</div><div class="left product prod214"
        data-name="Tagliatelle Lu Rutigliu 500gr"
        data-price="4.96"
        data-id="63351"
        data-available="yes"
        data-category="434"
        data-bestselling="">
    <a href="../tagliatelle-lu-rutigliu-500gr.html">
        <div style="background-image: url('../../cdn.spesati.com/images/products/missing-image/missing-image.jpg')">
            <div class="hover"></div>
            
            <div class="stickers"><img class="left" src="../../cdn.spesati.com/images/layout/sardinian.png" /></div>
        </div>
    </a>
    <div>
        <h4><a href="../tagliatelle-lu-rutigliu-500gr.html"><b>Tagliatelle Lu Rutigliu 500gr</b></a></h4>
        <p class="description">0.5 Kg</p>
        <p class="right price"><b>4.96 €</b></p>
        <p class="right unitPrice">9.93 € per kg</p>
    </div>
    <div class="contButton">
    <a class="button bgRed white addToCart" href="#">Add</a>
</div>
</div><div class="left product prod215"
        data-name="Pasta De Cecco Tortiglioni 3kg"
        data-price="11.29"
        data-id="27776"
        data-available="yes"
        data-category="434"
        data-bestselling="">
    <a href="../pasta-de-cecco-tortiglioni-3kg.html">
        <div style="background-image: url('../../cdn.spesati.com/images/products/missing-image/missing-image.jpg')">
            <div class="hover"></div>
            
            <div class="stickers"></div>
        </div>
    </a>
    <div>
        <h4><a href="../pasta-de-cecco-tortiglioni-3kg.html"><b>Pasta De Cecco Tortiglioni 3kg</b></a></h4>
        <p class="description">3 Kg</p>
        <p class="right price"><b>11.29 €</b></p>
        <p class="right unitPrice">3.76 € per kg</p>
    </div>
    <div class="contButton">
    <a class="button bgRed white addToCart" href="#">Add</a>
</div>
</div><div class="left product prod216"
        data-name="Fregola Sarda Gluten Free 400g"
        data-price="6.19"
        data-id="68643"
        data-available="yes"
        data-category="434"
        data-bestselling="">
    <a href="../fregola-sarda-gluten-free-400g.html">
        <div style="background-image: url('../../cdn.spesati.com/images/products/missing-image/missing-image.jpg')">
            <div class="hover"></div>
            
            <div class="stickers"><img class="left" src="../../cdn.spesati.com/images/layout/gluten-free.png" /><img class="left" src="../../cdn.spesati.com/images/layout/sardinian.png" /></div>
        </div>
    </a>
    <div>
        <h4><a href="../fregola-sarda-gluten-free-400g.html"><b>Fregola Sarda Gluten Free 400g</b></a></h4>
        <p class="description">0.4 Kg</p>
        <p class="right price"><b>6.19 €</b></p>
        <p class="right unitPrice">15.48 € per kg</p>
    </div>
    <div class="contButton">
    <a class="button bgRed white addToCart" href="#">Add</a>
</div>
</div><div class="left product prod217"
        data-name="Pasta De Cecco Pipe Rigate 3kg"
        data-price="11.29"
        data-id="27779"
        data-available="yes"
        data-category="434"
        data-bestselling="">
    <a href="../pasta-de-cecco-pipe-rigate-3kg.html">
        <div style="background-image: url('../../cdn.spesati.com/images/products/missing-image/missing-image.jpg')">
            <div class="hover"></div>
            
            <div class="stickers"></div>
        </div>
    </a>
    <div>
        <h4><a href="../pasta-de-cecco-pipe-rigate-3kg.html"><b>Pasta De Cecco Pipe Rigate 3kg</b></a></h4>
        <p class="description">3 Kg</p>
        <p class="right price"><b>11.29 €</b></p>
        <p class="right unitPrice">3.76 € per kg</p>
    </div>
    <div class="contButton">
    <a class="button bgRed white addToCart" href="#">Add</a>
</div>
</div><div class="left product prod218"
        data-name="Pasta De Cecco Sedani Rig 3kg"
        data-price="11.29"
        data-id="27780"
        data-available="yes"
        data-category="434"
        data-bestselling="">
    <a href="../pasta-de-cecco-sedani-rig-3kg.html">
        <div style="background-image: url('../../cdn.spesati.com/images/products/missing-image/missing-image.jpg')">
            <div class="hover"></div>
            
            <div class="stickers"></div>
        </div>
    </a>
    <div>
        <h4><a href="../pasta-de-cecco-sedani-rig-3kg.html"><b>Pasta De Cecco Sedani Rig 3kg</b></a></h4>
        <p class="description">3 Kg</p>
        <p class="right price"><b>11.29 €</b></p>
        <p class="right unitPrice">3.76 € per kg</p>
    </div>
    <div class="contButton">
    <a class="button bgRed white addToCart" href="#">Add</a>
</div>
</div><div class="left product prod219"
        data-name="Pasta De Cecco Gnocch Sard 3kg"
        data-price="11.29"
        data-id="27781"
        data-available="yes"
        data-category="434"
        data-bestselling="">
    <a href="../pasta-de-cecco-gnocch-sard-3kg.html">
        <div style="background-image: url('../../cdn.spesati.com/images/products/missing-image/missing-image.jpg')">
            <div class="hover"></div>
            
            <div class="stickers"></div>
        </div>
    </a>
    <div>
        <h4><a href="../pasta-de-cecco-gnocch-sard-3kg.html"><b>Pasta De Cecco Gnocch Sard 3kg</b></a></h4>
        <p class="description">3 Kg</p>
        <p class="right price"><b>11.29 €</b></p>
        <p class="right unitPrice">3.76 € per kg</p>
    </div>
    <div class="contButton">
    <a class="button bgRed white addToCart" href="#">Add</a>
</div>
</div><div class="left product prod220"
        data-name="Pasta De Cecco Casereccia 3kg"
        data-price="11.29"
        data-id="27782"
        data-available="yes"
        data-category="434"
        data-bestselling="">
    <a href="../pasta-de-cecco-casereccia-3kg.html">
        <div style="background-image: url('../../cdn.spesati.com/images/products/missing-image/missing-image.jpg')">
            <div class="hover"></div>
            
            <div class="stickers"></div>
        </div>
    </a>
    <div>
        <h4><a href="../pasta-de-cecco-casereccia-3kg.html"><b>Pasta De Cecco Casereccia 3kg</b></a></h4>
        <p class="description">3 Kg</p>
        <p class="right price"><b>11.29 €</b></p>
        <p class="right unitPrice">3.76 € per kg</p>
    </div>
    <div class="contButton">
    <a class="button bgRed white addToCart" href="#">Add</a>
</div>
</div><div class="left product prod221"
        data-name="Pasta De Cecco Farfalle 3kg"
        data-price="11.29"
        data-id="27784"
        data-available="yes"
        data-category="434"
        data-bestselling="">
    <a href="../pasta-de-cecco-farfalle-3kg.html">
        <div style="background-image: url('../../cdn.spesati.com/images/products/missing-image/missing-image.jpg')">
            <div class="hover"></div>
            
            <div class="stickers"></div>
        </div>
    </a>
    <div>
        <h4><a href="../pasta-de-cecco-farfalle-3kg.html"><b>Pasta De Cecco Farfalle 3kg</b></a></h4>
        <p class="description">3 Kg</p>
        <p class="right price"><b>11.29 €</b></p>
        <p class="right unitPrice">3.76 € per kg</p>
    </div>
    <div class="contButton">
    <a class="button bgRed white addToCart" href="#">Add</a>
</div>
</div><div class="left product prod222"
        data-name="Pasta De Cecco Mezzi Rigat 3kg"
        data-price="11.29"
        data-id="79126"
        data-available="yes"
        data-category="434"
        data-bestselling="">
    <a href="../pasta-de-cecco-mezzi-rigat-3kg.html">
        <div style="background-image: url('../../cdn.spesati.com/images/products/missing-image/missing-image.jpg')">
            <div class="hover"></div>
            
            <div class="stickers"></div>
        </div>
    </a>
    <div>
        <h4><a href="../pasta-de-cecco-mezzi-rigat-3kg.html"><b>Pasta De Cecco Mezzi Rigat 3kg</b></a></h4>
        <p class="description">3 Kg</p>
        <p class="right price"><b>11.29 €</b></p>
        <p class="right unitPrice">3.76 € per kg</p>
    </div>
    <div class="contButton">
    <a class="button bgRed white addToCart" href="#">Add</a>
</div>
</div><div class="left product prod223"
        data-name="Pasta De Cecco Mez Pen Rig 3kg"
        data-price="11.29"
        data-id="27785"
        data-available="yes"
        data-category="434"
        data-bestselling="">
    <a href="../pasta-de-cecco-mez-pen-rig-3kg.html">
        <div style="background-image: url('../../cdn.spesati.com/images/products/missing-image/missing-image.jpg')">
            <div class="hover"></div>
            
            <div class="stickers"></div>
        </div>
    </a>
    <div>
        <h4><a href="../pasta-de-cecco-mez-pen-rig-3kg.html"><b>Pasta De Cecco Mez Pen Rig 3kg</b></a></h4>
        <p class="description">3 Kg</p>
        <p class="right price"><b>11.29 €</b></p>
        <p class="right unitPrice">3.76 € per kg</p>
    </div>
    <div class="contButton">
    <a class="button bgRed white addToCart" href="#">Add</a>
</div>
</div><div class="left product prod224"
        data-name="Pasta De Cecco Spagh Quadr 3kg"
        data-price="11.29"
        data-id="79129"
        data-available="yes"
        data-category="434"
        data-bestselling="">
    <a href="../pasta-de-cecco-spagh-quadr-3kg.html">
        <div style="background-image: url('../../cdn.spesati.com/images/products/missing-image/missing-image.jpg')">
            <div class="hover"></div>
            
            <div class="stickers"></div>
        </div>
    </a>
    <div>
        <h4><a href="../pasta-de-cecco-spagh-quadr-3kg.html"><b>Pasta De Cecco Spagh Quadr 3kg</b></a></h4>
        <p class="description">3 Kg</p>
        <p class="right price"><b>11.29 €</b></p>
        <p class="right unitPrice">3.76 € per kg</p>
    </div>
    <div class="contButton">
    <a class="button bgRed white addToCart" href="#">Add</a>
</div>
</div><div class="left product prod225"
        data-name="Pasta De Cecco Spaghettoni 3kg"
        data-price="11.29"
        data-id="27786"
        data-available="yes"
        data-category="434"
        data-bestselling="">
    <a href="../pasta-de-cecco-spaghettoni-3kg.html">
        <div style="background-image: url('../../cdn.spesati.com/images/products/missing-image/missing-image.jpg')">
            <div class="hover"></div>
            
            <div class="stickers"></div>
        </div>
    </a>
    <div>
        <h4><a href="../pasta-de-cecco-spaghettoni-3kg.html"><b>Pasta De Cecco Spaghettoni 3kg</b></a></h4>
        <p class="description">3 Kg</p>
        <p class="right price"><b>11.29 €</b></p>
        <p class="right unitPrice">3.76 € per kg</p>
    </div>
    <div class="contButton">
    <a class="button bgRed white addToCart" href="#">Add</a>
</div>
</div><div class="left product prod226"
        data-name="Pasta De Cecco M-mani Rig 3kg"
        data-price="11.29"
        data-id="27787"
        data-available="yes"
        data-category="434"
        data-bestselling="">
    <a href="../pasta-de-cecco-m-mani-rig-3kg.html">
        <div style="background-image: url('../../cdn.spesati.com/images/products/missing-image/missing-image.jpg')">
            <div class="hover"></div>
            
            <div class="stickers"></div>
        </div>
    </a>
    <div>
        <h4><a href="../pasta-de-cecco-m-mani-rig-3kg.html"><b>Pasta De Cecco M-mani Rig 3kg</b></a></h4>
        <p class="description">3 Kg</p>
        <p class="right price"><b>11.29 €</b></p>
        <p class="right unitPrice">3.76 € per kg</p>
    </div>
    <div class="contButton">
    <a class="button bgRed white addToCart" href="#">Add</a>
</div>
</div><div class="left product prod227"
        data-name="Pasta C Isola Filini N70 500g"
        data-price="1.49"
        data-id="83570"
        data-available="yes"
        data-category="434"
        data-bestselling="1">
    <a href="../pasta-c-isola-filini-n70-500g.html">
        <div style="background-image: url('../../cdn.spesati.com/images/products/missing-image/missing-image.jpg')">
            <div class="hover"></div>
            <p class="arrow bgRed white">Best Seller</p>
            <div class="stickers"><img class="left" src="../../cdn.spesati.com/images/layout/sardinian.png" /></div>
        </div>
    </a>
    <div>
        <h4><a href="../pasta-c-isola-filini-n70-500g.html"><b>Pasta C Isola Filini N70 500g</b></a></h4>
        <p class="description">0.5 Kg</p>
        <p class="right price"><b>1.49 €</b></p>
        <p class="right unitPrice">2.98 € per kg</p>
    </div>
    <div class="contButton">
    <a class="button bgRed white addToCart" href="#">Add</a>
</div>
</div><div class="left product prod228"
        data-name="Pasta Gigli C Isola 500gr"
        data-price="2.65"
        data-id="83579"
        data-available="yes"
        data-category="434"
        data-bestselling="">
    <a href="../pasta-gigli-c-isola-500gr.html">
        <div style="background-image: url('../../cdn.spesati.com/images/products/missing-image/missing-image.jpg')">
            <div class="hover"></div>
            
            <div class="stickers"><img class="left" src="../../cdn.spesati.com/images/layout/sardinian.png" /></div>
        </div>
    </a>
    <div>
        <h4><a href="../pasta-gigli-c-isola-500gr.html"><b>Pasta Gigli C Isola 500gr</b></a></h4>
        <p class="description">0.5 Kg</p>
        <p class="right price"><b>2.65 €</b></p>
        <p class="right unitPrice">5.30 € per kg</p>
    </div>
    <div class="contButton">
    <a class="button bgRed white addToCart" href="#">Add</a>
</div>
</div><div class="left product prod229"
        data-name="Pasta Sini Gnocchetti N4 500Gr"
        data-price="1.55"
        data-id="22726"
        data-available="yes"
        data-category="434"
        data-bestselling="">
    <a href="../pasta-sini-gnocchetti-n4-500gr.html">
        <div style="background-image: url('../../cdn.spesati.com/images/products/missing-image/missing-image.jpg')">
            <div class="hover"></div>
            
            <div class="stickers"><img class="left" src="../../cdn.spesati.com/images/layout/sardinian.png" /></div>
        </div>
    </a>
    <div>
        <h4><a href="../pasta-sini-gnocchetti-n4-500gr.html"><b>Pasta Sini Gnocchetti N4 500Gr</b></a></h4>
        <p class="description">0.5 Kg</p>
        <p class="right price"><b>1.55 €</b></p>
        <p class="right unitPrice">3.10 € per kg</p>
    </div>
    <div class="contButton">
    <a class="button bgRed white addToCart" href="#">Add</a>
</div>
</div><div class="left product prod230"
        data-name="Pasta Sini Gnocchetti N1 500gr"
        data-price="1.55"
        data-id="24380"
        data-available="yes"
        data-category="434"
        data-bestselling="">
    <a href="../pasta-sini-gnocchetti-n1-500gr.html">
        <div style="background-image: url('../../cdn.spesati.com/images/products/missing-image/missing-image.jpg')">
            <div class="hover"></div>
            
            <div class="stickers"><img class="left" src="../../cdn.spesati.com/images/layout/sardinian.png" /></div>
        </div>
    </a>
    <div>
        <h4><a href="../pasta-sini-gnocchetti-n1-500gr.html"><b>Pasta Sini Gnocchetti N1 500gr</b></a></h4>
        <p class="description">0.5 Kg</p>
        <p class="right price"><b>1.55 €</b></p>
        <p class="right unitPrice">3.10 € per kg</p>
    </div>
    <div class="contButton">
    <a class="button bgRed white addToCart" href="#">Add</a>
</div>
</div><div class="left product prod231"
        data-name="Fregola Media Corona 500 G"
        data-price="3.49"
        data-id="24382"
        data-available="yes"
        data-category="434"
        data-bestselling="">
    <a href="../fregola-media-corona-500-g.html">
        <div style="background-image: url('../../cdn.spesati.com/images/products/missing-image/missing-image.jpg')">
            <div class="hover"></div>
            
            <div class="stickers"><img class="left" src="../../cdn.spesati.com/images/layout/sardinian.png" /></div>
        </div>
    </a>
    <div>
        <h4><a href="../fregola-media-corona-500-g.html"><b>Fregola Media Corona 500 G</b></a></h4>
        <p class="description">0.5 Kg</p>
        <p class="right price"><b>3.49 €</b></p>
        <p class="right unitPrice">6.98 € per kg</p>
    </div>
    <div class="contButton">
    <a class="button bgRed white addToCart" href="#">Add</a>
</div>
</div><div class="left product prod232"
        data-name="Fregola Media Corona 1 Kg"
        data-price="6.03"
        data-id="24383"
        data-available="yes"
        data-category="434"
        data-bestselling="">
    <a href="../fregola-media-corona-1-kg.html">
        <div style="background-image: url('../../cdn.spesati.com/images/products/missing-image/missing-image.jpg')">
            <div class="hover"></div>
            
            <div class="stickers"><img class="left" src="../../cdn.spesati.com/images/layout/sardinian.png" /></div>
        </div>
    </a>
    <div>
        <h4><a href="../fregola-media-corona-1-kg.html"><b>Fregola Media Corona 1 Kg</b></a></h4>
        <p class="description">1 Kg</p>
        <p class="right price"><b>6.03 €</b></p>
        <p class="right unitPrice">6.03 € per kg</p>
    </div>
    <div class="contButton">
    <a class="button bgRed white addToCart" href="#">Add</a>
</div>
</div><div class="left product prod233"
        data-name="Riso&fregula 500gr"
        data-price="3.60"
        data-id="24384"
        data-available="yes"
        data-category="434"
        data-bestselling="">
    <a href="../risofregula-500gr.html">
        <div style="background-image: url('../../cdn.spesati.com/images/products/missing-image/missing-image.jpg')">
            <div class="hover"></div>
            
            <div class="stickers"></div>
        </div>
    </a>
    <div>
        <h4><a href="../risofregula-500gr.html"><b>Riso&fregula 500gr</b></a></h4>
        <p class="description">0.5 Kg</p>
        <p class="right price"><b>3.60 €</b></p>
        <p class="right unitPrice">7.20 € per kg</p>
    </div>
    <div class="contButton">
    <a class="button bgRed white addToCart" href="#">Add</a>
</div>
</div><div class="left product prod234"
        data-name="Fregola N Seppia Corona 500gr"
        data-price="4.36"
        data-id="24385"
        data-available="yes"
        data-category="434"
        data-bestselling="">
    <a href="../fregola-n-seppia-corona-500gr.html">
        <div style="background-image: url('../../cdn.spesati.com/images/products/missing-image/missing-image.jpg')">
            <div class="hover"></div>
            
            <div class="stickers"><img class="left" src="../../cdn.spesati.com/images/layout/sardinian.png" /></div>
        </div>
    </a>
    <div>
        <h4><a href="../fregola-n-seppia-corona-500gr.html"><b>Fregola N Seppia Corona 500gr</b></a></h4>
        <p class="description">0.5 Kg</p>
        <p class="right price"><b>4.36 €</b></p>
        <p class="right unitPrice">8.72 € per kg</p>
    </div>
    <div class="contButton">
    <a class="button bgRed white addToCart" href="#">Add</a>
</div>
</div><div class="left product prod235"
        data-name="Malloreddus Corona 500gr"
        data-price="3.00"
        data-id="24386"
        data-available="yes"
        data-category="434"
        data-bestselling="">
    <a href="../malloreddus-corona-500gr.html">
        <div style="background-image: url('../../cdn.spesati.com/images/products/missing-image/missing-image.jpg')">
            <div class="hover"></div>
            
            <div class="stickers"></div>
        </div>
    </a>
    <div>
        <h4><a href="../malloreddus-corona-500gr.html"><b>Malloreddus Corona 500gr</b></a></h4>
        <p class="description">0.5 Kg</p>
        <p class="right price"><b>3.00 €</b></p>
        <p class="right unitPrice">6.00 € per kg</p>
    </div>
    <div class="contButton">
    <a class="button bgRed white addToCart" href="#">Add</a>
</div>
</div><div class="left product prod236"
        data-name="Lorighittas Corona 500gr"
        data-price="15.50"
        data-id="24387"
        data-available="yes"
        data-category="434"
        data-bestselling="">
    <a href="../lorighittas-corona-500gr.html">
        <div style="background-image: url('../../cdn.spesati.com/images/products/missing-image/missing-image.jpg')">
            <div class="hover"></div>
            
            <div class="stickers"></div>
        </div>
    </a>
    <div>
        <h4><a href="../lorighittas-corona-500gr.html"><b>Lorighittas Corona 500gr</b></a></h4>
        <p class="description">0.5 Kg</p>
        <p class="right price"><b>15.50 €</b></p>
        <p class="right unitPrice">31.00 € per kg</p>
    </div>
    <div class="contButton">
    <a class="button bgRed white addToCart" href="#">Add</a>
</div>
</div><div class="left product prod237"
        data-name="Pasta Gragna Spaghettoni 500gr"
        data-price="2.79"
        data-id="27625"
        data-available="yes"
        data-category="434"
        data-bestselling="">
    <a href="../pasta-gragna-spaghettoni-500gr.html">
        <div style="background-image: url('../../cdn.spesati.com/images/products/missing-image/missing-image.jpg')">
            <div class="hover"></div>
            
            <div class="stickers"></div>
        </div>
    </a>
    <div>
        <h4><a href="../pasta-gragna-spaghettoni-500gr.html"><b>Pasta Gragna Spaghettoni 500gr</b></a></h4>
        <p class="description">0.5 Kg</p>
        <p class="right price"><b>2.79 €</b></p>
        <p class="right unitPrice">5.58 € per kg</p>
    </div>
    <div class="contButton">
    <a class="button bgRed white addToCart" href="#">Add</a>
</div>
</div><div class="left product prod238"
        data-name="Pasta Divella Spagh.ni 9 500g"
        data-price="0.99"
        data-id="27718"
        data-available="yes"
        data-category="434"
        data-bestselling="">
    <a href="../pasta-divella-spaghni-9-500g.html">
        <div style="background-image: url('../../cdn.spesati.com/images/products/missing-image/missing-image.jpg')">
            <div class="hover"></div>
            
            <div class="stickers"></div>
        </div>
    </a>
    <div>
        <h4><a href="../pasta-divella-spaghni-9-500g.html"><b>Pasta Divella Spagh.ni 9 500g</b></a></h4>
        <p class="description">0.5 Kg</p>
        <p class="right price"><b>0.99 €</b></p>
        <p class="right unitPrice">1.99 € per kg</p>
    </div>
    <div class="contButton">
    <a class="button bgRed white addToCart" href="#">Add</a>
</div>
</div><div class="left product prod239"
        data-name="Pasta De Cecco Pen Pic Rig 3kg"
        data-price="11.29"
        data-id="27763"
        data-available="yes"
        data-category="434"
        data-bestselling="">
    <a href="../pasta-de-cecco-pen-pic-rig-3kg.html">
        <div style="background-image: url('../../cdn.spesati.com/images/products/missing-image/missing-image.jpg')">
            <div class="hover"></div>
            
            <div class="stickers"></div>
        </div>
    </a>
    <div>
        <h4><a href="../pasta-de-cecco-pen-pic-rig-3kg.html"><b>Pasta De Cecco Pen Pic Rig 3kg</b></a></h4>
        <p class="description">3 Kg</p>
        <p class="right price"><b>11.29 €</b></p>
        <p class="right unitPrice">3.76 € per kg</p>
    </div>
    <div class="contButton">
    <a class="button bgRed white addToCart" href="#">Add</a>
</div>
</div><div class="left product prod240"
        data-name="Pasta De Cecco Pennette Rig 3k"
        data-price="11.29"
        data-id="27767"
        data-available="yes"
        data-category="434"
        data-bestselling="">
    <a href="../pasta-de-cecco-pennette-rig-3k.html">
        <div style="background-image: url('../../cdn.spesati.com/images/products/missing-image/missing-image.jpg')">
            <div class="hover"></div>
            
            <div class="stickers"></div>
        </div>
    </a>
    <div>
        <h4><a href="../pasta-de-cecco-pennette-rig-3k.html"><b>Pasta De Cecco Pennette Rig 3k</b></a></h4>
        <p class="description">3 Kg</p>
        <p class="right price"><b>11.29 €</b></p>
        <p class="right unitPrice">3.76 € per kg</p>
    </div>
    <div class="contButton">
    <a class="button bgRed white addToCart" href="#">Add</a>
</div>
</div><div class="left product prod241"
        data-name="Pasta De Cecco Linguine 3kg"
        data-price="11.29"
        data-id="27773"
        data-available="yes"
        data-category="434"
        data-bestselling="">
    <a href="../pasta-de-cecco-linguine-3kg.html">
        <div style="background-image: url('../../cdn.spesati.com/images/products/missing-image/missing-image.jpg')">
            <div class="hover"></div>
            
            <div class="stickers"></div>
        </div>
    </a>
    <div>
        <h4><a href="../pasta-de-cecco-linguine-3kg.html"><b>Pasta De Cecco Linguine 3kg</b></a></h4>
        <p class="description">3 Kg</p>
        <p class="right price"><b>11.29 €</b></p>
        <p class="right unitPrice">3.76 € per kg</p>
    </div>
    <div class="contButton">
    <a class="button bgRed white addToCart" href="#">Add</a>
</div>
</div><div class="left product prod242"
        data-name="Pasta Di Sardegna Tempestine N21 500Gr"
        data-price="1.21"
        data-id="5652"
        data-available="no"
        data-category="434"
        data-bestselling="">
    <a href="../pasta-di-sardegna-tempestine-n21-500gr.html">
        <div style="background-image: url('../../cdn.spesati.com/images/products/49127823/pasta-di-sardegna-01.jpg')">
            <div class="hover"></div>
            
            <div class="stickers"><img class="left" src="../../cdn.spesati.com/images/layout/sardinian.png" /></div>
        </div>
    </a>
    <div>
        <h4><a href="../pasta-di-sardegna-tempestine-n21-500gr.html"><b>Pasta Di Sardegna Tempestine N21 500Gr</b></a></h4>
        <p class="description">0.5 Kg</p>
        <p class="right price"><b>1.21 €</b></p>
        <p class="right unitPrice">2.42 € per kg</p>
    </div>
    <div class="notAvailable">
    <a class="button bgDarkGrey white" href="../pasta-di-sardegna-tempestine-n21-500gr.html">Not available</a>
</div>
</div><div class="left product prod243"
        data-name="Malloreddus Cuore Dell'Isola 500Gr"
        data-price="2.35"
        data-id="6915"
        data-available="no"
        data-category="434"
        data-bestselling="">
    <a href="../malloreddus-cuore-dellisola-500gr.html">
        <div style="background-image: url('../../cdn.spesati.com/images/products/398512/malloreddus-cuore-dellisola-01.jpg')">
            <div class="hover"></div>
            
            <div class="stickers"><img class="left" src="../../cdn.spesati.com/images/layout/sardinian.png" /></div>
        </div>
    </a>
    <div>
        <h4><a href="../malloreddus-cuore-dellisola-500gr.html"><b>Malloreddus Cuore Dell'Isola 500Gr</b></a></h4>
        <p class="description">0.5 Kg</p>
        <p class="right price"><b>2.35 €</b></p>
        <p class="right unitPrice">4.71 € per kg</p>
    </div>
    <div class="notAvailable">
    <a class="button bgDarkGrey white" href="../malloreddus-cuore-dellisola-500gr.html">Not available</a>
</div>
</div><div class="left product prod244"
        data-name="Lecca Fregola Grossa Gr 500"
        data-price="2.19"
        data-id="4475"
        data-available="no"
        data-category="434"
        data-bestselling="">
    <a href="../lecca-fregola-grossa-gr-500.html">
        <div style="background-image: url('../../cdn.spesati.com/images/products/13335002/lecca-fregola-grossa-01.jpg')">
            <div class="hover"></div>
            
            <div class="stickers"><img class="left" src="../../cdn.spesati.com/images/layout/sardinian.png" /></div>
        </div>
    </a>
    <div>
        <h4><a href="../lecca-fregola-grossa-gr-500.html"><b>Lecca Fregola Grossa Gr 500</b></a></h4>
        <p class="description">0.5 Kg</p>
        <p class="right price"><b>2.19 €</b></p>
        <p class="right unitPrice">4.38 € per kg</p>
    </div>
    <div class="notAvailable">
    <a class="button bgDarkGrey white" href="../lecca-fregola-grossa-gr-500.html">Not available</a>
</div>
</div><div class="left product prod245"
        data-name="Gnocco Fritto Piccinini 170 Gr"
        data-price="2.79"
        data-id="74192"
        data-available="no"
        data-category="434"
        data-bestselling="">
    <a href="../gnocco-fritto-piccinini-170-gr.html">
        <div style="background-image: url('../../cdn.spesati.com/images/products/000431381/gnocco-piccinini-gnocco-fritto-dellappennino-reggiano-modenese-0170-kg-01.png')">
            <div class="hover"></div>
            
            <div class="stickers"></div>
        </div>
    </a>
    <div>
        <h4><a href="../gnocco-fritto-piccinini-170-gr.html"><b>Gnocco Fritto Piccinini 170 Gr</b></a></h4>
        <p class="description">Gnocco Piccinini Gnocco Fritto dell'Appennino Reggiano Modenese 0,170 kg</p>
        <p class="right price"><b>2.79 €</b></p>
        <p class="right unitPrice">16.41 € per kg</p>
    </div>
    <div class="notAvailable">
    <a class="button bgDarkGrey white" href="../gnocco-fritto-piccinini-170-gr.html">Not available</a>
</div>
</div><div class="left product prod246"
        data-name="Pasta Garofalo Schiaffoni 500g"
        data-price="1.89"
        data-id="27836"
        data-available="no"
        data-category="434"
        data-bestselling="">
    <a href="../pasta-garofalo-schiaffoni-500g.html">
        <div style="background-image: url('../../cdn.spesati.com/images/products/000165857/garofalo-schiaffoni-83-1-pasta-di-gragnano-igp-500-g-01.png')">
            <div class="hover"></div>
            
            <div class="stickers"></div>
        </div>
    </a>
    <div>
        <h4><a href="../pasta-garofalo-schiaffoni-500g.html"><b>Pasta Garofalo Schiaffoni 500g</b></a></h4>
        <p class="description">Garofalo Schiaffoni 83-1 Pasta di Gragnano IGP 500 g</p>
        <p class="right price"><b>1.89 €</b></p>
        <p class="right unitPrice">3.78 € per kg</p>
    </div>
    <div class="notAvailable">
    <a class="button bgDarkGrey white" href="../pasta-garofalo-schiaffoni-500g.html">Not available</a>
</div>
</div><div class="left product prod247"
        data-name="Pasta Di Sardegna N86 Pipette"
        data-price="1.19"
        data-id="27808"
        data-available="no"
        data-category="434"
        data-bestselling="">
    <a href="../pasta-di-sardegna-n86-pipette.html">
        <div style="background-image: url('../../cdn.spesati.com/images/products/000165086/flli-cellino-pipette-rigate-86-500-g-01.png')">
            <div class="hover"></div>
            
            <div class="stickers"><img class="left" src="../../cdn.spesati.com/images/layout/sardinian.png" /></div>
        </div>
    </a>
    <div>
        <h4><a href="../pasta-di-sardegna-n86-pipette.html"><b>Pasta Di Sardegna N86 Pipette</b></a></h4>
        <p class="description">F.lli Cellino Pipette Rigate 86 500 g</p>
        <p class="right price"><b>1.19 €</b></p>
        <p class="right unitPrice">2.38 € per kg</p>
    </div>
    <div class="notAvailable">
    <a class="button bgDarkGrey white" href="../pasta-di-sardegna-n86-pipette.html">Not available</a>
</div>
</div><div class="left product prod248"
        data-name="Pasta Di Sardegna Filini N14"
        data-price="1.12"
        data-id="7135"
        data-available="no"
        data-category="434"
        data-bestselling="">
    <a href="../pasta-di-sardegna-filini-n14.html">
        <div style="background-image: url('../../cdn.spesati.com/images/products/000165075/flli-cellino-filini-14-500-g-01.png')">
            <div class="hover"></div>
            
            <div class="stickers"><img class="left" src="../../cdn.spesati.com/images/layout/sardinian.png" /></div>
        </div>
    </a>
    <div>
        <h4><a href="../pasta-di-sardegna-filini-n14.html"><b>Pasta Di Sardegna Filini N14</b></a></h4>
        <p class="description">F.lli Cellino Filini 14 500 g</p>
        <p class="right price"><b>1.12 €</b></p>
        <p class="right unitPrice">2.25 € per kg</p>
    </div>
    <div class="notAvailable">
    <a class="button bgDarkGrey white" href="../pasta-di-sardegna-filini-n14.html">Not available</a>
</div>
</div><div class="left product prod249"
        data-name="Pasta Di Sardegna N41 Conchigl"
        data-price="1.21"
        data-id="27805"
        data-available="no"
        data-category="434"
        data-bestselling="">
    <a href="../pasta-di-sardegna-n41-conchigl.html">
        <div style="background-image: url('../../cdn.spesati.com/images/products/000165041/flli-cellino-conchigliette-rigate-41-500-g-01.png')">
            <div class="hover"></div>
            
            <div class="stickers"><img class="left" src="../../cdn.spesati.com/images/layout/sardinian.png" /></div>
        </div>
    </a>
    <div>
        <h4><a href="../pasta-di-sardegna-n41-conchigl.html"><b>Pasta Di Sardegna N41 Conchigl</b></a></h4>
        <p class="description">F.lli Cellino Conchigliette Rigate 41 500 g</p>
        <p class="right price"><b>1.21 €</b></p>
        <p class="right unitPrice">2.42 € per kg</p>
    </div>
    <div class="notAvailable">
    <a class="button bgDarkGrey white" href="../pasta-di-sardegna-n41-conchigl.html">Not available</a>
</div>
</div><div class="left product prod250"
        data-name="Pasta Divella Elicoida 22 500g"
        data-price="0.99"
        data-id="27713"
        data-available="no"
        data-category="434"
        data-bestselling="">
    <a href="../pasta-divella-elicoida-22-500g.html">
        <div style="background-image: url('../../cdn.spesati.com/images/products/000145228/divella-elicoidali-22-500-g-01.png')">
            <div class="hover"></div>
            
            <div class="stickers"></div>
        </div>
    </a>
    <div>
        <h4><a href="../pasta-divella-elicoida-22-500g.html"><b>Pasta Divella Elicoida 22 500g</b></a></h4>
        <p class="description">Divella Elicoidali 22 500 g</p>
        <p class="right price"><b>0.99 €</b></p>
        <p class="right unitPrice">1.99 € per kg</p>
    </div>
    <div class="notAvailable">
    <a class="button bgDarkGrey white" href="../pasta-divella-elicoida-22-500g.html">Not available</a>
</div>
</div><div class="left product prod251"
        data-name="Pasta Barilla Spagh.ni N5 1kg"
        data-price="2.39"
        data-id="27674"
        data-available="no"
        data-category="434"
        data-bestselling="">
    <a href="../pasta-barilla-spaghni-n5-1kg.html">
        <div style="background-image: url('../../cdn.spesati.com/images/products/000145005/barilla-pasta-spaghetti-n5-100-grano-italiano-1kg-01.png')">
            <div class="hover"></div>
            
            <div class="stickers"></div>
        </div>
    </a>
    <div>
        <h4><a href="../pasta-barilla-spaghni-n5-1kg.html"><b>Pasta Barilla Spagh.ni N5 1kg</b></a></h4>
        <p class="description">Barilla Pasta Spaghetti n.5 100% Grano Italiano 1Kg</p>
        <p class="right price"><b>2.39 €</b></p>
        <p class="right unitPrice">2.39 € per kg</p>
    </div>
    <div class="notAvailable">
    <a class="button bgDarkGrey white" href="../pasta-barilla-spaghni-n5-1kg.html">Not available</a>
</div>
</div><div class="left product prod252"
        data-name="Barilla Pasta Farfalline"
        data-price="1.15"
        data-id="2397"
        data-available="no"
        data-category="434"
        data-bestselling="">
    <a href="../barilla-pasta-farfalline.html">
        <div style="background-image: url('../../cdn.spesati.com/images/products/000140159/barilla-pasta-farfalline-n59-100-grano-italiano-500-g-01.png')">
            <div class="hover"></div>
            
            <div class="stickers"></div>
        </div>
    </a>
    <div>
        <h4><a href="../barilla-pasta-farfalline.html"><b>Barilla Pasta Farfalline</b></a></h4>
        <p class="description">Barilla Pasta Farfalline n.59 100% grano italiano 500 g</p>
        <p class="right price"><b>1.15 €</b></p>
        <p class="right unitPrice">2.30 € per kg</p>
    </div>
    <div class="notAvailable">
    <a class="button bgDarkGrey white" href="../barilla-pasta-farfalline.html">Not available</a>
</div>
</div><div class="left product prod253"
        data-name="Pasta La Molis Rigatoni 500gr"
        data-price="1.45"
        data-id="60627"
        data-available="no"
        data-category="434"
        data-bestselling="">
    <a href="../pasta-la-molis-rigatoni-500gr.html">
        <div style="background-image: url('../../cdn.spesati.com/images/products/000140103/la-molisana-31-rigatoni-500-g-01.png')">
            <div class="hover"></div>
            
            <div class="stickers"></div>
        </div>
    </a>
    <div>
        <h4><a href="../pasta-la-molis-rigatoni-500gr.html"><b>Pasta La Molis Rigatoni 500gr</b></a></h4>
        <p class="description">La Molisana 31 Rigatoni 500 g</p>
        <p class="right price"><b>1.45 €</b></p>
        <p class="right unitPrice">2.90 € per kg</p>
    </div>
    <div class="notAvailable">
    <a class="button bgDarkGrey white" href="../pasta-la-molis-rigatoni-500gr.html">Not available</a>
</div>
</div><div class="left product prod254"
        data-name="Pasta La Molis Penne Rigat 500"
        data-price="1.49"
        data-id="60621"
        data-available="no"
        data-category="434"
        data-bestselling="">
    <a href="../pasta-la-molis-penne-rigat-500.html">
        <div style="background-image: url('../../cdn.spesati.com/images/products/000140101/la-molisana-20-penne-rigate-500-g-01.png')">
            <div class="hover"></div>
            
            <div class="stickers"></div>
        </div>
    </a>
    <div>
        <h4><a href="../pasta-la-molis-penne-rigat-500.html"><b>Pasta La Molis Penne Rigat 500</b></a></h4>
        <p class="description">La Molisana 20 Penne Rigate 500 g</p>
        <p class="right price"><b>1.49 €</b></p>
        <p class="right unitPrice">2.98 € per kg</p>
    </div>
    <div class="notAvailable">
    <a class="button bgDarkGrey white" href="../pasta-la-molis-penne-rigat-500.html">Not available</a>
</div>
</div><div class="left product prod255"
        data-name="Pasta La Molis Spaghetti 500gr"
        data-price="1.49"
        data-id="60618"
        data-available="no"
        data-category="434"
        data-bestselling="">
    <a href="../pasta-la-molis-spaghetti-500gr.html">
        <div style="background-image: url('../../cdn.spesati.com/images/products/000140100/la-molisana-15-spaghetti-500-g-01.png')">
            <div class="hover"></div>
            
            <div class="stickers"></div>
        </div>
    </a>
    <div>
        <h4><a href="../pasta-la-molis-spaghetti-500gr.html"><b>Pasta La Molis Spaghetti 500gr</b></a></h4>
        <p class="description">La Molisana 15 Spaghetti 500 g</p>
        <p class="right price"><b>1.49 €</b></p>
        <p class="right unitPrice">2.98 € per kg</p>
    </div>
    <div class="notAvailable">
    <a class="button bgDarkGrey white" href="../pasta-la-molis-spaghetti-500gr.html">Not available</a>
</div>
</div><div class="left product prod256"
        data-name="Pasta Gragnano Rigatoni 500gr"
        data-price="3.23"
        data-id="76577"
        data-available="no"
        data-category="434"
        data-bestselling="">
    <a href="../pasta-gragnano-rigatoni-500gr.html">
        <div style="background-image: url('../../cdn.spesati.com/images/products/000140078/premiato-pastificio-ferdinando-ii-rigatoni-pasta-di-gragnano-igp-500-g-01.png')">
            <div class="hover"></div>
            
            <div class="stickers"></div>
        </div>
    </a>
    <div>
        <h4><a href="../pasta-gragnano-rigatoni-500gr.html"><b>Pasta Gragnano Rigatoni 500gr</b></a></h4>
        <p class="description">Premiato Pastificio Ferdinando II Rigatoni Pasta di Gragnano I.G.P. 500 g</p>
        <p class="right price"><b>3.23 €</b></p>
        <p class="right unitPrice">6.46 € per kg</p>
    </div>
    <div class="notAvailable">
    <a class="button bgDarkGrey white" href="../pasta-gragnano-rigatoni-500gr.html">Not available</a>
</div>
</div><div class="left product prod257"
        data-name="Barilla Pasta Vermicellini"
        data-price="1.15"
        data-id="2425"
        data-available="no"
        data-category="434"
        data-bestselling="">
    <a href="../barilla-pasta-vermicellini.html">
        <div style="background-image: url('../../cdn.spesati.com/images/products/000140007/barilla-pasta-spaghetti-grossi-n7-100-grano-italiano-500g-01.png')">
            <div class="hover"></div>
            
            <div class="stickers"></div>
        </div>
    </a>
    <div>
        <h4><a href="../barilla-pasta-vermicellini.html"><b>Barilla Pasta Vermicellini</b></a></h4>
        <p class="description">Barilla Pasta Spaghetti Grossi n.7 100% Grano Italiano 500g</p>
        <p class="right price"><b>1.15 €</b></p>
        <p class="right unitPrice">2.30 € per kg</p>
    </div>
    <div class="notAvailable">
    <a class="button bgDarkGrey white" href="../barilla-pasta-vermicellini.html">Not available</a>
</div>
</div><div class="left product prod258"
        data-name="Pasta Divella Fusilli 40 500gr"
        data-price="1.00"
        data-id="26825"
        data-available="no"
        data-category="434"
        data-bestselling="">
    <a href="../pasta-divella-fusilli-40-500gr.html">
        <div style="background-image: url('../../cdn.spesati.com/images/products/000118920/divella-fusili-40-500-g-01.png')">
            <div class="hover"></div>
            
            <div class="stickers"></div>
        </div>
    </a>
    <div>
        <h4><a href="../pasta-divella-fusilli-40-500gr.html"><b>Pasta Divella Fusilli 40 500gr</b></a></h4>
        <p class="description">Divella Fusili 40 500 g</p>
        <p class="right price"><b>1.00 €</b></p>
        <p class="right unitPrice">2.01 € per kg</p>
    </div>
    <div class="notAvailable">
    <a class="button bgDarkGrey white" href="../pasta-divella-fusilli-40-500gr.html">Not available</a>
</div>
</div><div class="left product prod259"
        data-name="Pasta Divella Pen-zit R 27 500"
        data-price="0.99"
        data-id="26823"
        data-available="no"
        data-category="434"
        data-bestselling="">
    <a href="../pasta-divella-pen-zit-r-27-500.html">
        <div style="background-image: url('../../cdn.spesati.com/images/products/000118918/divella-penne-ziti-rigate-27-500-g-01.png')">
            <div class="hover"></div>
            
            <div class="stickers"></div>
        </div>
    </a>
    <div>
        <h4><a href="../pasta-divella-pen-zit-r-27-500.html"><b>Pasta Divella Pen-zit R 27 500</b></a></h4>
        <p class="description">Divella Penne Ziti Rigate 27 500 g</p>
        <p class="right price"><b>0.99 €</b></p>
        <p class="right unitPrice">1.99 € per kg</p>
    </div>
    <div class="notAvailable">
    <a class="button bgDarkGrey white" href="../pasta-divella-pen-zit-r-27-500.html">Not available</a>
</div>
</div><div class="left product prod260"
        data-name="Pasta Divella Mezz Rig 18 500g"
        data-price="0.99"
        data-id="59715"
        data-available="no"
        data-category="434"
        data-bestselling="">
    <a href="../pasta-divella-mezz-rig-18-500g.html">
        <div style="background-image: url('../../cdn.spesati.com/images/products/000118917/divella-mezzi-rigatoni-18-500-g-01.png')">
            <div class="hover"></div>
            
            <div class="stickers"></div>
        </div>
    </a>
    <div>
        <h4><a href="../pasta-divella-mezz-rig-18-500g.html"><b>Pasta Divella Mezz Rig 18 500g</b></a></h4>
        <p class="description">Divella Mezzi Rigatoni 18 500 g</p>
        <p class="right price"><b>0.99 €</b></p>
        <p class="right unitPrice">1.99 € per kg</p>
    </div>
    <div class="notAvailable">
    <a class="button bgDarkGrey white" href="../pasta-divella-mezz-rig-18-500g.html">Not available</a>
</div>
</div><div class="left product prod261"
        data-name="Divella Pasta Rigatoni 17 500Gr"
        data-price="0.99"
        data-id="4433"
        data-available="no"
        data-category="434"
        data-bestselling="">
    <a href="../divella-pasta-rigatoni-17-500gr.html">
        <div style="background-image: url('../../cdn.spesati.com/images/products/000118916/divella-rigatoni-17-500-g-01.png')">
            <div class="hover"></div>
            
            <div class="stickers"></div>
        </div>
    </a>
    <div>
        <h4><a href="../divella-pasta-rigatoni-17-500gr.html"><b>Divella Pasta Rigatoni 17 500Gr</b></a></h4>
        <p class="description">Divella Rigatoni 17 500 g</p>
        <p class="right price"><b>0.99 €</b></p>
        <p class="right unitPrice">1.99 € per kg</p>
    </div>
    <div class="notAvailable">
    <a class="button bgDarkGrey white" href="../divella-pasta-rigatoni-17-500gr.html">Not available</a>
</div>
</div><div class="left product prod262"
        data-name="Pasta Divella Linguine 14 500g"
        data-price="1.00"
        data-id="26822"
        data-available="no"
        data-category="434"
        data-bestselling="">
    <a href="../pasta-divella-linguine-14-500g.html">
        <div style="background-image: url('../../cdn.spesati.com/images/products/000118915/divella-linguine-14-500-g-01.png')">
            <div class="hover"></div>
            
            <div class="stickers"></div>
        </div>
    </a>
    <div>
        <h4><a href="../pasta-divella-linguine-14-500g.html"><b>Pasta Divella Linguine 14 500g</b></a></h4>
        <p class="description">Divella Linguine 14 500 g</p>
        <p class="right price"><b>1.00 €</b></p>
        <p class="right unitPrice">2.01 € per kg</p>
    </div>
    <div class="notAvailable">
    <a class="button bgDarkGrey white" href="../pasta-divella-linguine-14-500g.html">Not available</a>
</div>
</div><div class="left product prod263"
        data-name="Pasta Divella Spagh Rist 500gr"
        data-price="0.99"
        data-id="26821"
        data-available="no"
        data-category="434"
        data-bestselling="">
    <a href="../pasta-divella-spagh-rist-500gr.html">
        <div style="background-image: url('../../cdn.spesati.com/images/products/000118914/divella-spaghetti-ristorante-8-500-g-01.png')">
            <div class="hover"></div>
            
            <div class="stickers"></div>
        </div>
    </a>
    <div>
        <h4><a href="../pasta-divella-spagh-rist-500gr.html"><b>Pasta Divella Spagh Rist 500gr</b></a></h4>
        <p class="description">Divella Spaghetti Ristorante 8 500 g</p>
        <p class="right price"><b>0.99 €</b></p>
        <p class="right unitPrice">1.99 € per kg</p>
    </div>
    <div class="notAvailable">
    <a class="button bgDarkGrey white" href="../pasta-divella-spagh-rist-500gr.html">Not available</a>
</div>
</div><div class="left product prod264"
        data-name="Lecca Fregola Media Gr 500"
        data-price="1.75"
        data-id="4476"
        data-available="no"
        data-category="434"
        data-bestselling="">
    <a href="../lecca-fregola-media-gr-500.html">
        <div style="background-image: url('../../cdn.spesati.com/images/products/000101420/gnocchettificio-eredi-lecca-fregula-sarda-media-500-g-01.png')">
            <div class="hover"></div>
            
            <div class="stickers"></div>
        </div>
    </a>
    <div>
        <h4><a href="../lecca-fregola-media-gr-500.html"><b>Lecca Fregola Media Gr 500</b></a></h4>
        <p class="description">Gnocchettificio Eredi Lecca "Fregula Sarda" Media 500 g</p>
        <p class="right price"><b>1.75 €</b></p>
        <p class="right unitPrice">3.50 € per kg</p>
    </div>
    <div class="notAvailable">
    <a class="button bgDarkGrey white" href="../lecca-fregola-media-gr-500.html">Not available</a>
</div>
</div><div class="left product prod265"
        data-name="Trancetti Filet D Baccala 400g"
        data-price="8.90"
        data-id="89164"
        data-available="no"
        data-category="499989"
        data-bestselling="">
    <a href="../trancetti-filet-d-baccala-400g.html">
        <div style="background-image: url('../../cdn.spesati.com/images/products/missing-image/missing-image.jpg')">
            <div class="hover"></div>
            
            <div class="stickers"></div>
        </div>
    </a>
    <div>
        <h4><a href="../trancetti-filet-d-baccala-400g.html"><b>Trancetti Filet D Baccala 400g</b></a></h4>
        <p class="description">0.4 Kg</p>
        <p class="right price"><b>8.90 €</b></p>
        <p class="right unitPrice">22.25 € per kg</p>
    </div>
    <div class="notAvailable">
    <a class="button bgDarkGrey white" href="../trancetti-filet-d-baccala-400g.html">Not available</a>
</div>
</div><div class="left product prod266"
        data-name="Pasta Di Sardegna N11 Bavettin"
        data-price="1.21"
        data-id="27804"
        data-available="no"
        data-category="434"
        data-bestselling="">
    <a href="../pasta-di-sardegna-n11-bavettin.html">
        <div style="background-image: url('../../cdn.spesati.com/images/products/missing-image/missing-image.jpg')">
            <div class="hover"></div>
            
            <div class="stickers"><img class="left" src="../../cdn.spesati.com/images/layout/sardinian.png" /></div>
        </div>
    </a>
    <div>
        <h4><a href="../pasta-di-sardegna-n11-bavettin.html"><b>Pasta Di Sardegna N11 Bavettin</b></a></h4>
        <p class="description">0.5 Kg</p>
        <p class="right price"><b>1.21 €</b></p>
        <p class="right unitPrice">2.42 € per kg</p>
    </div>
    <div class="notAvailable">
    <a class="button bgDarkGrey white" href="../pasta-di-sardegna-n11-bavettin.html">Not available</a>
</div>
</div><div class="left product prod267"
        data-name="Pasta C Isola Boccoli N53 500g"
        data-price="1.49"
        data-id="32607"
        data-available="no"
        data-category="434"
        data-bestselling="">
    <a href="../pasta-c-isola-boccoli-n53-500g.html">
        <div style="background-image: url('../../cdn.spesati.com/images/products/missing-image/missing-image.jpg')">
            <div class="hover"></div>
            
            <div class="stickers"><img class="left" src="../../cdn.spesati.com/images/layout/sardinian.png" /></div>
        </div>
    </a>
    <div>
        <h4><a href="../pasta-c-isola-boccoli-n53-500g.html"><b>Pasta C Isola Boccoli N53 500g</b></a></h4>
        <p class="description">0.5 Kg</p>
        <p class="right price"><b>1.49 €</b></p>
        <p class="right unitPrice">2.98 € per kg</p>
    </div>
    <div class="notAvailable">
    <a class="button bgDarkGrey white" href="../pasta-c-isola-boccoli-n53-500g.html">Not available</a>
</div>
</div><div class="left product prod268"
        data-name="Pasta Divella Tofe 54 500gr"
        data-price="1.00"
        data-id="59589"
        data-available="no"
        data-category="434"
        data-bestselling="">
    <a href="../pasta-divella-tofe-54-500gr.html">
        <div style="background-image: url('../../cdn.spesati.com/images/products/missing-image/missing-image.jpg')">
            <div class="hover"></div>
            
            <div class="stickers"></div>
        </div>
    </a>
    <div>
        <h4><a href="../pasta-divella-tofe-54-500gr.html"><b>Pasta Divella Tofe 54 500gr</b></a></h4>
        <p class="description">0.5 Kg</p>
        <p class="right price"><b>1.00 €</b></p>
        <p class="right unitPrice">2.01 € per kg</p>
    </div>
    <div class="notAvailable">
    <a class="button bgDarkGrey white" href="../pasta-divella-tofe-54-500gr.html">Not available</a>
</div>
</div><div class="left product prod269"
        data-name="Gnocchi Rdg Spinaci 400gr"
        data-price="2.49"
        data-id="74055"
        data-available="no"
        data-category="434"
        data-bestselling="">
    <a href="../gnocchi-rdg-spinaci-400gr.html">
        <div style="background-image: url('../../cdn.spesati.com/images/products/missing-image/missing-image.jpg')">
            <div class="hover"></div>
            
            <div class="stickers"></div>
        </div>
    </a>
    <div>
        <h4><a href="../gnocchi-rdg-spinaci-400gr.html"><b>Gnocchi Rdg Spinaci 400gr</b></a></h4>
        <p class="description">0.4 Kg</p>
        <p class="right price"><b>2.49 €</b></p>
        <p class="right unitPrice">6.23 € per kg</p>
    </div>
    <div class="notAvailable">
    <a class="button bgDarkGrey white" href="../gnocchi-rdg-spinaci-400gr.html">Not available</a>
</div>
</div><div class="left product prod270"
        data-name="Pasta De Cecco Orecchiette 3kg"
        data-price="11.29"
        data-id="27783"
        data-available="no"
        data-category="434"
        data-bestselling="">
    <a href="../pasta-de-cecco-orecchiette-3kg.html">
        <div style="background-image: url('../../cdn.spesati.com/images/products/missing-image/missing-image.jpg')">
            <div class="hover"></div>
            
            <div class="stickers"></div>
        </div>
    </a>
    <div>
        <h4><a href="../pasta-de-cecco-orecchiette-3kg.html"><b>Pasta De Cecco Orecchiette 3kg</b></a></h4>
        <p class="description">3 Kg</p>
        <p class="right price"><b>11.29 €</b></p>
        <p class="right unitPrice">3.76 € per kg</p>
    </div>
    <div class="notAvailable">
    <a class="button bgDarkGrey white" href="../pasta-de-cecco-orecchiette-3kg.html">Not available</a>
</div>
</div><div class="left product prod271"
        data-name="Malloreddus C Isola 400gr"
        data-price="1.99"
        data-id="83522"
        data-available="no"
        data-category="434"
        data-bestselling="">
    <a href="../malloreddus-c-isola-400gr.html">
        <div style="background-image: url('../../cdn.spesati.com/images/products/missing-image/missing-image.jpg')">
            <div class="hover"></div>
            
            <div class="stickers"><img class="left" src="../../cdn.spesati.com/images/layout/sardinian.png" /></div>
        </div>
    </a>
    <div>
        <h4><a href="../malloreddus-c-isola-400gr.html"><b>Malloreddus C Isola 400gr</b></a></h4>
        <p class="description">0.4 Kg</p>
        <p class="right price"><b>1.99 €</b></p>
        <p class="right unitPrice">4.97 € per kg</p>
    </div>
    <div class="notAvailable">
    <a class="button bgDarkGrey white" href="../malloreddus-c-isola-400gr.html">Not available</a>
</div>
</div><div class="left product prod272"
        data-name="Ravioli Past Samug Ric-spi 1.5"
        data-price="10.52"
        data-id="24989"
        data-available="no"
        data-category="434"
        data-bestselling="">
    <a href="../ravioli-past-samug-ric-spi-15.html">
        <div style="background-image: url('../../cdn.spesati.com/images/products/missing-image/missing-image.jpg')">
            <div class="hover"></div>
            
            <div class="stickers"></div>
        </div>
    </a>
    <div>
        <h4><a href="../ravioli-past-samug-ric-spi-15.html"><b>Ravioli Past Samug Ric-spi 1.5</b></a></h4>
        <p class="description">1.5 Kg</p>
        <p class="right price"><b>10.52 €</b></p>
        <p class="right unitPrice">7.02 € per kg</p>
    </div>
    <div class="notAvailable">
    <a class="button bgDarkGrey white" href="../ravioli-past-samug-ric-spi-15.html">Not available</a>
</div>
</div><div class="left product prod273"
        data-name="Pasta Divella Filini 79 500gr"
        data-price="0.99"
        data-id="27719"
        data-available="no"
        data-category="434"
        data-bestselling="">
    <a href="../pasta-divella-filini-79-500gr.html">
        <div style="background-image: url('../../cdn.spesati.com/images/products/missing-image/missing-image.jpg')">
            <div class="hover"></div>
            
            <div class="stickers"></div>
        </div>
    </a>
    <div>
        <h4><a href="../pasta-divella-filini-79-500gr.html"><b>Pasta Divella Filini 79 500gr</b></a></h4>
        <p class="description">0.5 Kg</p>
        <p class="right price"><b>0.99 €</b></p>
        <p class="right unitPrice">1.99 € per kg</p>
    </div>
    <div class="notAvailable">
    <a class="button bgDarkGrey white" href="../pasta-divella-filini-79-500gr.html">Not available</a>
</div>
</div><div class="left product prod274"
        data-name="Pasta Divella Gomiti 53 500gr"
        data-price="1.00"
        data-id="27720"
        data-available="no"
        data-category="434"
        data-bestselling="">
    <a href="../pasta-divella-gomiti-53-500gr.html">
        <div style="background-image: url('../../cdn.spesati.com/images/products/missing-image/missing-image.jpg')">
            <div class="hover"></div>
            
            <div class="stickers"></div>
        </div>
    </a>
    <div>
        <h4><a href="../pasta-divella-gomiti-53-500gr.html"><b>Pasta Divella Gomiti 53 500gr</b></a></h4>
        <p class="description">0.5 Kg</p>
        <p class="right price"><b>1.00 €</b></p>
        <p class="right unitPrice">2.01 € per kg</p>
    </div>
    <div class="notAvailable">
    <a class="button bgDarkGrey white" href="../pasta-divella-gomiti-53-500gr.html">Not available</a>
</div>
</div>        </div>
    </div>
</section>
<div class="footer">
    <div class="bgDarkGrey"></div>
    <footer>
        <div class="left bgDarkGrey">
            <a id="logoFooter" href="../index.html" class="estDynamic">
                <img src="../../cdn.spesati.com/images/layout/logo-eng.png" alt="Spesati.com" />
                <h2 class="red">Grocery Delivery</h2>
            </a>
            <a class="button bgRed white mobile" href="tel:390707968318">Phone order</a>
            <a class="button bgRed white desktop" href="../news/2020-04-07/news-on-spesati-the-telephone-order-service-is-active.html">Phone order</a>
            <a class="button bgRed white" href="../cdn-cgi/l/email-protection.html#a0c9cec6cfe0d3d0c5d3c1d4c98ec3cfcd">Send mail</a>
            <div id="social">
                <a class="left" href="https://www.facebook.com/spesati/" rel="external" target="_blank">
                    <span class="facebook bgRed fa-stack fa-lg">
                        <i class="fa fa-facebook fa-stack-1x "></i>
                    </span>
                </a>
                <a class="right" href="https://twitter.com/spesati" rel="external" target="_blank">
                    <span class="twitter bgRed fa-stack fa-lg">
                        <i class="fa fa-twitter fa-stack-1x "></i>
                    </span>
                </a>
            </div>
            <p>Copyright 2024 Spesati.com </p>
            
                    <p>All rights reserved</p>
                    <p>SPESATI SRL</p>
                    <p>Corso Vittorio Veneto 15/I, 07026, Olbia</p>
                    <p>CF e P.Iva: 02772380909</p>
                        </div>
        <div class="center bgRed">
            <div class="top">
                <h3>Categories</h3>
                <div class="col">
                    <ul>
                        <li>
                            <a href="#" class="estDynamic">On sale</a>
                        </li>
                        <li>
                            <a href="../fruit-and-vegetables.html" class="estDynamic">Fruit and vegetables</a>
                        </li>
                        <li>
                            <a href="../fresh-products.html" class="estDynamic">Fresh products</a>
                        </li>
                        <li>
                            <a href="../frozen-foods.html" class="estDynamic">Frozen foods</a>
                        </li>
                        <li>
                            <a href="../bread-and-pasta.html" class="estDynamic">Bread and pasta</a>
                        </li>
                        <li>
                            <a href="../meat.html" class="estDynamic">Meat</a>
                        </li>
                        <li>
                            <a href="../fish.html" class="estDynamic">Fish</a>
                        </li>
                    </ul>
                </div>
                <div class="col">
                    <ul>
                        <li>
                            <a href="../wine-beer-and-spirits.html" class="estDynamic">Wine beer and spirits</a>
                        </li>
                        <li>
                            <a href="../water-and-drinks.html" class="estDynamic">Water and drinks</a>
                        </li>
                        <li>
                            <a href="../sweets.html" class="estDynamic">Sweets</a>
                        </li>
                        <li>
                            <a href="../shelf.html" class="estDynamic">Cupboard</a>
                        </li>
                        <li>
                            <a href="../personal-care.html" class="estDynamic">Personal care</a>
                        </li>
                        <li>
                            <a href="../household-and-outdoors.html" class="estDynamic">Home and outdoors</a>
                        </li>
                        <li>
                            <a href="../pet.html" class="estDynamic">Pets</a>
                        </li>
                    </ul>
                </div>
                <div class="col">
                    <ul>
                        <li>
                            <a href="../technology.html" class="estDynamic">Technology</a>
                        </li>
                        <li>
                            <a href="../gluten-free.html" class="estDynamic">Gluten free</a>
                        </li>
                        <li>
                            <a href="../lactose-free.html" class="estDynamic">Lactose free</a>
                        </li>
                        <li>
                            <a href="../special.html" class="estDynamic">Special</a>
                        </li>
                        <li>
                            <a href="../sardinian-products.html" class="estDynamic">Sardinian products</a>
                        </li>
                    </ul>
                </div>
            </div>
            <div class="bottom bgRed">
                <div class="left">
                    <h3>Delivery payment</h3>
                    <div>
                        <i class="fa fa-money fa-3x" aria-hidden="true"></i>
                        <p>Cash</p>
                    </div>
                    <div>
                        <i class="fa fa-credit-card fa-3x" aria-hidden="true"></i>
                        <p>Bancomat or card</p>
                    </div>
                </div>
                <div class="right">
                    <h3>Online payment</h3>
                    <div>
                        <i class="fa fa-credit-card fa-3x" aria-hidden="true"></i>
                        <p>Credit or debit card <span class="red">online</span></p>
                    </div>
                    <div>
                        <i class="fa fa-paypal fa-3x" aria-hidden="true"></i>
                        <p>PayPal</p>
                    </div>
                    <div>
                        <i class="fa fa-university fa-3x" aria-hidden="true"></i>
                        <p>Bank transfer</p>
                    </div>
                </div>
            </div>
        </div>
        <div class="right bgRed">
            <div>
                <i class="fa fa-truck fa-flip-horizontal"></i>
                <a class="button bgYellow white" href="../delivery-prices.html">Delivery prices</a>
                
                    <h3>Home delivery:</h3>
                    <p><b>Monday to Saturday</b></p>
                    <p><b>9:00 to 20:00</b></p>
                    <p><b>Minimum order:</b> 29€</p>
                    <p><b>Delivery starting from:</b> 3,50€</p>
                            </div>
            <ul>
                <li>
                    <a href="../delivery-prices.html">Delivery prices</a>
                </li>
                <li>
                    <a href="../about.html">About</a>
                </li>
                <li>
                    <a href="../faq.html">Faq</a>
                </li>
                <li>
                    <a href="../customer-care.html">Support</a>
                </li>
                <li>
                    <a href="../news.html">Blog</a>
                </li>
                <li>
                    <a href="../terms-and-conditions.html">Conditions</a>
                </li>
                <li>
                    <a href="../privacy-policy.html">Privacy policy</a>
                </li>
                <li>
                    <a href="../legal-warranty.html">Legal guarantee</a>
                </li>
            </ul>
        </div>
    </footer>
    <div class="bgRed"></div>
</div>
<!--Start of Tawk.to Script-->
<script data-cfasync="false" src="../cdn-cgi/scripts/5c5dd728/cloudflare-static/email-decode.min.js"></script><script type="text/javascript">
var Tawk_API=Tawk_API||{}, Tawk_LoadStart=new Date();
(function(){
var s1=document.createElement("script"),s0=document.getElementsByTagName("script")[0];
s1.async=true;
s1.src='https://embed.tawk.to/59e86945c28eca75e4626ed9/default';
s1.charset='UTF-8';
s1.setAttribute('crossorigin','*');
s0.parentNode.insertBefore(s1,s0);
})();
</script>
<!--End of Tawk.to Script-->

<!-- Here are parked a few translatable strings, useful for Javascript rendering -->
<div id="js-texts" hidden>
    <input type="hidden" name="save_cart_notice" value="Saving your cart it will be possible to reload it next time you come for shopping">
    <input type="hidden" name="save_cart_notice_title" value="Want to save your cart?">
    <input type="hidden" name="save_cart_ok" value="Save">
    <input type="hidden" name="save_cart_ko" value="Don't Save">
    <input type="hidden" name="reload_cart" value="The Reload Order function allows you to top up your last cart to make a New Order. Warning: do not use this function to add products to the last order. At this time it is not possible to modify an order placed previously.">
</div>

<!-- new site and login popup -->
</body>
<!-- Mirrored from www.spesati.com/bread-and-pasta/pasta by HTTrack Website Copier/3.x [XR&CO'2014], Fri, 23 Feb 2024 17:57:35 GMT -->
</html>