<!DOCTYPE html><html lang="en">
<!-- Mirrored from www.spesati.com/bread-and-pasta/soft-bread by HTTrack Website Copier/3.x [XR&CO'2014], Fri, 23 Feb 2024 17:50:35 GMT -->
<!-- Added by HTTrack --><meta http-equiv="content-type" content="text/html;charset=utf-8" /><!-- /Added by HTTrack -->
<head>
    <title>Soft bread - Bread and pasta - Spesati.com</title>
    <meta http-equiv="Content-Type" content="text/html; charset=UTF-8" />
    <meta name="description" content="" />
    <meta name="keywords" content="" />
    <link href="../images/favicon.ico" rel="shortcut icon" type="image/x-icon" />
    <meta name="author" content="www.dodify.com" /><link rel="canonical" href="soft-bread.html" /><link rel="alternate" hreflang="en" href="soft-bread.html" /><link rel="alternate" hreflang="it" href="https://www.spesati.it/pane-e-pasta/pane-morbido" /><link href="../../cdnjs.cloudflare.com/ajax/libs/meyer-reset/2.0/reset.min.css" rel="stylesheet" type="text/css" /><link href="../../cdnjs.cloudflare.com/ajax/libs/font-awesome/6.5.1/css/all.min.css" rel="stylesheet" type="text/css" /><link href="https://fonts.googleapis.com/css?family=Montserrat:400,700" rel="stylesheet" type="text/css" /><link href="../../cdnjs.cloudflare.com/ajax/libs/fancybox/2.1.5/jquery.fancybox.min.css" rel="stylesheet" type="text/css" /><link href="../style/mainbea6.css?v=7" rel="stylesheet" type="text/css" /><link href="../style/lightslider.css" rel="stylesheet" type="text/css" /><link href="../style/categories.css" rel="stylesheet" type="text/css" /><script src="../../cdnjs.cloudflare.com/ajax/libs/jquery/3.6.1/jquery.min.js" type="text/javascript"></script><script src="../../ajax.googleapis.com/ajax/libs/jquery/1.11.0/jquery.min.js" type="text/javascript"></script><script src="http://unpkg.com/@floating-ui/core@0.4.0" type="text/javascript"></script><script src="http://unpkg.com/@floating-ui/dom@0.2.0" type="text/javascript"></script><script src="../../cdnjs.cloudflare.com/ajax/libs/fancybox/2.1.5/jquery.fancybox.min.js" type="text/javascript"></script><script src="../js/menu.js" type="text/javascript"></script><script src="../js/interfaceb6f5.js?v=10" type="text/javascript"></script><script src="../js/spesati.lightslider.min.js" type="text/javascript"></script><meta name="viewport" content="width=device-width, initial-scale=1, maximum-scale=1" /><meta name = "format-detection" content = "telephone=no">
<!-- Facebook Pixel Code -->
<script>
  !function(f,b,e,v,n,t,s)
  {if(f.fbq)return;n=f.fbq=function(){n.callMethod?
  n.callMethod.apply(n,arguments):n.queue.push(arguments)};
  if(!f._fbq)f._fbq=n;n.push=n;n.loaded=!0;n.version='2.0';
  n.queue=[];t=b.createElement(e);t.async=!0;
  t.src=v;s=b.getElementsByTagName(e)[0];
  s.parentNode.insertBefore(t,s)}(window, document,'script',
  '../../connect.facebook.net/en_US/fbevents.js');
  fbq('init', '792335014180667');
  fbq('track', 'PageView');
</script>
<noscript>
    <img height="1" width="1" style="display:none" src="https://www.facebook.com/tr?id=792335014180667&amp;ev=PageView&amp;noscript=1" />
</noscript>
<!-- End Facebook Pixel Code -->

<!-- GA4 -->
<script async src="https://www.googletagmanager.com/gtag/js?id=G-SSS6NRNXL0"></script>
<script>
  window.dataLayer = window.dataLayer || [];
  function gtag(){dataLayer.push(arguments);}
  gtag('js', new Date());
  gtag('config', 'AW-976671669');
  gtag('config', 'G-SSS6NRNXL0');
</script>
<!-- Elements for PWA deploy -->
<link rel="manifest" href="../manifest.json">
<meta name="theme-color" media="(prefers-color-scheme: light)" content="white">
<meta name="theme-color" media="(prefers-color-scheme: dark)"  content="black">
<link href=../images/icon-192.png rel=apple-touch-icon sizes="192x192">
<!-- Establishment logic -->
<script>var pageEstablishment = "Olbia"; var estDefaultPages = true</script>
    <!--[if lt IE 9]>
        <script src="https://cdnjs.cloudflare.com/ajax/libs/html5shiv/3.7.3/html5shiv.min.js" type="text/javascript"></script>
    <![endif]--><script type="text/javascript">
$(document).ready(function() {
    // Check if exists cookie
    if(document.cookie.indexOf("cookieAccepted") < 0) {
        var cookieText = '<div id=\"cookie\"><p>This site uses cookies. Cookies are used for ads personalisation. <a href=\"/privacy-policy\">More info</a></p><button id=\"cookieConsent\" type=\"button\">Accept</button></div>';
        $("body").append($(
            cookieText
        ));
        $('#cookie').css({
            'width'           : '100%',
            'text-align'      : 'center',
            'color'           : '#FFFFFF',
            'background-color': '#000000', 
            'opacity'         : '.8', 
            'position'        : 'fixed', 
            'bottom'          : '0',
            'padding'         : '.5em 0',
            'z-index'         : '999'
        });
        $('#cookie > *').css({
            'display': 'inline'
        });
        $('#cookie a').css({
            'color'          : '#FFFFFF',
            'text-decoration': 'underline',
            'margin-right'   : '2%'
        });
        $('#cookieConsent').click(function() {
            // Set cookie
            var expiry = new Date();
            expiry.setTime(expiry.getTime() + (365 * 24 * 60 * 60 * 1000));
            document.cookie = "cookieAccepted=yes; expires=" + expiry.toGMTString() + "; path=/; domain=.spesati.com";
            $('#cookie').css({'display': 'none'});
        });
    }
});
</script></head><body><script type="text/javascript">
    var addText = "Add";
    var slider  = null;
    $(document).ready(function() {
        slider = $('#cartSlider').lightSlider({
            controls: false,
            item:13,
            loop:false,
            slideMove:1,
            easing: 'cubic-bezier(0.25, 0, 0.25, 1)',
            speed:600,
            responsive : [
                {
                    breakpoint:1400,
                    settings: {
                        item:12,
                        slideMove:1,
                    }
                },
                {
                    breakpoint:1200,
                    settings: {
                        item:11,
                        slideMove:1,
                    }
                },
                {
                    breakpoint:1080,
                    settings: {
                        item:14,
                        slideMove:1,
                    }
                },
                {
                    breakpoint:800,
                    settings: {
                        item:12,
                        slideMove:1,
                    }
                }
            ]
        });
        $('.lSPager').css("display","none");
        $('.lSAction').css("display","block");
        $('#goToPrevSlide').on('click', function () {
            slider.goToPrevSlide();
        });
        $('#goToNextSlide').on('click', function () {
            slider.goToNextSlide();
        });
    });

</script>
<div id="header" class="bgYellow">
    <header>
        <a class="menu" href="#"><i class="fa red fa-bars fa-2x"></i></a>
        <a id="logo" class="colLeft estDynamic" href="../index.html">
            <img src="../../cdn.spesati.com/images/layout/logo-eng.png" alt="Spesati.com" />
            <h2 class="red">Grocery Delivery</h2>
        </a>
        <div class="colRight">
            <div id="controls" class="right">
                <p id="establishmentControls">
                    <span class="establishmentWarning"><i class="fa-solid fa-triangle-exclamation red" title="Stai visualizzando i prodotti disponibili in una zona diversa. Se vuoi cambiare zona, cliccan qui"></i>&nbsp;&nbsp;</span>
                    Shopping from <b><a id="establishment" href="#"></a></b> <span id="estAddress">for </span> <a href="../change-establishment.html">(<i class="fa-solid fa-pencil"></i> Change)</a> <span class="establishmentWarning">but viewing <b>Olbia</b></span>
                </p>
                <p><a href="https://www.spesati.it/pane-e-pasta/pane-morbido" class="black switch-site">Versione italiana</a></p>                
            </div>
            <div>
                <form id="search" action="https://www.spesati.com/search" method="post" class="left">
                    <fieldset>
                        <div>
                            <input type="text" name="searchBox" id="searchBox" placeholder="Search for a product"></input>
                            <input id="searchButton" type="submit" name="searchButton" class="button bgRed white left" value="Find" />
                        </div>
                    </fieldset>
                </form>
                <div class="center left">
                    <a class="button bgRed white log-in" href="../login.html">Login</a>
                    <a class="button bgRed white sign-up" href="../sign-up.html">Sign up</a>
                    <a class="button bgRed white profile" href="../profile.html">Profile</a>
                    <a class="button bgRed white log-out" href="../index.html" data-endpoint-check-cart="https://api.spesati.com/cart/check">Logout</a>
                </div>
                <div class="right user-function-icons">
                    <a class="red left account"><i class="fa fa-user fa-3x"></i></a>
                    <div id="dropdown">
                        <a class="log-in button bgRed white" href="../login.html">Login</a>
                        <a class="sign-up button bgRed white" href="../sign-up.html">Sign up</a>
                        <a class="profile button bgRed white" href="../profile.html">Profile</a>
                        <a class="log-out button bgRed white" href="../index.html">Logout</a>
                    </div>

                    <div class="cart left">
                        <i class="fa fa-sm fa-shopping-cart red" aria-hidden="true" id="shipping-cart-button"></i>
                        <p id="cartQuantity"></p>
                    </div>

                    <a class="right" href="../cart.html"><p class="black" id="cartTotal"></p></a>
                </div>
            </div>
                            <div id="previewCart">
                    <i id="goToPrevSlide" class="yellow fa fa-angle-left fa-2x" aria-hidden="true"></i>
                    <div><ul id="cartSlider"></ul></div>
                    <i id="goToNextSlide" class="yellow fa fa-angle-right fa-2x" aria-hidden="true"></i>
                </div>
                    </div>
    </header>

    <div id="shipping-cart-options" data-inited="false">
        <a href="../cart.html" class="goto-cart">checkout</a>
        <a href="#" data-endpoint-auth="https://api.spesati.com/cart/save" data-endpoint-noauth="/login" class="save-cart">save</a>
        <a href="#" data-endpoint-auth="https://api.spesati.com/cart/load" class="load-cart">load</a>
    </div>
</div>
<div id="menuCategoriesMobile" class="mobile bgRed">
    <div class="closeMenu">
        <i class="fa fa-times fa-2x white"></i>
        Close
    </div>
    <ul class="bgRed white">
        <div id="langMobile" class="right">
        <a href="https://www.spesati.it/pane-e-pasta/pane-morbido" class="white switch-site"><p>Versione italiana</p></a>    </div>
        <li><a>Categories</a>
            <ul class="bgWhite">
                <li>
                    <img src="../../cdn.spesati.com/images/menu/on-sale.png"/>
                    On sale                    <i class="fa fa-angle-down" aria-hidden="true"></i>
                    <ul class="sub-menu">
                    <li>
    <a href="../tacchino-fesa-a-fette.html">Tacchino Fesa A Fette</a>
</li><li>
    <a href="../amaro-montenegro-15lt.html">Amaro Montenegro 1,5lt</a>
</li><li>
    <a href="../carbone-di-legna-sacco-10kg.html">Carbone Di Legna Sacco 10Kg</a>
</li><li>
    <a href="../filu-e-ferru-silvio-carta-70cl.html">Filu E Ferru Silvio Carta 70Cl</a>
</li><li>
    <a href="../braciole-suino-con-cotenna.html">Braciole Suino Con Cotenna</a>
</li><li>
    <a href="../bovino-adulto-polpa.html">Bovino Adulto Polpa</a>
</li><li>
    <a href="../vino-la-palma-cannonau-le-bombarde.html">Vino La Palma Cannonau Le Bombarde</a>
</li><li>
    <a href="../fettine-sceltissime-bovino-adulto.html">Fettine Sceltissime Bovino Adulto</a>
</li><li>
    <a href="../suino-fettine-scelte.html">Suino Fettine Scelte</a>
</li><li>
    <a href="../lavazza-caffe-qualita-rossa-2x250gr.html">Lavazza Caffé Qualità Rossa 2x250gr</a>
</li>                        <li>
                            <a class="estDynamic" href="../on-offer.html">All products on sale</a>
                        </li>
                    </ul>
                </li>
                <li>
                    <img src="../../cdn.spesati.com/images/menu/gift.png"/>
                    Gifts                    <i class="fa fa-angle-down" aria-hidden="true"></i>
                    <ul class="sub-menu">
                        <li>
    <a href="../gift-card-da-150.html">Gift Card Da 150</a>
</li><li>
    <a href="../gift-card-da-100.html">Gift Card Da 100</a>
</li><li>
    <a href="../gift-card-da-50.html">Gift Card Da 50</a>
</li><li>
    <a href="../gift-card-da-25.html">Gift Card Da 25</a>
</li>                        <li>
                            <a class="estDynamic" href="../gift.html">All products in the gifts category</a>
                        </li>
                    </ul>
                </li>
                <li>
                    <img src="../../cdn.spesati.com/images/menu/gift-card.png"/>
                    Gift card and discounts                    <i class="fa fa-angle-down" aria-hidden="true"></i>
                    <ul class="sub-menu">
                        <li>
    <a href="../gift-card-da-150.html">Gift Card Da 150</a>
</li><li>
    <a href="../gift-card-da-100.html">Gift Card Da 100</a>
</li><li>
    <a href="../gift-card-da-50.html">Gift Card Da 50</a>
</li><li>
    <a href="../gift-card-da-25.html">Gift Card Da 25</a>
</li>                    </ul>
                </li>
                <li>
                    <img src="../../cdn.spesati.com/images/menu/fuit-and-vegetables.png"/>
                    Fruit and vegetables                    <i class="fa fa-angle-down" aria-hidden="true"></i>
                    <ul class="sub-menu">
                        <li>
                            <a class="estDynamic" href="../fruit-and-vegetables/pulses-and-beans.html">Cereals and pulses and beans</a>
                        </li>
                        <li>
                            <a class="estDynamic" href="../fruit-and-vegetables/fruit.html">Fruit</a>
                        </li>
                        <li>
                            <a class="estDynamic" href="../fruit-and-vegetables/canned-fruit.html">Canned fruit</a>
                        </li>
                        <li>
                            <a class="estDynamic" href="../fruit-and-vegetables/dried-fruit.html">Dried fruit</a>
                        </li>
                        <li>
                            <a class="estDynamic" href="../fruit-and-vegetables/ready-salads.html">Ready salads</a>
                        </li>
                        <li>
                            <a class="estDynamic" href="../fruit-and-vegetables/fresh-spices.html">Fresh spices</a>
                        </li>
                        <li>
                            <a class="estDynamic" href="../fruit-and-vegetables/vegetables.html">Vegetables and soy</a>
                        </li>
                    </ul>
                </li>
                <li>
                    <img src="../../cdn.spesati.com/images/menu/fresh-products.png"/>
                    Fresh products                    <i class="fa fa-angle-down" aria-hidden="true"></i>
                    <ul class="sub-menu">
                        <li>
                            <a class="estDynamic" href="../fresh-products/margarine-and-butter.html">Butter and margarine</a>
                        </li>
                        <li>
                            <a class="estDynamic" href="../fresh-products/danone.html">Danone</a>
                        </li>
                        <li>
                            <a class="estDynamic" href="../fresh-products/dessert.html">Dessert</a>
                        </li>
                        <li>
                            <a class="estDynamic" href="../fresh-products/sweets.html">Sweets</a>
                        </li>
                        <li>
                            <a class="estDynamic" href="../fresh-products/dairy-products.html">Dairy product</a>
                        </li>
                        <li>
                            <a class="estDynamic" href="../fresh-products/bakery.html">Yeast</a>
                        </li>
                        <li>
                            <a class="estDynamic" href="../fresh-products/mascarpone.html">Mascarpone</a>
                        </li>
                        <li>
                            <a class="estDynamic" href="../fresh-products/snacks.html">Snacks</a>
                        </li>
                        <li>
                            <a class="estDynamic" href="../fresh-products/mozzarella.html">Mozzarella</a>
                        </li>
                        <li>
                            <a class="estDynamic" href="../fresh-products/pasta.html">Pasta</a>
                        </li>
                        <li>
                            <a class="estDynamic" href="../fresh-products/pesto-and-sauces.html">Pesto and sauces</a>
                        </li>
                        <li>
                            <a class="estDynamic" href="../fresh-products/ricotta-and-cheese.html">Ricotta and cheese</a>
                        </li>
                        <li>
                            <a class="estDynamic" href="../fresh-products/cured-meat.html">Cured meat</a>
                        </li>
                        <li>
                            <a class="estDynamic" href="../fresh-products/wurstel.html">Würstel</a>
                        </li>
                        <li>
                            <a class="estDynamic" href="../fresh-products/yogurt.html">Yogurt</a>
                        </li>
                    </ul>
                </li>
                <li>
                    <img src="../../cdn.spesati.com/images/menu/frozen-foods.png"/>
                    Frozen foods                    <i class="fa fa-angle-down" aria-hidden="true"></i>
                    <ul class="sub-menu">
                        <li>
                            <a class="estDynamic" href="../frozen-foods/meat.html">Meat</a>
                        </li>
                        <li>
                            <a class="estDynamic" href="../frozen-foods/ice-creams.html">Ice cream and sweet</a>
                        </li>
                        <li>
                            <a class="estDynamic" href="../frozen-foods/pasta.html">Pasta</a>
                        </li>
                        <li>
                            <a class="estDynamic" href="../frozen-foods/fish.html">Fish</a>
                        </li>
                        <li>
                            <a class="estDynamic" href="../frozen-foods/ready-meals.html">Ready meals</a>
                        </li>
                        <li>
                            <a class="estDynamic" href="../frozen-foods/pizzas.html">Pizzas</a>
                        </li>
                        <li>
                            <a class="estDynamic" href="../frozen-foods/vegetables.html">Vegetables and soy</a>
                        </li>
                    </ul>
                </li>
                <li>
                    <img src="../../cdn.spesati.com/images/menu/bread-and-pasta.png"/>
                    Bread and pasta                    <i class="fa fa-angle-down" aria-hidden="true"></i>
                    <ul class="sub-menu">
                        <li>
                            <a class="estDynamic" href="crackers.html">Crackers</a>
                        </li>
                        <li>
                            <a class="estDynamic" href="rusks.html">Rusks</a>
                        </li>
                        <li>
                            <a class="estDynamic" href="white-bread.html">White bread</a>
                        </li>
                        <li>
                            <a class="estDynamic" href="local-bread.html">Local bread</a>
                        </li>
                        <li>
                            <a class="estDynamic" href="soft-bread.html">Soft bread</a>
                        </li>
                        <li>
                            <a class="estDynamic" href="sardinian-bread.html">Sardinian bread</a>
                        </li>
                        <li>
                            <a class="estDynamic" href="bakery.html">Bakery</a>
                        </li>
                        <li>
                            <a class="estDynamic" href="pasta.html">Pasta</a>
                        </li>
                        <li>
                            <a class="estDynamic" href="fresh-pasta.html">Fresh pasta</a>
                        </li>
                    </ul>
                </li>
                <li>
                    <img src="../../cdn.spesati.com/images/menu/meat.png"/>
                    Meat                    <i class="fa fa-angle-down" aria-hidden="true"></i>
                    <ul class="sub-menu">
                        <li>
                            <a class="estDynamic" href="../meat/beef.html">Beef</a>
                        </li>
                        <li>
                            <a class="estDynamic" href="../meat/goat.html">Goat</a>
                        </li>
                        <li>
                            <a class="estDynamic" href="../meat/packaged-meat.html">Packaged meat</a>
                        </li>
                        <li>
                            <a class="estDynamic" href="../meat/rabbit.html">Rabbit</a>
                        </li>
                        <li>
                            <a class="estDynamic" href="../meat/horse.html">Horse</a>
                        </li>
                        <li>
                            <a class="estDynamic" href="../meat/pork.html">Pork</a>
                        </li>
                        <li>
                            <a class="estDynamic" href="../meat/lamb.html">Lamb</a>
                        </li>
                        <li>
                            <a class="estDynamic" href="../meat/poultry.html">Poultry</a>
                        </li>
                    </ul>
                </li>
                <li>
                    <img src="../../cdn.spesati.com/images/menu/fish.png"/>
                    Fish                    <i class="fa fa-angle-down" aria-hidden="true"></i>
                    <ul class="sub-menu">
                        <li>
                            <a class="estDynamic" href="../fish/fresh-water.html">Fresh water</a>
                        </li>
                        <li>
                            <a class="estDynamic" href="../fish/salt-water.html">Salt water</a>
                        </li>
                        <li>
                            <a class="estDynamic" href="../fish/mussels.html">Mussels</a>
                        </li>
                        <li>
                            <a class="estDynamic" href="../fish/dried-and-salted.html">Dried and salted</a>
                        </li>
                        <li>
                            <a class="estDynamic" href="../fish/seafood-salad.html">Seafood salad</a>
                        </li>
                        <li>
                            <a class="estDynamic" href="../fish/prepared.html">Prepared</a>
                        </li>
                        <li>
                            <a class="estDynamic" href="../fish/specialty.html">Specialty</a>
                        </li>   
                        <li>
                            <a class="estDynamic" href="../fish/tuna-and-salmon.html">Tuna and salmon</a>
                        </li>
                    </ul>
                </li>
                <li>
                    <img src="../../cdn.spesati.com/images/menu/alcohol.png"/>
                    Wine beer and spirits                    <i class="fa fa-angle-down" aria-hidden="true"></i>
                    <ul class="sub-menu">
                        <li>
                            <a class="estDynamic" href="../wine-beer-and-spirits/spirits-and-liquors.html">Alcohol</a>
                        </li>
                        <li>
                            <a class="estDynamic" href="../wine-beer-and-spirits/bitters.html">Bitters</a>
                        </li>
                        <li>
                            <a class="estDynamic" href="../wine-beer-and-spirits/aperatif.html">Aperatifs</a>
                        </li>
                        <li>
                            <a class="estDynamic" href="../wine-beer-and-spirits/beer.html">Beer</a>
                        </li>
                        <li>
                            <a class="estDynamic" href="../wine-beer-and-spirits/creams.html">Creams</a>
                        </li>
                        <li>
                            <a class="estDynamic" href="../wine-beer-and-spirits/spirits.html">Spirits</a>
                        </li>
                        <li>
                            <a class="estDynamic" href="../wine-beer-and-spirits/liquors.html">Liquors</a>
                        </li>
                        <li>
                            <a class="estDynamic" href="../wine-beer-and-spirits/white-wine.html">White wine</a>
                        </li>
                        <li>
                            <a class="estDynamic" href="../wine-beer-and-spirits/prosecco-wine.html">Prosecco wine</a>
                        </li>
                        <li>
                            <a class="estDynamic" href="../wine-beer-and-spirits/rose-wine.html">Rose wine</a>
                        </li>
                        <li>
                            <a class="estDynamic" href="../wine-beer-and-spirits/red-wine.html">Red wine</a>
                        </li>
                        <li>
                            <a class="estDynamic" href="../wine-beer-and-spirits/specialty-wine.html">Special wine</a>
                        </li>
                        <li>
                            <a class="estDynamic" href="../wine-beer-and-spirits/sparkling-wine.html">Sparkling wine</a>
                        </li>
                        <li>
                            <a class="estDynamic" href="../wine-beer-and-spirits/vermentino-wine.html">Vermentino wine</a>
                        </li>
                    </ul>
                </li>
                <li>
                    <img src="../../cdn.spesati.com/images/menu/water-and-drinks.png"/>
                    Water and drinks                    <i class="fa fa-angle-down" aria-hidden="true"></i>
                    <ul class="sub-menu">
                        <li>
                            <a class="estDynamic" href="../water-and-drinks/san-martino.html">San Martino</a>
                        </li>
                        <li>
                            <a class="estDynamic" href="../water-and-drinks/water.html">Water</a>
                        </li>
                        <li>
                            <a class="estDynamic" href="../water-and-drinks/alpro.html">Alpro</a>
                        </li>
                        <li>
                            <a class="estDynamic" href="../water-and-drinks/fizzy-drinks.html">Fizzy drinks</a>
                        </li>
                        <li>
                            <a class="estDynamic" href="../water-and-drinks/coca-cola.html">Coca-Cola</a>
                        </li>
                        <li>
                            <a class="estDynamic" href="../water-and-drinks/energy-drink.html">Energy drink</a>
                        </li>
                        <li>
                            <a class="estDynamic" href="../water-and-drinks/syrups.html">Syrups</a>
                        </li>
                        <li>
                            <a class="estDynamic" href="../water-and-drinks/supplements.html">Supplements</a>
                        </li>
                        <li>
                            <a class="estDynamic" href="../water-and-drinks/instant-drinks.html">Instant drinks</a>
                        </li>
                        <li>
                            <a class="estDynamic" href="../water-and-drinks/juice.html">Juice</a>
                        </li>
                        <li>
                            <a class="estDynamic" href="../water-and-drinks/tea.html">Tea</a>
                        </li>
                    </ul>
                </li>
                <li>
                    <img src="../../cdn.spesati.com/images/menu/sweets.png"/>
                    Sweets                    <i class="fa fa-angle-down" aria-hidden="true"></i>
                    <ul class="sub-menu">
                        <li>
                            <a class="estDynamic" href="../sweets/bars-and-snacks.html">Bars and snacks</a>
                        </li>
                        <li>
                            <a class="estDynamic" href="../sweets/biscuits.html">Biscuits</a>
                        </li>
                        <li>
                            <a class="estDynamic" href="../sweets/brioches.html">Brioches</a>
                        </li>
                        <li>
                            <a class="estDynamic" href="../sweets/candy-and-chewing-gum.html">Candy and chewing gum</a>
                        </li>
                        <li>
                            <a class="estDynamic" href="../sweets/cereals.html">Cereals</a>
                        </li>
                        <li>
                            <a class="estDynamic" href="../sweets/chocolate.html">Chocolate</a>
                        </li>
                        <li>
                            <a class="estDynamic" href="../sweets/spreadable-creams.html">Spreads</a>
                        </li>
                        <li>
                            <a class="estDynamic" href="../sweets/dessert-toppings.html">Dessert toppings</a>
                        </li>
                        <li>
                            <a class="estDynamic" href="../sweets/jam.html">Jam</a>
                        </li>
                        <li>
                            <a class="estDynamic" href="../sweets/honey.html">Honey</a>
                        </li>
                        <li>
                            <a class="estDynamic" href="../sweets/panettoni-and-pandoro.html">Panettone and pandoro</a>
                        </li>
                        <li>
                            <a class="estDynamic" href="../sweets/pastry.html">Pastry</a>
                        </li>
                        <li>
                            <a class="estDynamic" href="../sweets/instant-dessert.html">Prepared</a>
                        </li>
                        <li>
                            <a class="estDynamic" href="../sweets/cakes-and-pies.html">Cakes and pies</a>
                        </li>
                        <li>
                            <a class="estDynamic" href="../sweets/easter-eggs-and-doves.html">Easter eggs and doves</a>
                        </li>
                    </ul>
                </li>
                <li>
                    <img src="../../cdn.spesati.com/images/menu/shelf.png"/>
                    Cupboard                    <i class="fa fa-angle-down" aria-hidden="true"></i>
                    <ul class="sub-menu">
                        <li>
                            <a class="estDynamic" href="../shelf/coffee.html">Coffee</a>
                        </li>
                        <li>
                            <a class="estDynamic" href="../shelf/gift-baskets.html">Gift baskets</a>
                        </li>
                        <li>
                            <a class="estDynamic" href="../shelf/stock-cubes.html">Nuts and preparations</a>
                        </li>
                        <li>
                            <a class="estDynamic" href="../shelf/flour-and-baking.html">Flour and baking</a>
                        </li>
                        <li>
                            <a class="estDynamic" href="../shelf/milk.html">Milk</a>
                        </li>
                        <li>
                            <a class="estDynamic" href="../shelf/oil-salt-vinegar.html">Oil, vinegar and salt</a>
                        </li>
                        <li>
                            <a class="estDynamic" href="../shelf/cream-and-bechamel.html">Cream and bechamel</a>
                        </li>
                        <li>
                            <a class="estDynamic" href="../shelf/crisps-and-pretzels.html">Crisps and pretzels</a>
                        </li>
                        <li>
                            <a class="estDynamic" href="../shelf/baby-and-infants-products.html">Early childhood products</a>
                        </li>
                        <li>
                            <a class="estDynamic" href="../shelf/rice.html">Rice</a>
                        </li>
                        <li>
                            <a class="estDynamic" href="../shelf/tins-and-preserves.html">Tins and Preserves</a>
                        </li>
                        <li>
                            <a class="estDynamic" href="../shelf/spices.html">Spices</a>
                        </li>
                        <li>
                            <a class="estDynamic" href="../shelf/sauces.html">Sauces</a>
                        </li>
                        <li>
                            <a class="estDynamic" href="../shelf/tea-and-infusions.html">Tea and infusions</a>
                        </li>
                        <li>
                            <a class="estDynamic" href="../shelf/eggs.html">Eggs</a>
                        </li>
                        <li>
                            <a class="estDynamic" href="../shelf/sugar-and-sweeteners.html">Sugar and sweeteners</a>
                        </li>
                    </ul>
                </li>
                <li>
                    <img src="../../cdn.spesati.com/images/menu/personal-care.png"/>
                    Personal care                    <i class="fa fa-angle-down" aria-hidden="true"></i>
                    <ul class="sub-menu">
                        <li>
                            <a class="estDynamic" href="../personal-care/accessories-and-cotton.html">Accessories and cotton</a>
                        </li>
                        <li>
                            <a class="estDynamic" href="../personal-care/feminine-care-incontinence-and-baby-diapers.html">Feminine incontinence and diapers</a>
                        </li>
                        <li>
                            <a class="estDynamic" href="../personal-care/shower-gel.html">Shower gel</a>
                        </li>
                        <li>
                            <a class="estDynamic" href="../personal-care/creams.html">Creams</a>
                        </li>
                        <li>
                            <a class="estDynamic" href="../personal-care/deodorant.html">Deodorant</a>
                        </li>
                        <li>
                            <a class="estDynamic" href="../personal-care/hair-removal.html">Hair removal</a>
                        </li>
                        <li>
                            <a class="estDynamic" href="../personal-care/disinfectants.html">Disinfectants</a>
                        </li>
                        <li>
                            <a class="estDynamic" href="../personal-care/oral-hygiene.html">Oral hygiene</a>
                        </li>
                        <li>
                            <a class="estDynamic" href="../personal-care/supplements-and-multivitamins.html">Supplements and multivitamins</a>
                        </li>
                        <li>
                            <a class="estDynamic" href="../personal-care/first-aid.html">First aid label</a>
                        </li>
                        <li>
                            <a class="estDynamic" href="../personal-care/beard-products.html">Beard products</a>
                        </li>
                        <li>
                            <a class="estDynamic" href="../personal-care/hairs-products.html">Hair products</a>
                        </li>
                        <li>
                            <a class="estDynamic" href="../personal-care/perfume.html">Perfumes</a>
                        </li>
                        <li>
                            <a class="estDynamic" href="../personal-care/wipes.html">Wipes</a>
                        </li>
                        <li>
                            <a class="estDynamic" href="../personal-care/soaps-and-body-wash.html">Soaps and body wash</a>
                        </li>
                        <li>
                            <a class="estDynamic" href="../personal-care/shampoo-and-conditioner.html">Shampoo and conditioner</a>
                        </li>
                    </ul>
                </li>
                <li>
                    <img src="../../cdn.spesati.com/images/menu/pellet-and-home.png"/>
                    Home and outdoors                    <i class="fa fa-angle-down" aria-hidden="true"></i>
                    <ul class="sub-menu">
                        <li>
                            <a class="estDynamic" href="../household-and-outdoors/distilled-water.html">Distilled water</a>
                        </li>
                        <li>
                            <a class="estDynamic" href="../household-and-outdoors/car-products.html">Cars</a>
                        </li>
                        <li>
                            <a class="estDynamic" href="../household-and-outdoors/bin-bags-and-buckets.html">Bin bags and buckets</a>
                        </li>
                        <li>
                            <a class="estDynamic" href="../household-and-outdoors/bleach-and-stain-removers.html">Bleach and stain removers</a>
                        </li>
                        <li>
                            <a class="estDynamic" href="../household-and-outdoors/candles.html">Candles</a>
                        </li>
                        <li>
                            <a class="estDynamic" href="../household-and-outdoors/kitchen-roll.html">Kitchen roll</a>
                        </li>
                        <li>
                            <a class="estDynamic" href="../household-and-outdoors/air-fresheners.html">Air fresheners</a>
                        </li>
                        <li>
                            <a class="estDynamic" href="../household-and-outdoors/laundry-accessories-and-detergent.html">Laundry detergent</a>
                        </li>
                        <li>
                            <a class="estDynamic" href="../household-and-outdoors/dishwasher-and-washing-up.html">Dishwasher and washing up</a>
                        </li>
                        <li>
                            <a class="estDynamic" href="../household-and-outdoors/gardening.html">Gardening</a>
                        </li>
                        <li>
                            <a class="estDynamic" href="../household-and-outdoors/light-bulbs-and-batteries.html">Lightbulbs and batteries</a>
                        </li>
                        <li>
                            <a class="estDynamic" href="../household-and-outdoors/pellet-and-bbq.html">Pellet and BBQ</a>
                        </li>
                        <li>
                            <a class="estDynamic" href="../household-and-outdoors/bathroom-products.html">Bathroom products</a>
                        </li>
                        <li>
                            <a class="estDynamic" href="../household-and-outdoors/home-and-furniture-products.html">Home and furniture products</a>
                        </li>
                        <li>
                            <a class="estDynamic" href="../household-and-outdoors/kitchen-products.html">Kitchen products</a>
                        </li>
                        <li>
                            <a class="estDynamic" href="../household-and-outdoors/window-and-floor-cleaners.html">Window and floor cleaner</a>
                        </li>
                        <li>
                            <a class="estDynamic" href="../household-and-outdoors/repellents.html">Repellents</a>
                        </li>
                        <li>
                            <a class="estDynamic" href="../household-and-outdoors/disposable-tableware.html">Disposable tableware</a>
                        </li>
                    </ul>
                </li>
                <li>
                    <img src="../../cdn.spesati.com/images/menu/animals.png"/>
                    Pets                    <i class="fa fa-angle-down" aria-hidden="true"></i>
                    <ul class="sub-menu">
                        <li>
                            <a class="estDynamic" href="../pets/pet-food-other-animals.html">Other animals pet food</a>
                        </li>
                        <li>
                            <a class="estDynamic" href="../pets/pet-food-dogs.html">Pet food dogs</a>
                        </li>
                        <li>
                            <a class="estDynamic" href="../pets/pet-food-cats.html">Pet food cats</a>
                        </li>
                        <li>
                            <a class="estDynamic" href="../pets/hygiene-and-cleaning.html">Hygiene and cleaning</a>
                        </li>
                    </ul>
                </li>
                <li>
                    <img src="../../cdn.spesati.com/images/menu/technology.png"/>
                    Technology                    <i class="fa fa-angle-down" aria-hidden="true"></i>
                    <ul class="sub-menu">
                        <li>
                            <a class="estDynamic" href="../technology/accessories.html">Accessories</a>
                        </li>
                        <li>
                            <a class="estDynamic" href="../technology/computer.html">Computer</a>
                        </li>
                        <li>
                            <a class="estDynamic" href="../technology/telephones.html">Telephones</a>
                        </li>
                        <li>
                            <a class="estDynamic" href="../technology/tv.html">TV</a>
                        </li>
                    </ul>
                </li>
                <li>
                    <img src="../../cdn.spesati.com/images/menu/gluten-free.png"/>
                    Gluten free                    <i class="fa fa-angle-down" aria-hidden="true"></i>
                    <ul class="sub-menu">
                        <li>
                            <a class="estDynamic" href="../gluten-free/frozen-foods.html">Frozen foods</a>
                        </li>
                        <li>
                            <a class="estDynamic" href="../gluten-free/beer.html">Beer</a>
                        </li>
                        <li>
                            <a class="estDynamic" href="../gluten-free/sweets.html">Sweets</a>
                        </li>
                        <li>
                            <a class="estDynamic" href="../gluten-free/bread-and-pasta.html">Bread and pasta</a>
                        </li>
                        <li>
                            <a class="estDynamic" href="../gluten-free/shelf.html">Cupboard</a>
                        </li>
                    </ul>
                </li>
                <li>
                    <img src="../../cdn.spesati.com/images/menu/lactose-free.png"/>
                    Lactose free                    <i class="fa fa-angle-down" aria-hidden="true"></i>
                    <ul class="sub-menu">
                        <li>
                            <a class="estDynamic" href="../lactose-free/frozen-foods.html">Frozen foods</a>
                        </li>
                        <li>
                            <a class="estDynamic" href="../lactose-free/sweets.html">Sweets</a>
                        </li>
                        <li>
                            <a class="estDynamic" href="../lactose-free/dairy-product.html">Dairy product</a>
                        </li>
                        <li>
                            <a class="estDynamic" href="../lactose-free/shelf.html">Cupboard</a>
                        </li>
                    </ul>
                </li>
                <li>
                    <img src="../../cdn.spesati.com/images/menu/special.png"/>
                    Special                    <i class="fa fa-angle-down" aria-hidden="true"></i>
                    <ul class="sub-menu">
                        <li>
                            <a class="estDynamic" href="../special/alpro.html">Alpro</a>
                        </li>
                        <li>
                            <a class="estDynamic" href="../special/organic.html">Biological</a>
                        </li>
                        <li>
                            <a class="estDynamic" href="../special/meat.html">Meat</a>
                        </li>
                        <li>
                            <a class="estDynamic" href="../special/wholegrain.html">Wholegrain</a>
                        </li>
                        <li>
                            <a class="estDynamic" href="../special/bread-and-pasta.html">Bread and pasta</a>
                        </li>
                        <li>
                            <a class="estDynamic" href="../special/vegan.html">Vegan</a>
                        </li>
                    </ul>
                </li>
                <li>
                    <img src="../../cdn.spesati.com/images/menu/sardinian-products.png"/>
                    Sardinian products                    <i class="fa fa-angle-down" aria-hidden="true"></i>
                    <ul class="sub-menu">
                        <li>
                            <a class="estDynamic" href="../sardinian-products/drinks.html">Drinks</a>
                        </li>
                        <li>
                            <a class="estDynamic" href="../sardinian-products/meat.html">Meat</a>
                        </li>
                        <li>
                            <a class="estDynamic" href="../sardinian-products/sweets.html">Sweets</a>
                        </li>
                        <li>
                            <a class="estDynamic" href="../sardinian-products/fruit-and-vegetables.html">Fruit and vegetables</a>
                        </li>
                        <li>
                            <a class="estDynamic" href="../sardinian-products/ichnusa.html">Ichnusa</a>
                        </li>
                        <li>
                            <a class="estDynamic" href="../sardinian-products/dairy-product.html">Dairy product</a>
                        </li>
                        <li>
                            <a class="estDynamic" href="../sardinian-products/bread-and-pasta.html">Bread and pasta</a>
                        </li>
                        <li>
                            <a class="estDynamic" href="../sardinian-products/fish.html">Fish</a>
                        </li>
                        <li>
                            <a class="estDynamic" href="../sardinian-products/cured-meat.html">Cured meat</a>
                        </li>
                        <li>
                            <a class="estDynamic" href="../sardinian-products/shelf.html">Cupboard</a>
                        </li>
                        <li>
                            <a class="estDynamic" href="../sardinian-products/vermentino-wine.html">Vermentino wine</a>
                        </li>
                        <li>
                            <a class="estDynamic" href="../sardinian-products/wine-beer-and-spirits.html">Wine beer and spirits</a>
                        </li>
                    </ul>
                </li>
            </ul>
        </li>
        <li>
            <a href="../about.html">About</a>
        </li>
        <li>
            <a href="../faq.html">Faq</a>
        </li>
        <li>
            <a href="../customer-care.html">Support</a>
        </li>
        <li>
            <a href="../news.html">Blog</a>
        </li>
        <li>
            <a href="../terms-and-conditions.html">Conditions</a>
        </li>
        <li>
            <a href="../privacy-policy.html">Privacy policy</a>
        </li>
        <li>
            <a href="../login.html">Login</a>
        </li>
        <li>
             <a href="../sign-up.html">Sign up</a>
        </li>
    </ul>
</div><section class="first">
    <div id="menuCategories" class="colLeft">
    <ul id="main_nav" >
        <li>
            <a class="estDynamic" href="../on-offer.html">
               <img src="../../cdn.spesati.com/images/menu/on-sale.png"/>
               On sale            </a>
            <i class="fa fa-angle-right" aria-hidden="true"></i>
            <ul class="sub-menu">
                <li>
    <a href="../tacchino-fesa-a-fette.html" class="estDynamic">Tacchino Fesa A Fette</a>
</li><li>
    <a href="../amaro-montenegro-15lt.html" class="estDynamic">Amaro Montenegro 1,5lt</a>
</li><li>
    <a href="../carbone-di-legna-sacco-10kg.html" class="estDynamic">Carbone Di Legna Sacco 10Kg</a>
</li><li>
    <a href="../filu-e-ferru-silvio-carta-70cl.html" class="estDynamic">Filu E Ferru Silvio Carta 70Cl</a>
</li><li>
    <a href="../braciole-suino-con-cotenna.html" class="estDynamic">Braciole Suino Con Cotenna</a>
</li><li>
    <a href="../bovino-adulto-polpa.html" class="estDynamic">Bovino Adulto Polpa</a>
</li><li>
    <a href="../vino-la-palma-cannonau-le-bombarde.html" class="estDynamic">Vino La Palma Cannonau Le Bombarde</a>
</li><li>
    <a href="../fettine-sceltissime-bovino-adulto.html" class="estDynamic">Fettine Sceltissime Bovino Adulto</a>
</li><li>
    <a href="../suino-fettine-scelte.html" class="estDynamic">Suino Fettine Scelte</a>
</li><li>
    <a href="../lavazza-caffe-qualita-rossa-2x250gr.html" class="estDynamic">Lavazza Caffé Qualità Rossa 2x250gr</a>
</li>                <li>
                    <a class="estDynamic" href="../on-offer.html">All products on sale</a>
                </li>
            </ul>
        </li>
        <li>
            <a class="estDynamic" href="../gift.html">
               <img src="../../cdn.spesati.com/images/menu/gift.png"/>
               Gifts            </a>
            <i class="fa fa-angle-right" aria-hidden="true"></i>
            <ul class="sub-menu">
                <li>
    <a href="../gift-card-da-150.html" class="estDynamic">Gift Card Da 150</a>
</li><li>
    <a href="../gift-card-da-100.html" class="estDynamic">Gift Card Da 100</a>
</li><li>
    <a href="../gift-card-da-50.html" class="estDynamic">Gift Card Da 50</a>
</li><li>
    <a href="../gift-card-da-25.html" class="estDynamic">Gift Card Da 25</a>
</li>                <li>
                    <a class="estDynamic" href="../gift.html">All products in the gifts category</a>
                </li>
            </ul>
        </li>
        <li>
            <a class="estDynamic" href="../gift-card.html">
               <img src="../../cdn.spesati.com/images/menu/gift-card.png"/>
               Gift card and discounts            </a>
            <i class="fa fa-angle-right" aria-hidden="true"></i>
            <ul class="sub-menu">
                <li>
    <a href="../gift-card-da-150.html">Gift Card Da 150</a>
</li><li>
    <a href="../gift-card-da-100.html">Gift Card Da 100</a>
</li><li>
    <a href="../gift-card-da-50.html">Gift Card Da 50</a>
</li><li>
    <a href="../gift-card-da-25.html">Gift Card Da 25</a>
</li>            </ul>
        </li>
        <li>
            <a class="estDynamic" href="../fruit-and-vegetables.html">
               <img src="../../cdn.spesati.com/images/menu/fuit-and-vegetables.png"/>
               Fruit and vegetables           </a>
            <i class="fa fa-angle-right" aria-hidden="true"></i>
            <ul class="sub-menu">
                <li>
                    <a class="estDynamic" href="../fruit-and-vegetables/pulses-and-beans.html">Cereals and pulses and beans</a>
                </li>
                <li>
                    <a class="estDynamic" href="../fruit-and-vegetables/fruit.html">Fruit</a>
                </li>
                <li>
                    <a class="estDynamic" href="../fruit-and-vegetables/canned-fruit.html">Canned fruit</a>
                </li>
                <li>
                    <a class="estDynamic" href="../fruit-and-vegetables/dried-fruit.html">Dried fruit</a>
                </li>
                <li>
                    <a class="estDynamic" href="../fruit-and-vegetables/ready-salads.html">Ready salads</a>
                </li>
                <li>
                    <a class="estDynamic" href="../fruit-and-vegetables/fresh-spices.html">Fresh spices</a>
                </li>
                <li>
                    <a class="estDynamic" href="../fruit-and-vegetables/vegetables.html">Vegetables and soy</a>
                </li>
            </ul>
        </li>
        <li>
            <a class="estDynamic" href="../fresh-products.html">
                <img src="../../cdn.spesati.com/images/menu/fresh-products.png"/>
                Fresh products            </a>
            <i class="fa fa-angle-right" aria-hidden="true"></i>
            <ul class="sub-menu">
                <li>
                    <a class="estDynamic" href="../fresh-products/margarine-and-butter.html">Butter and margarine</a>
                </li>
                <li>
                    <a class="estDynamic" href="../fresh-products/danone.html">Danone</a>
                </li>
                <li>
                    <a class="estDynamic" href="../fresh-products/dessert.html">Dessert</a>
                </li>
                <li>
                    <a class="estDynamic" href="../fresh-products/sweets.html">Sweets</a>
                </li>
                <li>
                    <a class="estDynamic" href="../fresh-products/dairy-products.html">Dairy product</a>
                </li>
                <li>
                    <a class="estDynamic" href="../fresh-products/bakery.html">Yeast</a>
                </li>
                <li>
                    <a class="estDynamic" href="../fresh-products/mascarpone.html">Mascarpone</a>
                </li>
                <li>
                    <a class="estDynamic" href="../fresh-products/snacks.html">Snacks</a>
                </li>
                <li>
                    <a class="estDynamic" href="../fresh-products/mozzarella.html">Mozzarella</a>
                </li>
                <li>
                    <a class="estDynamic" href="../fresh-products/pasta.html">Pasta</a>
                </li>
                <li>
                    <a class="estDynamic" href="../fresh-products/pesto-and-sauces.html">Pesto and sauces</a>
                </li>
                <li>
                    <a class="estDynamic" href="../fresh-products/ricotta-and-cheese.html">Ricotta and cheese</a>
                </li>
                <li>
                    <a class="estDynamic" href="../fresh-products/cured-meat.html">Cured meat</a>
                </li>
                <li>
                    <a class="estDynamic" href="../fresh-products/wurstel.html">Würstel</a>
                </li>
                <li>
                    <a class="estDynamic" href="../fresh-products/yogurt.html">Yogurt</a>
                </li>
            </ul>
        </li>
        <li>
            <a class="estDynamic" href="../frozen-foods.html">
                <img src="../../cdn.spesati.com/images/menu/frozen-foods.png"/>
                Frozen foods            </a>
            <i class="fa fa-angle-right" aria-hidden="true"></i>
            <ul class="sub-menu">
                <li>
                    <a class="estDynamic" href="../frozen-foods/meat.html">Meat</a>
                </li>
                <li>
                    <a class="estDynamic" href="../frozen-foods/ice-creams.html">Ice cream and sweet</a>
                </li>
                <li>
                    <a class="estDynamic" href="../frozen-foods/pasta.html">Pasta</a>
                </li>
                <li>
                    <a class="estDynamic" href="../frozen-foods/fish.html">Fish</a>
                </li>
                <li>
                    <a class="estDynamic" href="../frozen-foods/ready-meals.html">Ready meals</a>
                </li>
                <li>
                    <a class="estDynamic" href="../frozen-foods/pizzas.html">Pizzas</a>
                </li>
                <li>
                    <a class="estDynamic" href="../frozen-foods/vegetables.html">Vegetables and soy</a>
                </li>
            </ul>
        </li>
        <li>
            <a class="estDynamic" href="../bread-and-pasta.html">
                <img src="../../cdn.spesati.com/images/menu/bread-and-pasta.png"/>
                Bread and pasta            </a>
            <i class="fa fa-angle-right" aria-hidden="true"></i>
            <ul class="sub-menu">
                <li>
                    <a class="estDynamic" href="crackers.html">Crackers</a>
                </li>
                <li>
                    <a class="estDynamic" href="rusks.html">Rusks</a>
                </li>
                <li>
                    <a class="estDynamic" href="white-bread.html">White bread</a>
                </li>
                <li>
                    <a class="estDynamic" href="local-bread.html">Local bread</a>
                </li>
                <li>
                    <a class="estDynamic" href="soft-bread.html">Soft bread</a>
                </li>
                <li>
                    <a class="estDynamic" href="sardinian-bread.html">Sardinian bread</a>
                </li>
                <li>
                    <a class="estDynamic" href="bakery.html">Bakery</a>
                </li>
                <li>
                    <a class="estDynamic" href="pasta.html">Pasta</a>
                </li>
                <li>
                    <a class="estDynamic" href="fresh-pasta.html">Fresh pasta</a>
                </li>
            </ul>
        </li>
        <li>
            <a class="estDynamic" href="../meat.html">
                <img src="../../cdn.spesati.com/images/menu/meat.png"/>
                Meat            </a>
            <i class="fa fa-angle-right" aria-hidden="true"></i>
            <ul class="sub-menu">
                <li>
                    <a class="estDynamic" href="../meat/beef.html">Beef</a>
                </li>
                <li>
                    <a class="estDynamic" href="../meat/goat.html">Goat</a>
                </li>
                <li>
                    <a class="estDynamic" href="../meat/packaged-meat.html">Packaged meat</a>
                </li>
                <li>
                    <a class="estDynamic" href="../meat/rabbit.html">Rabbit</a>
                </li>
                <li>
                    <a class="estDynamic" href="../meat/horse.html">Horse</a>
                </li>
                <li>
                    <a class="estDynamic" href="../meat/pork.html">Pork</a>
                </li>
                <li>
                    <a class="estDynamic" href="../meat/lamb.html">Lamb</a>
                </li>
                <li>
                    <a class="estDynamic" href="../meat/poultry.html">Poultry</a>
                </li>
            </ul>
        </li>
        <li>
            <a class="estDynamic" href="../fish.html">
                <img src="../../cdn.spesati.com/images/menu/fish.png"/>
                Fish            </a>
            <i class="fa fa-angle-right" aria-hidden="true"></i>
            <ul class="sub-menu">
                <li>
                    <a class="estDynamic" href="../fish/fresh-water.html">Fresh water</a>
                </li>
                <li>
                    <a class="estDynamic" href="../fish/salt-water.html">Salt water</a>
                </li>
                <li>
                    <a class="estDynamic" href="../fish/mussels.html">Mussels</a>
                </li>
                <li>
                    <a class="estDynamic" href="../fish/dried-and-salted.html">Dried and salted</a>
                </li>
                <li>
                    <a class="estDynamic" href="../fish/seafood-salad.html">Seafood salad</a>
                </li>
                <li>
                    <a class="estDynamic" href="../fish/prepared.html">Prepared</a>
                </li>
                <li>
                    <a class="estDynamic" href="../fish/specialty.html">Specialty</a>
                </li>   
                <li>
                    <a class="estDynamic" href="../fish/tuna-and-salmon.html">Tuna and salmon</a>
                </li>
            </ul>
        </li>
        <li>
            <a class="estDynamic" href="../wine-beer-and-spirits.html">
                <img src="../../cdn.spesati.com/images/menu/alcohol.png"/>
                Wine beer and spirits            </a>
            <i class="fa fa-angle-right" aria-hidden="true"></i>
            <ul class="sub-menu">
                <li>
                    <a class="estDynamic" href="../wine-beer-and-spirits/spirits-and-liquors.html">Alcohol</a>
                </li>
                <li>
                    <a class="estDynamic" href="../wine-beer-and-spirits/bitters.html">Bitters</a>
                </li>
                <li>
                    <a class="estDynamic" href="../wine-beer-and-spirits/aperatif.html">Aperatifs</a>
                </li>
                <li>
                    <a class="estDynamic" href="../wine-beer-and-spirits/beer.html">Beer</a>
                </li>
                <li>
                    <a class="estDynamic" href="../wine-beer-and-spirits/creams.html">Creams</a>
                </li>
                <li>
                    <a class="estDynamic" href="../wine-beer-and-spirits/spirits.html">Spirits</a>
                </li>
                <li>
                    <a class="estDynamic" href="../wine-beer-and-spirits/liquors.html">Liquors</a>
                </li>
                <li>
                    <a class="estDynamic" href="../wine-beer-and-spirits/white-wine.html">White wine</a>
                </li>
                <li>
                    <a class="estDynamic" href="../wine-beer-and-spirits/prosecco-wine.html">Prosecco wine</a>
                </li>
                <li>
                    <a class="estDynamic" href="../wine-beer-and-spirits/rose-wine.html">Rose wine</a>
                </li>
                <li>
                    <a class="estDynamic" href="../wine-beer-and-spirits/red-wine.html">Red wine</a>
                </li>
                <li>
                    <a class="estDynamic" href="../wine-beer-and-spirits/specialty-wine.html">Special wine</a>
                </li>
                <li>
                    <a class="estDynamic" href="../wine-beer-and-spirits/sparkling-wine.html">Sparkling wine</a>
                </li>
                <li>
                    <a class="estDynamic" href="../wine-beer-and-spirits/vermentino-wine.html">Vermentino wine</a>
                </li>
            </ul>
        </li>
        <li>
            <a class="estDynamic" href="../water-and-drinks.html">
                <img src="../../cdn.spesati.com/images/menu/water-and-drinks.png"/>
                Water and drinks            </a>
            <i class="fa fa-angle-right" aria-hidden="true"></i>
            <ul class="sub-menu">
                <li>
                    <a class="estDynamic" href="../water-and-drinks/san-martino.html">San Martino</a>
                </li>
                <li>
                    <a class="estDynamic" href="../water-and-drinks/water.html">Water</a>
                </li>
                <li>
                    <a class="estDynamic" href="../water-and-drinks/alpro.html">Alpro</a>
                </li>
                <li>
                    <a class="estDynamic" href="../water-and-drinks/fizzy-drinks.html">Fizzy drinks</a>
                </li>
                <li>
                    <a class="estDynamic" href="../water-and-drinks/coca-cola.html">Coca-Cola</a>
                </li>
                <li>
                    <a class="estDynamic" href="../water-and-drinks/energy-drink.html">Energy drink</a>
                </li>
                <li>
                    <a class="estDynamic" href="../water-and-drinks/syrups.html">Syrups</a>
                </li>
                <li>
                    <a class="estDynamic" href="../water-and-drinks/supplements.html">Supplements</a>
                </li>
                <li>
                    <a class="estDynamic" href="../water-and-drinks/instant-drinks.html">Instant drinks</a>
                </li>
                <li>
                    <a class="estDynamic" href="../water-and-drinks/juice.html">Juice</a>
                </li>
                <li>
                    <a class="estDynamic" href="../water-and-drinks/tea.html">Tea</a>
                </li>
            </ul>
        </li>
        <li>
            <a class="estDynamic" href="../sweets.html">
                <img src="../../cdn.spesati.com/images/menu/sweets.png"/>
                Sweets            </a>
            <i class="fa fa-angle-right" aria-hidden="true"></i>
            <ul class="sub-menu">
                <li>
                    <a class="estDynamic" href="../sweets/bars-and-snacks.html">Bars and snacks</a>
                </li>
                <li>
                    <a class="estDynamic" href="../sweets/biscuits.html">Biscuits</a>
                </li>
                <li>
                    <a class="estDynamic" href="../sweets/brioches.html">Brioches</a>
                </li>
                <li>
                    <a class="estDynamic" href="../sweets/candy-and-chewing-gum.html">Candy and chewing gum</a>
                </li>
                <li>
                    <a class="estDynamic" href="../sweets/cereals.html">Cereals</a>
                </li>
                <li>
                    <a class="estDynamic" href="../sweets/chocolate.html">Chocolate</a>
                </li>
                <li>
                    <a class="estDynamic" href="../sweets/spreadable-creams.html">Spreads</a>
                </li>
                <li>
                    <a class="estDynamic" href="../sweets/dessert-toppings.html">Dessert toppings</a>
                </li>
                <li>
                    <a class="estDynamic" href="../sweets/jam.html">Jam</a>
                </li>
                <li>
                    <a class="estDynamic" href="../sweets/honey.html">Honey</a>
                </li>
                <li>
                    <a class="estDynamic" href="../sweets/panettoni-and-pandoro.html">Panettone and pandoro</a>
                </li>
                <li>
                    <a class="estDynamic" href="../sweets/pastry.html">Pastry</a>
                </li>
                <li>
                    <a class="estDynamic" href="../sweets/instant-dessert.html">Prepared</a>
                </li>
                <li>
                    <a class="estDynamic" href="../sweets/cakes-and-pies.html">Cakes and pies</a>
                </li>
                <li>
                    <a class="estDynamic" href="../sweets/easter-eggs-and-doves.html">Easter eggs and doves</a>
                </li>
            </ul>
        </li>
        <li>
            <a class="estDynamic" href="../shelf.html">
                <img src="../../cdn.spesati.com/images/menu/shelf.png"/>
                Cupboard            </a>
            <i class="fa fa-angle-right" aria-hidden="true"></i>
            <ul class="sub-menu">
                <li>
                    <a class="estDynamic" href="../shelf/coffee.html">Coffee</a>
                </li>
                <li>
                    <a class="estDynamic" href="../shelf/gift-baskets.html">Gift baskets</a>
                </li>
                <li>
                    <a class="estDynamic" href="../shelf/stock-cubes.html">Nuts and preparations</a>
                </li>
                <li>
                    <a class="estDynamic" href="../shelf/flour-and-baking.html">Flour and baking</a>
                </li>
                <li>
                    <a class="estDynamic" href="../shelf/milk.html">Milk</a>
                </li>
                <li>
                    <a class="estDynamic" href="../shelf/oil-salt-vinegar.html">Oil, vinegar and salt</a>
                </li>
                <li>
                    <a class="estDynamic" href="../shelf/cream-and-bechamel.html">Cream and bechamel</a>
                </li>
                <li>
                    <a class="estDynamic" href="../shelf/crisps-and-pretzels.html">Crisps and pretzels</a>
                </li>
                <li>
                    <a class="estDynamic" href="../shelf/baby-and-infants-products.html">Early childhood products</a>
                </li>
                <li>
                    <a class="estDynamic" href="../shelf/rice.html">Rice</a>
                </li>
                <li>
                    <a class="estDynamic" href="../shelf/tins-and-preserves.html">Tins and Preserves</a>
                </li>
                <li>
                    <a class="estDynamic" href="../shelf/spices.html">Spices</a>
                </li>
                <li>
                    <a class="estDynamic" href="../shelf/sauces.html">Sauces</a>
                </li>
                <li>
                    <a class="estDynamic" href="../shelf/tea-and-infusions.html">Tea and infusions</a>
                </li>
                <li>
                    <a class="estDynamic" href="../shelf/eggs.html">Eggs</a>
                </li>
                <li>
                    <a class="estDynamic" href="../shelf/sugar-and-sweeteners.html">Sugar and sweeteners</a>
                </li>
            </ul>
        </li>
        <li>
            <a class="estDynamic" href="../personal-care.html">
                <img src="../../cdn.spesati.com/images/menu/personal-care.png"/>
                Personal care            </a>
            <i class="fa fa-angle-right" aria-hidden="true"></i>
            <ul class="sub-menu">
                <li>
                    <a class="estDynamic" href="../personal-care/accessories-and-cotton.html">Accessories and cotton</a>
                </li>
                <li>
                    <a class="estDynamic" href="../personal-care/feminine-care-incontinence-and-baby-diapers.html">Feminine incontinence and diapers</a>
                </li>
                <li>
                    <a class="estDynamic" href="../personal-care/shower-gel.html">Shower gel</a>
                </li>
                <li>
                    <a class="estDynamic" href="../personal-care/creams.html">Creams</a>
                </li>
                <li>
                    <a class="estDynamic" href="../personal-care/deodorant.html">Deodorant</a>
                </li>
                <li>
                    <a class="estDynamic" href="../personal-care/hair-removal.html">Hair removal</a>
                </li>
                <li>
                    <a class="estDynamic" href="../personal-care/disinfectants.html">Disinfectants</a>
                </li>
                <li>
                    <a class="estDynamic" href="../personal-care/oral-hygiene.html">Oral hygiene</a>
                </li>
                <li>
                    <a class="estDynamic" href="../personal-care/supplements-and-multivitamins.html">Supplements and multivitamins</a>
                </li>
                <li>
                    <a class="estDynamic" href="../personal-care/first-aid.html">First aid label</a>
                </li>
                <li>
                    <a class="estDynamic" href="../personal-care/beard-products.html">Beard products</a>
                </li>
                <li>
                    <a class="estDynamic" href="../personal-care/hairs-products.html">Hair products</a>
                </li>
                <li>
                    <a class="estDynamic" href="../personal-care/perfume.html">Perfumes</a>
                </li>
                <li>
                    <a class="estDynamic" href="../personal-care/wipes.html">Wipes</a>
                </li>
                <li>
                    <a class="estDynamic" href="../personal-care/soaps-and-body-wash.html">Soaps and body wash</a>
                </li>
                <li>
                    <a class="estDynamic" href="../personal-care/shampoo-and-conditioner.html">Shampoo and conditioner</a>
                </li>
            </ul>
        </li>
        <li>
            <a class="estDynamic" href="../household-and-outdoors.html">
                <img src="../../cdn.spesati.com/images/menu/pellet-and-home.png"/>
                Home and outdoors 
            </a>
            <i class="fa fa-angle-right" aria-hidden="true"></i>
            <ul class="sub-menu">
                <li>
                    <a class="estDynamic" href="../household-and-outdoors/distilled-water.html">Distilled water</a>
                </li>
                <li>
                    <a class="estDynamic" href="../household-and-outdoors/car-products.html">Cars</a>
                </li>
                <li>
                    <a class="estDynamic" href="../household-and-outdoors/bin-bags-and-buckets.html">Bin bags and buckets</a>
                </li>
                <li>
                    <a class="estDynamic" href="../household-and-outdoors/bleach-and-stain-removers.html">Bleach and stain removers</a>
                </li>
                <li>
                    <a class="estDynamic" href="../household-and-outdoors/candles.html">Candles</a>
                </li>
                <li>
                    <a class="estDynamic" href="../household-and-outdoors/kitchen-roll.html">Kitchen roll</a>
                </li>
                <li>
                    <a class="estDynamic" href="../household-and-outdoors/air-fresheners.html">Air fresheners</a>
                </li>
                <li>
                    <a class="estDynamic" href="../household-and-outdoors/laundry-accessories-and-detergent.html">Laundry detergent</a>
                </li>
                <li>
                    <a class="estDynamic" href="../household-and-outdoors/dishwasher-and-washing-up.html">Dishwasher and washing up</a>
                </li>
                <li>
                    <a class="estDynamic" href="../household-and-outdoors/gardening.html">Gardening</a>
                </li>
                <li>
                    <a class="estDynamic" href="../household-and-outdoors/light-bulbs-and-batteries.html">Lightbulbs and batteries</a>
                </li>
                <li>
                    <a class="estDynamic" href="../household-and-outdoors/pellet-and-bbq.html">Pellet and BBQ</a>
                </li>
                <li>
                    <a class="estDynamic" href="../household-and-outdoors/bathroom-products.html">Bathroom products</a>
                </li>
                <li>
                    <a class="estDynamic" href="../household-and-outdoors/home-and-furniture-products.html">Home and furniture products</a>
                </li>
                <li>
                    <a class="estDynamic" href="../household-and-outdoors/kitchen-products.html">Kitchen products</a>
                </li>
                <li>
                    <a class="estDynamic" href="../household-and-outdoors/window-and-floor-cleaners.html">Window and floor cleaner</a>
                </li>
                <li>
                    <a class="estDynamic" href="../household-and-outdoors/repellents.html">Repellents</a>
                </li>
                <li>
                    <a class="estDynamic" href="../household-and-outdoors/disposable-tableware.html">Disposable tableware</a>
                </li>
            </ul>
        </li>
        <li>
            <a class="estDynamic" href="../pet.html">
                <img src="../../cdn.spesati.com/images/menu/animals.png"/>
                Pets            </a>
            <i class="fa fa-angle-right" aria-hidden="true"></i>
            <ul class="sub-menu">
                <li>
                    <a class="estDynamic" href="../pets/pet-food-other-animals.html">Other animals pet food</a>
                </li>
                <li>
                    <a class="estDynamic" href="../pets/pet-food-dogs.html">Pet food dogs</a>
                </li>
                <li>
                    <a class="estDynamic" href="../pets/pet-food-cats.html">Pet food cats</a>
                </li>
                <li>
                    <a class="estDynamic" href="../pets/hygiene-and-cleaning.html">Hygiene and cleaning</a>
                </li>
            </ul>
        </li>
        <li>
            <a class="estDynamic" href="../technology.html">
                <img src="../../cdn.spesati.com/images/menu/technology.png"/>
                Technology            </a>
            <i class="fa fa-angle-right" aria-hidden="true"></i>
            <ul class="sub-menu">
                <li>
                    <a class="estDynamic" href="../technology/accessories.html">Accessories</a>
                </li>
                <li>
                    <a class="estDynamic" href="../technology/computer.html">Computer</a>
                </li>
                <li>
                    <a class="estDynamic" href="../technology/telephones.html">Telephones</a>
                </li>
                <li>
                    <a class="estDynamic" href="../technology/tv.html">TV</a>
                </li>
            </ul>
        </li>
        <li>
            <a class="estDynamic" href="../gluten-free.html">
                <img src="../../cdn.spesati.com/images/menu/gluten-free.png"/>
                Gluten free            </a>
            <i class="fa fa-angle-right" aria-hidden="true"></i>
            <ul class="sub-menu">
                <li>
                    <a class="estDynamic" href="../gluten-free/frozen-foods.html">Frozen foods</a>
                </li>
                <li>
                    <a class="estDynamic" href="../gluten-free/beer.html">Beer</a>
                </li>
                <li>
                    <a class="estDynamic" href="../gluten-free/sweets.html">Sweets</a>
                </li>
                <li>
                    <a class="estDynamic" href="../gluten-free/bread-and-pasta.html">Bread and pasta</a>
                </li>
                <li>
                    <a class="estDynamic" href="../gluten-free/shelf.html">Cupboard</a>
                </li>
            </ul>
        </li>
        <li>
            <a class="estDynamic" href="../lactose-free.html">
                <img src="../../cdn.spesati.com/images/menu/lactose-free.png"/>
                Lactose free            </a>
            <i class="fa fa-angle-right" aria-hidden="true"></i>
            <ul class="sub-menu">
                <li>
                    <a class="estDynamic" href="../lactose-free/frozen-foods.html">Frozen foods</a>
                </li>
                <li>
                    <a class="estDynamic" href="../lactose-free/sweets.html">Sweets</a>
                </li>
                <li>
                    <a class="estDynamic" href="../lactose-free/dairy-product.html">Dairy product</a>
                </li>
                <li>
                    <a class="estDynamic" href="../lactose-free/shelf.html">Cupboard</a>
                </li>
            </ul>
        </li>
        <li>
            <a class="estDynamic" href="../special.html">
                <img src="../../cdn.spesati.com/images/menu/special.png"/>
                Special            </a>
            <i class="fa fa-angle-right" aria-hidden="true"></i>
            <ul class="sub-menu">
                <li>
                    <a class="estDynamic" href="../special/alpro.html">Alpro</a>
                </li>
                <li>
                    <a class="estDynamic" href="../special/organic.html">Biological</a>
                </li>
                <li>
                    <a class="estDynamic" href="../special/meat.html">Meat</a>
                </li>
                <li>
                    <a class="estDynamic" href="../special/wholegrain.html">Wholegrain</a>
                </li>
                <li>
                    <a class="estDynamic" href="../special/bread-and-pasta.html">Bread and pasta</a>
                </li>
                <li>
                    <a class="estDynamic" href="../special/vegan.html">Vegan</a>
                </li>
            </ul>
        </li>
        <li>
            <a class="estDynamic" href="../sardinian-products.html">
                <img src="../../cdn.spesati.com/images/menu/sardinian-products.png"/>
                Sardinian products            </a>
            <i class="fa fa-angle-right" aria-hidden="true"></i>
            <ul class="sub-menu">
                <li>
                    <a class="estDynamic" href="../sardinian-products/drinks.html">Drinks</a>
                </li>
                <li>
                    <a class="estDynamic" href="../sardinian-products/meat.html">Meat</a>
                </li>
                <li>
                    <a class="estDynamic" href="../sardinian-products/sweets.html">Sweets</a>
                </li>
                <li>
                    <a class="estDynamic" href="../sardinian-products/fruit-and-vegetables.html">Fruit and vegetables</a>
                </li>
                <li>
                    <a class="estDynamic" href="../sardinian-products/ichnusa.html">Ichnusa</a>
                </li>
                <li>
                    <a class="estDynamic" href="../sardinian-products/dairy-product.html">Dairy product</a>
                </li>
                <li>
                    <a class="estDynamic" href="../sardinian-products/bread-and-pasta.html">Bread and pasta</a>
                </li>
                <li>
                    <a class="estDynamic" href="../sardinian-products/fish.html">Fish</a>
                </li>
                <li>
                    <a class="estDynamic" href="../sardinian-products/cured-meat.html">Cured meat</a>
                </li>
                <li>
                    <a class="estDynamic" href="../sardinian-products/shelf.html">Cupboard</a>
                </li>
                <li>
                    <a class="estDynamic" href="../sardinian-products/vermentino-wine.html">Vermentino wine</a>
                </li>
                <li>
                    <a class="estDynamic" href="../sardinian-products/wine-beer-and-spirits.html">Wine beer and spirits</a>
                </li>
            </ul>
        </li>
    </ul>
</div>    <div class="colRight">
        <div class="title mobile">
	<a href="../bread-and-pasta.html"><i class="fa red fa-angle-left fa-3x mobile" aria-hidden="true"></i></a>
	<h2>
		<b>
			soft bread		</b>
	</h2>
</div>

<div class="breadcrumb bgGrey internal">
	<p>
		<b>
			<a href="../index.html">Home</a>
												&gt; <a href="../bread-and-pasta.html">Bread and pasta</a>
																&gt; Soft bread									</b>
	</p>
	<div>
		<p>Order by</p>
		<select name="orderProd" id="orderProd">
			<option disabled="disabled" selected="selected">- Choose -</option>
			<option value="nameAsc">Name (A - Z)</option>
			<option value="nameDes">Name (Z - A)</option>
			<option value="priceHigh">Price - High to low</option>
			<option value="priceLow">Price - Low to high</option>
			<option value="soldAsc">Best Selling</option>
			<option value="available">Availability</option>
		</select>
	</div>
</div>
        <div class="containerProduct">
            <script type='text/javascript'>var track = '{"event":"ViewContent", "type":"category", "id":"Panificio", "subids":["Morbido"], "url":"https://www.spesati.com/bread-and-pasta/soft-bread"}';</script>
<script>
gtag('event', 'select_content', {content_type: 'category', item_id: 'Panificio'});gtag('event', 'select_content', {content_type: 'category', item_id: 'Morbido'});
</script>
<div class="left product prod1"
        data-name="Pane Rdg Hamburger Nero 165gr"
        data-price="1.30"
        data-id="77403"
        data-available="yes"
        data-category="424"
        data-bestselling="">
    <a href="../pane-rdg-hamburger-nero-165gr.html">
        <div style="background-image: url('../../cdn.spesati.com/images/products/472622/pane-rdg-hamburger-01.html')">
            <div class="hover"></div>
            
            <div class="stickers"></div>
        </div>
    </a>
    <div>
        <h4><a href="../pane-rdg-hamburger-nero-165gr.html"><b>Pane Rdg Hamburger Nero 165gr</b></a></h4>
        <p class="description">0.17 Kg</p>
        <p class="right price"><b>1.30 €</b></p>
        <p class="right unitPrice">7.66 € per kg</p>
    </div>
    <div class="contButton">
    <a class="button bgRed white addToCart" href="#">Add</a>
</div>
</div><div class="left product prod2"
        data-name="Frau Pane Grattugiato 500gr"
        data-price="1.59"
        data-id="26323"
        data-available="yes"
        data-category="424"
        data-bestselling="1">
    <a href="../frau-pane-grattugiato-500gr.html">
        <div style="background-image: url('../../cdn.spesati.com/images/products/115684/frau-pane-grattugiato-01.html')">
            <div class="hover"></div>
            <p class="arrow bgRed white">Best Seller</p>
            <div class="stickers"><img class="left" src="../../cdn.spesati.com/images/layout/sardinian.png" /></div>
        </div>
    </a>
    <div>
        <h4><a href="../frau-pane-grattugiato-500gr.html"><b>Frau Pane Grattugiato 500gr</b></a></h4>
        <p class="description">0.5 Kg</p>
        <p class="right price"><b>1.59 €</b></p>
        <p class="right unitPrice">3.18 € per kg</p>
    </div>
    <div class="contButton">
    <a class="button bgRed white addToCart" href="#">Add</a>
</div>
</div><div class="left product prod3"
        data-name="Paninotto Classico Micheletto 450Gr"
        data-price="3.23"
        data-id="6946"
        data-available="yes"
        data-category="424"
        data-bestselling="3">
    <a href="../paninotto-classico-micheletto-450gr.html">
        <div style="background-image: url('../../cdn.spesati.com/images/products/110185/paninotto-classico-micheletto-01.jpg')">
            <div class="hover"></div>
            <p class="arrow bgRed white">Best Seller</p>
            <div class="stickers"></div>
        </div>
    </a>
    <div>
        <h4><a href="../paninotto-classico-micheletto-450gr.html"><b>Paninotto Classico Micheletto 450Gr</b></a></h4>
        <p class="description">0.45 Kg</p>
        <p class="right price"><b>3.23 €</b></p>
        <p class="right unitPrice">7.18 € per kg</p>
    </div>
    <div class="contButton">
    <a class="button bgRed white addToCart" href="#">Add</a>
</div>
</div><div class="left product prod4"
        data-name="Schar Pane Rosette Senza Glutine 8Pz"
        data-price="4.35"
        data-id="7014"
        data-available="yes"
        data-category="424"
        data-bestselling="">
    <a href="../schar-pane-rosette-senza-glutine-8pz.html">
        <div style="background-image: url('../../cdn.spesati.com/images/products/000504851/schaer-rosette-8-x-58-g-01.png')">
            <div class="hover"></div>
            
            <div class="stickers"><img class="left" src="../../cdn.spesati.com/images/layout/gluten-free.png" /></div>
        </div>
    </a>
    <div>
        <h4><a href="../schar-pane-rosette-senza-glutine-8pz.html"><b>Schar Pane Rosette Senza Glutine 8Pz</b></a></h4>
        <p class="description">Schär Rosette 8 x 58 g</p>
        <p class="right price"><b>4.35 €</b></p>
        <p class="right unitPrice">4.36 € per kg</p>
    </div>
    <div class="contButton">
    <a class="button bgRed white addToCart" href="#">Add</a>
</div>
</div><div class="left product prod5"
        data-name="Pane Mul B Gran Cuor Pane 400g"
        data-price="3.29"
        data-id="69948"
        data-available="yes"
        data-category="424"
        data-bestselling="4">
    <a href="../pane-mul-b-gran-cuor-pane-400g.html">
        <div style="background-image: url('../../cdn.spesati.com/images/products/000438388/mulino-bianco-gran-cuor-di-pane-bianco-400g-01.png')">
            <div class="hover"></div>
            <p class="arrow bgRed white">Best Seller</p>
            <div class="stickers"></div>
        </div>
    </a>
    <div>
        <h4><a href="../pane-mul-b-gran-cuor-pane-400g.html"><b>Pane Mul B Gran Cuor Pane 400g</b></a></h4>
        <p class="description">Mulino Bianco Gran Cuor di Pane Bianco 400g</p>
        <p class="right price"><b>3.29 €</b></p>
        <p class="right unitPrice">8.23 € per kg</p>
    </div>
    <div class="contButton">
    <a class="button bgRed white addToCart" href="#">Add</a>
</div>
</div><div class="left product prod6"
        data-name="Piadella Mul B Pocket 240gr"
        data-price="2.65"
        data-id="69945"
        data-available="yes"
        data-category="424"
        data-bestselling="1">
    <a href="../piadella-mul-b-pocket-240gr.html">
        <div style="background-image: url('../../cdn.spesati.com/images/products/000438387/mulino-bianco-piadelle-toast-ideale-per-piadina-e-toast-4pz-240g-01.png')">
            <div class="hover"></div>
            <p class="arrow bgRed white">Best Seller</p>
            <div class="stickers"></div>
        </div>
    </a>
    <div>
        <h4><a href="../piadella-mul-b-pocket-240gr.html"><b>Piadella Mul B Pocket 240gr</b></a></h4>
        <p class="description">Mulino Bianco Piadelle Toast Ideale per Piadina e Toast 4pz 240g</p>
        <p class="right price"><b>2.65 €</b></p>
        <p class="right unitPrice">11.04 € per kg</p>
    </div>
    <div class="contButton">
    <a class="button bgRed white addToCart" href="#">Add</a>
</div>
</div><div class="left product prod7"
        data-name="Piadelle Mul B Caserecce 375gr"
        data-price="3.89"
        data-id="69942"
        data-available="yes"
        data-category="424"
        data-bestselling="">
    <a href="../piadelle-mul-b-caserecce-375gr.html">
        <div style="background-image: url('../../cdn.spesati.com/images/products/000438386/mulino-bianco-gran-piadelle-ideale-per-piadina-375g-01.png')">
            <div class="hover"></div>
            
            <div class="stickers"></div>
        </div>
    </a>
    <div>
        <h4><a href="../piadelle-mul-b-caserecce-375gr.html"><b>Piadelle Mul B Caserecce 375gr</b></a></h4>
        <p class="description">Mulino Bianco Gran Piadelle ideale per Piadina 375g</p>
        <p class="right price"><b>3.89 €</b></p>
        <p class="right unitPrice">10.23 € per kg</p>
    </div>
    <div class="contButton">
    <a class="button bgRed white addToCart" href="#">Add</a>
</div>
</div><div class="left product prod8"
        data-name="Pane Schar Clas Mastro Pan 330"
        data-price="4.19"
        data-id="66888"
        data-available="yes"
        data-category="424"
        data-bestselling="">
    <a href="../pane-schar-clas-mastro-pan-330.html">
        <div style="background-image: url('../../cdn.spesati.com/images/products/000438250/schaer-classico-del-mastro-panettiere-330-g-01.png')">
            <div class="hover"></div>
            
            <div class="stickers"><img class="left" src="../../cdn.spesati.com/images/layout/gluten-free.png" /></div>
        </div>
    </a>
    <div>
        <h4><a href="../pane-schar-clas-mastro-pan-330.html"><b>Pane Schar Clas Mastro Pan 330</b></a></h4>
        <p class="description">Schär Classico del Mastro Panettiere 330 g</p>
        <p class="right price"><b>4.19 €</b></p>
        <p class="right unitPrice">12.69 € per kg</p>
    </div>
    <div class="contButton">
    <a class="button bgRed white addToCart" href="#">Add</a>
</div>
</div><div class="left product prod9"
        data-name="Pane Nutrif Sandwich S/g 240g"
        data-price="4.69"
        data-id="77239"
        data-available="yes"
        data-category="424"
        data-bestselling="">
    <a href="../pane-nutrif-sandwich-sg-240g.html">
        <div style="background-image: url('../../cdn.spesati.com/images/products/000437395/nutrifree-american-sandwich-senza-glutine-senza-lattosio-240-g-01.png')">
            <div class="hover"></div>
            
            <div class="stickers"><img class="left" src="../../cdn.spesati.com/images/layout/gluten-free.png" /></div>
        </div>
    </a>
    <div>
        <h4><a href="../pane-nutrif-sandwich-sg-240g.html"><b>Pane Nutrif Sandwich S/g 240g</b></a></h4>
        <p class="description">Nutrifree American Sandwich Senza Glutine Senza Lattosio 240 g</p>
        <p class="right price"><b>4.69 €</b></p>
        <p class="right unitPrice">19.55 € per kg</p>
    </div>
    <div class="contButton">
    <a class="button bgRed white addToCart" href="#">Add</a>
</div>
</div><div class="left product prod10"
        data-name="Pane Mulin B Cuor Pan Int 325g"
        data-price="2.19"
        data-id="59376"
        data-available="yes"
        data-category="424"
        data-bestselling="">
    <a href="../pane-mulin-b-cuor-pan-int-325g.html">
        <div style="background-image: url('../../cdn.spesati.com/images/products/000437324/mulino-bianco-cuor-di-pane-pane-integrale-ideale-per-tramezzino-325g-01.png')">
            <div class="hover"></div>
            
            <div class="stickers"></div>
        </div>
    </a>
    <div>
        <h4><a href="../pane-mulin-b-cuor-pan-int-325g.html"><b>Pane Mulin B Cuor Pan Int 325g</b></a></h4>
        <p class="description">Mulino Bianco Cuor di Pane Pane Integrale Ideale per Tramezzino 325g</p>
        <p class="right price"><b>2.19 €</b></p>
        <p class="right unitPrice">6.64 € per kg</p>
    </div>
    <div class="contButton">
    <a class="button bgRed white addToCart" href="#">Add</a>
</div>
</div><div class="left product prod11"
        data-name="Pane Mul B Gran Baul Noci 465 3"
        data-price="3.05"
        data-id="85394"
        data-available="yes"
        data-category="424"
        data-bestselling="">
    <a href="../pane-mul-b-gran-baul-noci-465-3.html">
        <div style="background-image: url('../../cdn.spesati.com/images/products/000436581/mulino-bianco-gran-bauletto-integrale-con-semi-e-noci-465g-01.png')">
            <div class="hover"></div>
            
            <div class="stickers"></div>
        </div>
    </a>
    <div>
        <h4><a href="../pane-mul-b-gran-baul-noci-465-3.html"><b>Pane Mul B Gran Baul Noci 465 3</b></a></h4>
        <p class="description">Mulino Bianco Gran Bauletto Pane Integrale con Semi e noci 465g</p>
        <p class="right price"><b>3.05 €</b></p>
        <p class="right unitPrice">6.49 € per kg</p>
    </div>
    <div class="contButton">
    <a class="button bgRed white addToCart" href="#">Add</a>
</div>
</div><div class="left product prod12"
        data-name="Pane Mulin B Gran Baul Seg 500"
        data-price="3.29"
        data-id="83711"
        data-available="yes"
        data-category="424"
        data-bestselling="">
    <a href="../pane-mulin-b-gran-baul-seg-500.html">
        <div style="background-image: url('../../cdn.spesati.com/images/products/000436412/mulino-bianco-gran-bauletto-alla-segale-500g-01.png')">
            <div class="hover"></div>
            
            <div class="stickers"></div>
        </div>
    </a>
    <div>
        <h4><a href="../pane-mulin-b-gran-baul-seg-500.html"><b>Pane Mulin B Gran Baul Seg 500</b></a></h4>
        <p class="description">Mulino Bianco Gran Bauletto alla Segale 500g</p>
        <p class="right price"><b>3.29 €</b></p>
        <p class="right unitPrice">14.30 € per kg</p>
    </div>
    <div class="contButton">
    <a class="button bgRed white addToCart" href="#">Add</a>
</div>
</div><div class="left product prod13"
        data-name="Pane Mulino Bianco Granbauletto Rustico"
        data-price="3.19"
        data-id="14592"
        data-available="yes"
        data-category="424"
        data-bestselling="">
    <a href="../pane-mulino-bianco-granbauletto-rustico.html">
        <div style="background-image: url('../../cdn.spesati.com/images/products/000144041/mulino-bianco-gran-bauletto-pane-rustico-500g-01.png')">
            <div class="hover"></div>
            
            <div class="stickers"></div>
        </div>
    </a>
    <div>
        <h4><a href="../pane-mulino-bianco-granbauletto-rustico.html"><b>Pane Mulino Bianco Granbauletto Rustico</b></a></h4>
        <p class="description">Mulino Bianco Gran Bauletto Pane Rustico 500g</p>
        <p class="right price"><b>3.19 €</b></p>
        <p class="right unitPrice">6.38 € per kg</p>
    </div>
    <div class="contButton">
    <a class="button bgRed white addToCart" href="#">Add</a>
</div>
</div><div class="left product prod14"
        data-name="Piadine Mulino Bianco Piadelle Sfogliate"
        data-price="2.25"
        data-id="27664"
        data-available="yes"
        data-category="424"
        data-bestselling="">
    <a href="../piadine-mulino-bianco-piadelle-sfogliate.html">
        <div style="background-image: url('../../cdn.spesati.com/images/products/000144023/mulino-bianco-piadelle-sfogliate-ideale-per-piadina-3pz-330g-01.png')">
            <div class="hover"></div>
            
            <div class="stickers"></div>
        </div>
    </a>
    <div>
        <h4><a href="../piadine-mulino-bianco-piadelle-sfogliate.html"><b>Piadine Mulino Bianco Piadelle Sfogliate</b></a></h4>
        <p class="description">Mulino Bianco Piadelle Sfogliate Ideale per Piadina 3pz 330g</p>
        <p class="right price"><b>2.25 €</b></p>
        <p class="right unitPrice">6.81 € per kg</p>
    </div>
    <div class="contButton">
    <a class="button bgRed white addToCart" href="#">Add</a>
</div>
</div><div class="left product prod15"
        data-name="Mulino Bianco Piadelle"
        data-price="2.49"
        data-id="2308"
        data-available="yes"
        data-category="424"
        data-bestselling="2">
    <a href="../mulino-bianco-piadelle.html">
        <div style="background-image: url('../../cdn.spesati.com/images/products/000144021/mulino-bianco-piadelle-classiche-300g-01.png')">
            <div class="hover"></div>
            <p class="arrow bgRed white">Best Seller</p>
            <div class="stickers"></div>
        </div>
    </a>
    <div>
        <h4><a href="../mulino-bianco-piadelle.html"><b>Mulino Bianco Piadelle</b></a></h4>
        <p class="description">Mulino Bianco Piadelle Classiche 300g</p>
        <p class="right price"><b>2.49 €</b></p>
        <p class="right unitPrice">8.30 € per kg</p>
    </div>
    <div class="contButton">
    <a class="button bgRed white addToCart" href="#">Add</a>
</div>
</div><div class="left product prod16"
        data-name="Pane Mulin B Bauletto S/g 300g"
        data-price="3.85"
        data-id="66522"
        data-available="yes"
        data-category="424"
        data-bestselling="">
    <a href="../pane-mulin-b-bauletto-sg-300g.html">
        <div style="background-image: url('../../cdn.spesati.com/images/products/000119924/mulino-bianco-armonia-pan-bauletto-senza-glutine-pane-con-farina-di-riso-e-olio-di-girasole-300g-01.png')">
            <div class="hover"></div>
            
            <div class="stickers"><img class="left" src="../../cdn.spesati.com/images/layout/gluten-free.png" /></div>
        </div>
    </a>
    <div>
        <h4><a href="../pane-mulin-b-bauletto-sg-300g.html"><b>Pane Mulin B Bauletto S/g 300g</b></a></h4>
        <p class="description">Mulino Bianco Armonia Pan Bauletto Senza Glutine Pane con Farina di Riso e Olio di Girasole 300g</p>
        <p class="right price"><b>3.85 €</b></p>
        <p class="right unitPrice">12.84 € per kg</p>
    </div>
    <div class="contButton">
    <a class="button bgRed white addToCart" href="#">Add</a>
</div>
</div><div class="left product prod17"
        data-name="Pane Nutrisi Integr S/glu 4x85"
        data-price="6.25"
        data-id="77080"
        data-available="yes"
        data-category="424"
        data-bestselling="">
    <a href="../pane-nutrisi-integr-sglu-4x85.html">
        <div style="background-image: url('../../cdn.spesati.com/images/products/000118826/nutrifree-panfette-con-farina-integrale-senza-glutine-340-g-01.png')">
            <div class="hover"></div>
            
            <div class="stickers"><img class="left" src="../../cdn.spesati.com/images/layout/gluten-free.png" /><img class="left" src="../../cdn.spesati.com/images/layout/whole-grain.png" /></div>
        </div>
    </a>
    <div>
        <h4><a href="../pane-nutrisi-integr-sglu-4x85.html"><b>Pane Nutrisi Integr S/glu 4x85</b></a></h4>
        <p class="description">Nutrifree Panfette con Farina Integrale Senza Glutine 340 g</p>
        <p class="right price"><b>6.25 €</b></p>
        <p class="right unitPrice">18.38 € per kg</p>
    </div>
    <div class="contButton">
    <a class="button bgRed white addToCart" href="#">Add</a>
</div>
</div><div class="left product prod18"
        data-name="Panfet Tramezz Qui Class Gr400"
        data-price="3.26"
        data-id="26645"
        data-available="yes"
        data-category="424"
        data-bestselling="">
    <a href="../panfet-tramezz-qui-class-gr400.html">
        <div style="background-image: url('../../cdn.spesati.com/images/products/000117503/qui-sardegna-panfette-per-tramezzini-400-g-01.png')">
            <div class="hover"></div>
            
            <div class="stickers"></div>
        </div>
    </a>
    <div>
        <h4><a href="../panfet-tramezz-qui-class-gr400.html"><b>Panfet Tramezz Qui Class Gr400</b></a></h4>
        <p class="description">Qui Sardegna Panfette per Tramezzini 400 g</p>
        <p class="right price"><b>3.26 €</b></p>
        <p class="right unitPrice">8.14 € per kg</p>
    </div>
    <div class="contButton">
    <a class="button bgRed white addToCart" href="#">Add</a>
</div>
</div><div class="left product prod19"
        data-name="Pangrattato Barilla 400gr"
        data-price="1.25"
        data-id="26329"
        data-available="yes"
        data-category="424"
        data-bestselling="1">
    <a href="../pangrattato-barilla-400gr.html">
        <div style="background-image: url('../../cdn.spesati.com/images/products/000115727/mulino-bianco-pangrattato-ideale-per-panatura-e-gratinatura-400g-01.png')">
            <div class="hover"></div>
            <p class="arrow bgRed white">Best Seller</p>
            <div class="stickers"></div>
        </div>
    </a>
    <div>
        <h4><a href="../pangrattato-barilla-400gr.html"><b>Pangrattato Barilla 400gr</b></a></h4>
        <p class="description">Mulino Bianco Pangrattato Ideale per Panatura e Gratinatura 400g</p>
        <p class="right price"><b>1.25 €</b></p>
        <p class="right unitPrice">3.13 € per kg</p>
    </div>
    <div class="contButton">
    <a class="button bgRed white addToCart" href="#">Add</a>
</div>
</div><div class="left product prod20"
        data-name="Filone Tramezzini Qui Gr2100"
        data-price="14.27"
        data-id="26317"
        data-available="yes"
        data-category="424"
        data-bestselling="">
    <a href="../filone-tramezzini-qui-gr2100.html">
        <div style="background-image: url('../../cdn.spesati.com/images/products/000115599/filone-panfette-per-tramezzini-2100-kg-01.png')">
            <div class="hover"></div>
            
            <div class="stickers"></div>
        </div>
    </a>
    <div>
        <h4><a href="../filone-tramezzini-qui-gr2100.html"><b>Filone Tramezzini Qui Gr2100</b></a></h4>
        <p class="description">Filone Panfette per Tramezzini 2,100 Kg</p>
        <p class="right price"><b>14.27 €</b></p>
        <p class="right unitPrice">6.79 € per kg</p>
    </div>
    <div class="contButton">
    <a class="button bgRed white addToCart" href="#">Add</a>
</div>
</div><div class="left product prod21"
        data-name="Pane Qui Morbido Tramezz 250gr"
        data-price="2.37"
        data-id="26315"
        data-available="yes"
        data-category="424"
        data-bestselling="">
    <a href="../pane-qui-morbido-tramezz-250gr.html">
        <div style="background-image: url('../../cdn.spesati.com/images/products/000115594/qui-sardegna-pane-morbido-per-tramezzini-con-latte-250-g-01.png')">
            <div class="hover"></div>
            
            <div class="stickers"></div>
        </div>
    </a>
    <div>
        <h4><a href="../pane-qui-morbido-tramezz-250gr.html"><b>Pane Qui Morbido Tramezz 250gr</b></a></h4>
        <p class="description">Qui Sardegna Pane Morbido per tramezzini con latte 250 g</p>
        <p class="right price"><b>2.37 €</b></p>
        <p class="right unitPrice">9.47 € per kg</p>
    </div>
    <div class="contButton">
    <a class="button bgRed white addToCart" href="#">Add</a>
</div>
</div><div class="left product prod22"
        data-name="Pane Schar Tartaruga 4X50Gr"
        data-price="4.89"
        data-id="6866"
        data-available="yes"
        data-category="424"
        data-bestselling="">
    <a href="../pane-schar-tartaruga-4x50gr.html">
        <div style="background-image: url('../../cdn.spesati.com/images/products/000114905/schaer-tartaruga-4-x-50-g-01.png')">
            <div class="hover"></div>
            
            <div class="stickers"><img class="left" src="../../cdn.spesati.com/images/layout/gluten-free.png" /></div>
        </div>
    </a>
    <div>
        <h4><a href="../pane-schar-tartaruga-4x50gr.html"><b>Pane Schar Tartaruga 4X50Gr</b></a></h4>
        <p class="description">Schär Tartaruga 4 x 50 g</p>
        <p class="right price"><b>4.89 €</b></p>
        <p class="right unitPrice">24.45 € per kg</p>
    </div>
    <div class="contButton">
    <a class="button bgRed white addToCart" href="#">Add</a>
</div>
</div><div class="left product prod23"
        data-name="Barilla Gra Bauletto Grano Tenero 500 Gr"
        data-price="3.09"
        data-id="4641"
        data-available="yes"
        data-category="424"
        data-bestselling="">
    <a href="../barilla-gra-bauletto-grano-tenero-500-gr.html">
        <div style="background-image: url('../../cdn.spesati.com/images/products/000114059/mulino-bianco-gran-bauletto-pane-con-grano-tenero-e-farro-500g-01.png')">
            <div class="hover"></div>
            
            <div class="stickers"></div>
        </div>
    </a>
    <div>
        <h4><a href="../barilla-gra-bauletto-grano-tenero-500-gr.html"><b>Barilla Gra Bauletto Grano Tenero 500 Gr</b></a></h4>
        <p class="description">Mulino Bianco Gran Bauletto Pane con Grano Tenero e Farro 500g</p>
        <p class="right price"><b>3.09 €</b></p>
        <p class="right unitPrice">6.18 € per kg</p>
    </div>
    <div class="contButton">
    <a class="button bgRed white addToCart" href="#">Add</a>
</div>
</div><div class="left product prod24"
        data-name="Panini Schar Rolls Senza Glutine 3X75Gr"
        data-price="4.97"
        data-id="6843"
        data-available="yes"
        data-category="424"
        data-bestselling="">
    <a href="../panini-schar-rolls-senza-glutine-3x75gr.html">
        <div style="background-image: url('../../cdn.spesati.com/images/products/000112305/schaer-panini-rolls-225-g-01.png')">
            <div class="hover"></div>
            
            <div class="stickers"><img class="left" src="../../cdn.spesati.com/images/layout/gluten-free.png" /></div>
        </div>
    </a>
    <div>
        <h4><a href="../panini-schar-rolls-senza-glutine-3x75gr.html"><b>Panini Schar Rolls Senza Glutine 3X75Gr</b></a></h4>
        <p class="description">Schär Panini Rolls 225 g</p>
        <p class="right price"><b>4.97 €</b></p>
        <p class="right unitPrice">22.10 € per kg</p>
    </div>
    <div class="contButton">
    <a class="button bgRed white addToCart" href="#">Add</a>
</div>
</div><div class="left product prod25"
        data-name="Pane Schar Mini Baguet 2Pz 150Gr"
        data-price="4.25"
        data-id="6885"
        data-available="yes"
        data-category="424"
        data-bestselling="">
    <a href="../pane-schar-mini-baguet-2pz-150gr.html">
        <div style="background-image: url('../../cdn.spesati.com/images/products/000112178/schaer-mini-baguette-150-g-01.png')">
            <div class="hover"></div>
            
            <div class="stickers"><img class="left" src="../../cdn.spesati.com/images/layout/gluten-free.png" /></div>
        </div>
    </a>
    <div>
        <h4><a href="../pane-schar-mini-baguet-2pz-150gr.html"><b>Pane Schar Mini Baguet 2Pz 150Gr</b></a></h4>
        <p class="description">Schär Mini Baguette 150 g</p>
        <p class="right price"><b>4.25 €</b></p>
        <p class="right unitPrice">28.34 € per kg</p>
    </div>
    <div class="contButton">
    <a class="button bgRed white addToCart" href="#">Add</a>
</div>
</div><div class="left product prod26"
        data-name="Pan Di Sfoglia Gecchele 320gr"
        data-price="3.60"
        data-id="25748"
        data-available="yes"
        data-category="424"
        data-bestselling="">
    <a href="../pan-di-sfoglia-gecchele-320gr.html">
        <div style="background-image: url('../../cdn.spesati.com/images/products/000111643/gecchele-pan-di-sfoglia-8-sfoglie-320-g-01.png')">
            <div class="hover"></div>
            
            <div class="stickers"></div>
        </div>
    </a>
    <div>
        <h4><a href="../pan-di-sfoglia-gecchele-320gr.html"><b>Pan Di Sfoglia Gecchele 320gr</b></a></h4>
        <p class="description">Gecchele Pan di Sfoglia 8 sfoglie 320 g</p>
        <p class="right price"><b>3.60 €</b></p>
        <p class="right unitPrice">11.26 € per kg</p>
    </div>
    <div class="contButton">
    <a class="button bgRed white addToCart" href="#">Add</a>
</div>
</div><div class="left product prod27"
        data-name="Ds Pan Grattato Senza Glutine"
        data-price="4.29"
        data-id="2317"
        data-available="yes"
        data-category="424"
        data-bestselling="">
    <a href="../ds-pan-grattato-senza-glutine.html">
        <div style="background-image: url('../../cdn.spesati.com/images/products/000111600/schaer-pan-grati-300-g-01.png')">
            <div class="hover"></div>
            
            <div class="stickers"><img class="left" src="../../cdn.spesati.com/images/layout/gluten-free.png" /></div>
        </div>
    </a>
    <div>
        <h4><a href="../ds-pan-grattato-senza-glutine.html"><b>Ds Pan Grattato Senza Glutine</b></a></h4>
        <p class="description">Schär Pan Gratí 300 g</p>
        <p class="right price"><b>4.29 €</b></p>
        <p class="right unitPrice">14.30 € per kg</p>
    </div>
    <div class="contButton">
    <a class="button bgRed white addToCart" href="#">Add</a>
</div>
</div><div class="left product prod28"
        data-name="Piadina schar senza glutine 240"
        data-price="5.34"
        data-id="5087"
        data-available="yes"
        data-category="424"
        data-bestselling="">
    <a href="../piadina-schar-senza-glutine-240.html">
        <div style="background-image: url('../../cdn.spesati.com/images/products/000111599/schaer-piadina-3-x-80-g-01.png')">
            <div class="hover"></div>
            
            <div class="stickers"><img class="left" src="../../cdn.spesati.com/images/layout/gluten-free.png" /></div>
        </div>
    </a>
    <div>
        <h4><a href="../piadina-schar-senza-glutine-240.html"><b>Piadina schar senza glutine 240</b></a></h4>
        <p class="description">Schär Piadina 3 x 80 g</p>
        <p class="right price"><b>5.34 €</b></p>
        <p class="right unitPrice">22.26 € per kg</p>
    </div>
    <div class="contButton">
    <a class="button bgRed white addToCart" href="#">Add</a>
</div>
</div><div class="left product prod29"
        data-name="Barilla Pane 5 Cereali Soia"
        data-price="1.65"
        data-id="2310"
        data-available="yes"
        data-category="424"
        data-bestselling="1">
    <a href="../barilla-pane-5-cereali-soia.html">
        <div style="background-image: url('../../cdn.spesati.com/images/products/000109796/mulino-bianco-pan-bauletto-cereali-e-soia-pane-ideale-per-panini-400g-01.png')">
            <div class="hover"></div>
            <p class="arrow bgRed white">Best Seller</p>
            <div class="stickers"></div>
        </div>
    </a>
    <div>
        <h4><a href="../barilla-pane-5-cereali-soia.html"><b>Barilla Pane 5 Cereali Soia</b></a></h4>
        <p class="description">Mulino Bianco Pan Bauletto Cereali Pane Ideale per Panini 400g</p>
        <p class="right price"><b>1.65 €</b></p>
        <p class="right unitPrice">4.13 € per kg</p>
    </div>
    <div class="contButton">
    <a class="button bgRed white addToCart" href="#">Add</a>
</div>
</div><div class="left product prod30"
        data-name="Pane Mulino Bianco Pagnotte Hotdog 6Pz"
        data-price="2.55"
        data-id="6958"
        data-available="yes"
        data-category="424"
        data-bestselling="">
    <a href="../pane-mulino-bianco-pagnotte-hotdog-6pz.html">
        <div style="background-image: url('../../cdn.spesati.com/images/products/000109794/mulino-bianco-pagnottelle-hot-dog-pane-ideale-per-hot-dog-325g-01.png')">
            <div class="hover"></div>
            
            <div class="stickers"></div>
        </div>
    </a>
    <div>
        <h4><a href="../pane-mulino-bianco-pagnotte-hotdog-6pz.html"><b>Pane Mulino Bianco Pagnotte Hotdog 6Pz</b></a></h4>
        <p class="description">Mulino Bianco Pagnottelle Hot Dog Pane Ideale per Hot Dog 325g</p>
        <p class="right price"><b>2.55 €</b></p>
        <p class="right unitPrice">2.55 € per kg</p>
    </div>
    <div class="contButton">
    <a class="button bgRed white addToCart" href="#">Add</a>
</div>
</div><div class="left product prod31"
        data-name="Barilla Pagnottelle"
        data-price="2.49"
        data-id="2309"
        data-available="yes"
        data-category="424"
        data-bestselling="">
    <a href="../barilla-pagnottelle.html">
        <div style="background-image: url('../../cdn.spesati.com/images/products/000109792/mulino-bianco-pagnottelle-classiche-pane-ideale-per-panini-360g-01.png')">
            <div class="hover"></div>
            
            <div class="stickers"></div>
        </div>
    </a>
    <div>
        <h4><a href="../barilla-pagnottelle.html"><b>Barilla Pagnottelle</b></a></h4>
        <p class="description">Mulino Bianco Pagnottelle Classiche Pane Ideale per Panini 360g</p>
        <p class="right price"><b>2.49 €</b></p>
        <p class="right unitPrice">6.92 € per kg</p>
    </div>
    <div class="contButton">
    <a class="button bgRed white addToCart" href="#">Add</a>
</div>
</div><div class="left product prod32"
        data-name="Spuntinelle Mini Morato Gr 175"
        data-price="1.75"
        data-id="25458"
        data-available="yes"
        data-category="424"
        data-bestselling="">
    <a href="../spuntinelle-mini-morato-gr-175.html">
        <div style="background-image: url('../../cdn.spesati.com/images/products/000109520/morato-spuntinelle-le-originali-mini-175-g-01.png')">
            <div class="hover"></div>
            
            <div class="stickers"></div>
        </div>
    </a>
    <div>
        <h4><a href="../spuntinelle-mini-morato-gr-175.html"><b>Spuntinelle Mini Morato Gr 175</b></a></h4>
        <p class="description">Morato Spuntinelle le Originali Mini 175 g</p>
        <p class="right price"><b>1.75 €</b></p>
        <p class="right unitPrice">10.00 € per kg</p>
    </div>
    <div class="contButton">
    <a class="button bgRed white addToCart" href="#">Add</a>
</div>
</div><div class="left product prod33"
        data-name="Americ Big Burger Morato 300gr"
        data-price="2.32"
        data-id="25457"
        data-available="yes"
        data-category="424"
        data-bestselling="">
    <a href="../americ-big-burger-morato-300gr.html">
        <div style="background-image: url('../../cdn.spesati.com/images/products/000109518/morato-american-big-burger-4-x-75-g-01.png')">
            <div class="hover"></div>
            
            <div class="stickers"></div>
        </div>
    </a>
    <div>
        <h4><a href="../americ-big-burger-morato-300gr.html"><b>Americ Big Burger Morato 300gr</b></a></h4>
        <p class="description">Morato American Big Burger 4 x 75 g</p>
        <p class="right price"><b>2.32 €</b></p>
        <p class="right unitPrice">7.72 € per kg</p>
    </div>
    <div class="contButton">
    <a class="button bgRed white addToCart" href="#">Add</a>
</div>
</div><div class="left product prod34"
        data-name="Morato American Sandwich"
        data-price="2.29"
        data-id="2323"
        data-available="yes"
        data-category="424"
        data-bestselling="1">
    <a href="../morato-american-sandwich.html">
        <div style="background-image: url('../../cdn.spesati.com/images/products/000109508/morato-american-sandwich-bianco-14-x-393-g-01.png')">
            <div class="hover"></div>
            <p class="arrow bgRed white">Best Seller</p>
            <div class="stickers"></div>
        </div>
    </a>
    <div>
        <h4><a href="../morato-american-sandwich.html"><b>Morato American Sandwich</b></a></h4>
        <p class="description">Morato American Sandwich Bianco 14 x 39,3 g</p>
        <p class="right price"><b>2.29 €</b></p>
        <p class="right unitPrice">4.16 € per kg</p>
    </div>
    <div class="contButton">
    <a class="button bgRed white addToCart" href="#">Add</a>
</div>
</div><div class="left product prod35"
        data-name="Spuntinelle Classic Morato 500"
        data-price="2.75"
        data-id="25455"
        data-available="yes"
        data-category="424"
        data-bestselling="">
    <a href="../spuntinelle-classic-morato-500.html">
        <div style="background-image: url('../../cdn.spesati.com/images/products/000109506/morato-spuntinelle-le-originali-500-g-01.png')">
            <div class="hover"></div>
            
            <div class="stickers"></div>
        </div>
    </a>
    <div>
        <h4><a href="../spuntinelle-classic-morato-500.html"><b>Spuntinelle Classic Morato 500</b></a></h4>
        <p class="description">Morato Spuntinelle le Originali 500 g</p>
        <p class="right price"><b>2.75 €</b></p>
        <p class="right unitPrice">5.50 € per kg</p>
    </div>
    <div class="contButton">
    <a class="button bgRed white addToCart" href="#">Add</a>
</div>
</div><div class="left product prod36"
        data-name="Spuntinelle Classic Morato 250"
        data-price="2.45"
        data-id="25454"
        data-available="yes"
        data-category="424"
        data-bestselling="">
    <a href="../spuntinelle-classic-morato-250.html">
        <div style="background-image: url('../../cdn.spesati.com/images/products/000109505/morato-spuntinelle-le-originali-250-g-01.png')">
            <div class="hover"></div>
            
            <div class="stickers"></div>
        </div>
    </a>
    <div>
        <h4><a href="../spuntinelle-classic-morato-250.html"><b>Spuntinelle Classic Morato 250</b></a></h4>
        <p class="description">Morato Spuntinelle le Originali 250 g</p>
        <p class="right price"><b>2.45 €</b></p>
        <p class="right unitPrice">9.80 € per kg</p>
    </div>
    <div class="contButton">
    <a class="button bgRed white addToCart" href="#">Add</a>
</div>
</div><div class="left product prod37"
        data-name="Bruschelle Maxi Morato 400g"
        data-price="2.95"
        data-id="25453"
        data-available="yes"
        data-category="424"
        data-bestselling="">
    <a href="../bruschelle-maxi-morato-400g.html">
        <div style="background-image: url('../../cdn.spesati.com/images/products/000109503/morato-bruschelle-le-originali-maxi-4-x-100-g-01.png')">
            <div class="hover"></div>
            
            <div class="stickers"></div>
        </div>
    </a>
    <div>
        <h4><a href="../bruschelle-maxi-morato-400g.html"><b>Bruschelle Maxi Morato 400g</b></a></h4>
        <p class="description">Morato Bruschelle le Originali Maxi 4 x 100 g</p>
        <p class="right price"><b>2.95 €</b></p>
        <p class="right unitPrice">7.37 € per kg</p>
    </div>
    <div class="contButton">
    <a class="button bgRed white addToCart" href="#">Add</a>
</div>
</div><div class="left product prod38"
        data-name="Barilla Pane Grano Duro"
        data-price="1.49"
        data-id="2311"
        data-available="yes"
        data-category="424"
        data-bestselling="3">
    <a href="../barilla-pane-grano-duro.html">
        <div style="background-image: url('../../cdn.spesati.com/images/products/000109100/mulino-bianco-pan-bauletto-grano-duro-pane-ideale-per-panini-400g-01.png')">
            <div class="hover"></div>
            <p class="arrow bgRed white">Best Seller</p>
            <div class="stickers"></div>
        </div>
    </a>
    <div>
        <h4><a href="../barilla-pane-grano-duro.html"><b>Barilla Pane Grano Duro</b></a></h4>
        <p class="description">Mulino Bianco Pan Bauletto Grano Duro Pane Ideale per Panini 400g</p>
        <p class="right price"><b>1.49 €</b></p>
        <p class="right unitPrice">3.72 € per kg</p>
    </div>
    <div class="contButton">
    <a class="button bgRed white addToCart" href="#">Add</a>
</div>
</div><div class="left product prod39"
        data-name="Pane Daily Bread Hot Dog 312gr"
        data-price="1.89"
        data-id="24411"
        data-available="yes"
        data-category="424"
        data-bestselling="1">
    <a href="../pane-daily-bread-hot-dog-312gr.html">
        <div style="background-image: url('../../cdn.spesati.com/images/products/000101825/dailybread-pane-per-hot-dog-panini-5-x-625-g-01.png')">
            <div class="hover"></div>
            <p class="arrow bgRed white">Best Seller</p>
            <div class="stickers"></div>
        </div>
    </a>
    <div>
        <h4><a href="../pane-daily-bread-hot-dog-312gr.html"><b>Pane Daily Bread Hot Dog 312gr</b></a></h4>
        <p class="description">DailyBread Pane per Hot Dog Panini 5 x 62,5 g</p>
        <p class="right price"><b>1.89 €</b></p>
        <p class="right unitPrice">6.05 € per kg</p>
    </div>
    <div class="contButton">
    <a class="button bgRed white addToCart" href="#">Add</a>
</div>
</div><div class="left product prod40"
        data-name="Pimapan Baguette Pane Quot 280"
        data-price="1.00"
        data-id="78803"
        data-available="yes"
        data-category="424"
        data-bestselling="">
    <a href="../pimapan-baguette-pane-quot-280.html">
        <div style="background-image: url('../../cdn.spesati.com/images/products/missing-image/missing-image.jpg')">
            <div class="hover"></div>
            
            <div class="stickers"></div>
        </div>
    </a>
    <div>
        <h4><a href="../pimapan-baguette-pane-quot-280.html"><b>Pimapan Baguette Pane Quot 280</b></a></h4>
        <p class="description">0.28 Kg</p>
        <p class="right price"><b>1.00 €</b></p>
        <p class="right unitPrice">3.57 € per kg</p>
    </div>
    <div class="contButton">
    <a class="button bgRed white addToCart" href="#">Add</a>
</div>
</div><div class="left product prod41"
        data-name="Pane Rdg Tram Clas 388 G"
        data-price="2.19"
        data-id="82026"
        data-available="yes"
        data-category="424"
        data-bestselling="">
    <a href="../pane-rdg-tram-clas-388-g.html">
        <div style="background-image: url('../../cdn.spesati.com/images/products/missing-image/missing-image.jpg')">
            <div class="hover"></div>
            
            <div class="stickers"></div>
        </div>
    </a>
    <div>
        <h4><a href="../pane-rdg-tram-clas-388-g.html"><b>Pane Rdg Tram Clas 388 G</b></a></h4>
        <p class="description">0.39 Kg</p>
        <p class="right price"><b>2.19 €</b></p>
        <p class="right unitPrice">5.62 € per kg</p>
    </div>
    <div class="contButton">
    <a class="button bgRed white addToCart" href="#">Add</a>
</div>
</div><div class="left product prod42"
        data-name="Pane Rdg Tram Cer/semi  388 G"
        data-price="2.69"
        data-id="82029"
        data-available="yes"
        data-category="424"
        data-bestselling="">
    <a href="../pane-rdg-tram-cersemi-388-g.html">
        <div style="background-image: url('../../cdn.spesati.com/images/products/missing-image/missing-image.jpg')">
            <div class="hover"></div>
            
            <div class="stickers"></div>
        </div>
    </a>
    <div>
        <h4><a href="../pane-rdg-tram-cersemi-388-g.html"><b>Pane Rdg Tram Cer/semi  388 G</b></a></h4>
        <p class="description">0.39 Kg</p>
        <p class="right price"><b>2.69 €</b></p>
        <p class="right unitPrice">6.90 € per kg</p>
    </div>
    <div class="contButton">
    <a class="button bgRed white addToCart" href="#">Add</a>
</div>
</div><div class="left product prod43"
        data-name="Pane Rdg Hambur Class 165gr"
        data-price="0.92"
        data-id="82047"
        data-available="yes"
        data-category="424"
        data-bestselling="">
    <a href="../pane-rdg-hambur-class-165gr.html">
        <div style="background-image: url('../../cdn.spesati.com/images/products/missing-image/missing-image.jpg')">
            <div class="hover"></div>
            
            <div class="stickers"></div>
        </div>
    </a>
    <div>
        <h4><a href="../pane-rdg-hambur-class-165gr.html"><b>Pane Rdg Hambur Class 165gr</b></a></h4>
        <p class="description">0.17 Kg</p>
        <p class="right price"><b>0.92 €</b></p>
        <p class="right unitPrice">5.41 € per kg</p>
    </div>
    <div class="contButton">
    <a class="button bgRed white addToCart" href="#">Add</a>
</div>
</div><div class="left product prod44"
        data-name="Pane Grattugiato Gecchele 3kg"
        data-price="19.85"
        data-id="25490"
        data-available="yes"
        data-category="424"
        data-bestselling="">
    <a href="../pane-grattugiato-gecchele-3kg.html">
        <div style="background-image: url('../../cdn.spesati.com/images/products/missing-image/missing-image.jpg')">
            <div class="hover"></div>
            
            <div class="stickers"></div>
        </div>
    </a>
    <div>
        <h4><a href="../pane-grattugiato-gecchele-3kg.html"><b>Pane Grattugiato Gecchele 3kg</b></a></h4>
        <p class="description">3 Kg</p>
        <p class="right price"><b>19.85 €</b></p>
        <p class="right unitPrice">6.61 € per kg</p>
    </div>
    <div class="contButton">
    <a class="button bgRed white addToCart" href="#">Add</a>
</div>
</div><div class="left product prod45"
        data-name="Pane Tostoni Micheletto 600g"
        data-price="3.49"
        data-id="25617"
        data-available="yes"
        data-category="424"
        data-bestselling="">
    <a href="../pane-tostoni-micheletto-600g.html">
        <div style="background-image: url('../../cdn.spesati.com/images/products/missing-image/missing-image.jpg')">
            <div class="hover"></div>
            
            <div class="stickers"></div>
        </div>
    </a>
    <div>
        <h4><a href="../pane-tostoni-micheletto-600g.html"><b>Pane Tostoni Micheletto 600g</b></a></h4>
        <p class="description">0.6 Kg</p>
        <p class="right price"><b>3.49 €</b></p>
        <p class="right unitPrice">5.82 € per kg</p>
    </div>
    <div class="contButton">
    <a class="button bgRed white addToCart" href="#">Add</a>
</div>
</div><div class="left product prod46"
        data-name="Pane Tartinose Michelet 1000gr"
        data-price="7.26"
        data-id="25624"
        data-available="yes"
        data-category="424"
        data-bestselling="">
    <a href="../pane-tartinose-michelet-1000gr.html">
        <div style="background-image: url('../../cdn.spesati.com/images/products/missing-image/missing-image.jpg')">
            <div class="hover"></div>
            
            <div class="stickers"></div>
        </div>
    </a>
    <div>
        <h4><a href="../pane-tartinose-michelet-1000gr.html"><b>Pane Tartinose Michelet 1000gr</b></a></h4>
        <p class="description">1 Kg</p>
        <p class="right price"><b>7.26 €</b></p>
        <p class="right unitPrice">7.26 € per kg</p>
    </div>
    <div class="contButton">
    <a class="button bgRed white addToCart" href="#">Add</a>
</div>
</div><div class="left product prod47"
        data-name="Pane Genov Michel Sesamo 500gr"
        data-price="3.30"
        data-id="25929"
        data-available="yes"
        data-category="424"
        data-bestselling="">
    <a href="../pane-genov-michel-sesamo-500gr.html">
        <div style="background-image: url('../../cdn.spesati.com/images/products/missing-image/missing-image.jpg')">
            <div class="hover"></div>
            
            <div class="stickers"></div>
        </div>
    </a>
    <div>
        <h4><a href="../pane-genov-michel-sesamo-500gr.html"><b>Pane Genov Michel Sesamo 500gr</b></a></h4>
        <p class="description">0.5 Kg</p>
        <p class="right price"><b>3.30 €</b></p>
        <p class="right unitPrice">6.59 € per kg</p>
    </div>
    <div class="contButton">
    <a class="button bgRed white addToCart" href="#">Add</a>
</div>
</div><div class="left product prod48"
        data-name="Pane Schar Cereal Mast Pan 330"
        data-price="4.54"
        data-id="69927"
        data-available="yes"
        data-category="424"
        data-bestselling="">
    <a href="../pane-schar-cereal-mast-pan-330.html">
        <div style="background-image: url('../../cdn.spesati.com/images/products/missing-image/missing-image.jpg')">
            <div class="hover"></div>
            
            <div class="stickers"><img class="left" src="../../cdn.spesati.com/images/layout/gluten-free.png" /></div>
        </div>
    </a>
    <div>
        <h4><a href="../pane-schar-cereal-mast-pan-330.html"><b>Pane Schar Cereal Mast Pan 330</b></a></h4>
        <p class="description">0.3 Kg</p>
        <p class="right price"><b>4.54 €</b></p>
        <p class="right unitPrice">15.14 € per kg</p>
    </div>
    <div class="contButton">
    <a class="button bgRed white addToCart" href="#">Add</a>
</div>
</div><div class="left product prod49"
        data-name="Pane Mul B Gran Baul Noci 465"
        data-price="4.58"
        data-id="64425"
        data-available="no"
        data-category="424"
        data-bestselling="">
    <a href="../pane-mul-b-gran-baul-noci-465.html">
        <div style="background-image: url('../../cdn.spesati.com/images/products/000438006/mulino-bianco-gran-bauletto-integrale-pane-con-semi-e-noci-465g-01.png')">
            <div class="hover"></div>
            
            <div class="stickers"></div>
        </div>
    </a>
    <div>
        <h4><a href="../pane-mul-b-gran-baul-noci-465.html"><b>Pane Mul B Gran Baul Noci 465</b></a></h4>
        <p class="description">Mulino Bianco Gran Bauletto Integrale Pane con Semi e Noci 465g</p>
        <p class="right price"><b>4.58 €</b></p>
        <p class="right unitPrice">9.74 € per kg</p>
    </div>
    <div class="notAvailable">
    <a class="button bgDarkGrey white" href="../pane-mul-b-gran-baul-noci-465.html">Not available</a>
</div>
</div><div class="left product prod50"
        data-name="Panino Nutrif Hamb Xl S/g 200g"
        data-price="4.69"
        data-id="77236"
        data-available="no"
        data-category="424"
        data-bestselling="">
    <a href="../panino-nutrif-hamb-xl-sg-200g.html">
        <div style="background-image: url('../../cdn.spesati.com/images/products/000437394/nutrifree-panino-hamburger-xl-senza-glutine-senza-lattosio-200-g-01.png')">
            <div class="hover"></div>
            
            <div class="stickers"><img class="left" src="../../cdn.spesati.com/images/layout/gluten-free.png" /></div>
        </div>
    </a>
    <div>
        <h4><a href="../panino-nutrif-hamb-xl-sg-200g.html"><b>Panino Nutrif Hamb Xl S/g 200g</b></a></h4>
        <p class="description">Nutrifree Panino Hamburger XL Senza Glutine Senza Lattosio 200 g</p>
        <p class="right price"><b>4.69 €</b></p>
        <p class="right unitPrice">23.45 € per kg</p>
    </div>
    <div class="notAvailable">
    <a class="button bgDarkGrey white" href="../panino-nutrif-hamb-xl-sg-200g.html">Not available</a>
</div>
</div><div class="left product prod51"
        data-name="Panin Nutrif Integr S/gl 2x90"
        data-price="4.05"
        data-id="77083"
        data-available="no"
        data-category="424"
        data-bestselling="">
    <a href="../panin-nutrif-integr-sgl-2x90.html">
        <div style="background-image: url('../../cdn.spesati.com/images/products/000119009/nutrifree-il-mio-panino-integrale-senza-glutine-180-g-01.png')">
            <div class="hover"></div>
            
            <div class="stickers"><img class="left" src="../../cdn.spesati.com/images/layout/gluten-free.png" /><img class="left" src="../../cdn.spesati.com/images/layout/whole-grain.png" /></div>
        </div>
    </a>
    <div>
        <h4><a href="../panin-nutrif-integr-sgl-2x90.html"><b>Panin Nutrif Integr S/gl 2x90</b></a></h4>
        <p class="description">Nutrifree il mio Panino integrale Senza Glutine 180 g</p>
        <p class="right price"><b>4.05 €</b></p>
        <p class="right unitPrice">22.51 € per kg</p>
    </div>
    <div class="notAvailable">
    <a class="button bgDarkGrey white" href="../panin-nutrif-integr-sgl-2x90.html">Not available</a>
</div>
</div><div class="left product prod52"
        data-name="Granpiada Roberto Classica 330"
        data-price="1.85"
        data-id="25975"
        data-available="no"
        data-category="424"
        data-bestselling="">
    <a href="../granpiada-roberto-classica-330.html">
        <div style="background-image: url('../../cdn.spesati.com/images/products/000112641/roberto-granpiada-classica-3-piadine-330-g-01.png')">
            <div class="hover"></div>
            
            <div class="stickers"></div>
        </div>
    </a>
    <div>
        <h4><a href="../granpiada-roberto-classica-330.html"><b>Granpiada Roberto Classica 330</b></a></h4>
        <p class="description">Roberto Granpiada Classica 3 Piadine 330 g</p>
        <p class="right price"><b>1.85 €</b></p>
        <p class="right unitPrice">5.61 € per kg</p>
    </div>
    <div class="notAvailable">
    <a class="button bgDarkGrey white" href="../granpiada-roberto-classica-330.html">Not available</a>
</div>
</div><div class="left product prod53"
        data-name="Barilla Pagnotta Grano Duro"
        data-price="3.38"
        data-id="3800"
        data-available="no"
        data-category="424"
        data-bestselling="">
    <a href="../barilla-pagnotta-grano-duro.html">
        <div style="background-image: url('../../cdn.spesati.com/images/products/000109908/mulino-bianco-pagnotta-di-grano-duro-pane-ideale-per-panini-350g-01.png')">
            <div class="hover"></div>
            
            <div class="stickers"></div>
        </div>
    </a>
    <div>
        <h4><a href="../barilla-pagnotta-grano-duro.html"><b>Barilla Pagnotta Grano Duro</b></a></h4>
        <p class="description">Mulino Bianco Pagnotta di Grano Duro Pane Ideale per Panini 350g</p>
        <p class="right price"><b>3.38 €</b></p>
        <p class="right unitPrice">9.65 € per kg</p>
    </div>
    <div class="notAvailable">
    <a class="button bgDarkGrey white" href="../barilla-pagnotta-grano-duro.html">Not available</a>
</div>
</div><div class="left product prod54"
        data-name="Pane Baguettes 300Gr"
        data-price="1.90"
        data-id="5581"
        data-available="no"
        data-category="424"
        data-bestselling="3">
    <a href="../pane-baguettes-300gr.html">
        <div style="background-image: url('../../cdn.spesati.com/images/products/000101822/dailybread-le-baguettes-300-g-01.png')">
            <div class="hover"></div>
            <p class="arrow bgRed white">Best Seller</p>
            <div class="stickers"></div>
        </div>
    </a>
    <div>
        <h4><a href="../pane-baguettes-300gr.html"><b>Pane Baguettes 300Gr</b></a></h4>
        <p class="description">DailyBread le Baguettes 300 g</p>
        <p class="right price"><b>1.90 €</b></p>
        <p class="right unitPrice">6.32 € per kg</p>
    </div>
    <div class="notAvailable">
    <a class="button bgDarkGrey white" href="../pane-baguettes-300gr.html">Not available</a>
</div>
</div><div class="left product prod55"
        data-name="Pane Per Hamburger Xxl Dailybread 450Gr"
        data-price="2.59"
        data-id="5800"
        data-available="no"
        data-category="424"
        data-bestselling="2">
    <a href="../pane-per-hamburger-xxl-dailybread-450gr.html">
        <div style="background-image: url('../../cdn.spesati.com/images/products/000101820/dailybread-pane-per-mega-burger-panini-con-semi-di-sesamo-6-x-75-g-01.png')">
            <div class="hover"></div>
            <p class="arrow bgRed white">Best Seller</p>
            <div class="stickers"></div>
        </div>
    </a>
    <div>
        <h4><a href="../pane-per-hamburger-xxl-dailybread-450gr.html"><b>Pane Per Hamburger Xxl Dailybread 450Gr</b></a></h4>
        <p class="description">DailyBread Pane per Mega Burger Panini con Semi di Sesamo 6 x 75 g</p>
        <p class="right price"><b>2.59 €</b></p>
        <p class="right unitPrice">5.75 € per kg</p>
    </div>
    <div class="notAvailable">
    <a class="button bgDarkGrey white" href="../pane-per-hamburger-xxl-dailybread-450gr.html">Not available</a>
</div>
</div><div class="left product prod56"
        data-name="Pane Rdg Hambur Sesam 165gr"
        data-price="0.92"
        data-id="82050"
        data-available="no"
        data-category="424"
        data-bestselling="">
    <a href="../pane-rdg-hambur-sesam-165gr.html">
        <div style="background-image: url('../../cdn.spesati.com/images/products/missing-image/missing-image.jpg')">
            <div class="hover"></div>
            
            <div class="stickers"></div>
        </div>
    </a>
    <div>
        <h4><a href="../pane-rdg-hambur-sesam-165gr.html"><b>Pane Rdg Hambur Sesam 165gr</b></a></h4>
        <p class="description">0.17 Kg</p>
        <p class="right price"><b>0.92 €</b></p>
        <p class="right unitPrice">5.41 € per kg</p>
    </div>
    <div class="notAvailable">
    <a class="button bgDarkGrey white" href="../pane-rdg-hambur-sesam-165gr.html">Not available</a>
</div>
</div><div class="left product prod57"
        data-name="Pane Rdg Hambur Rosso 165gr"
        data-price="1.30"
        data-id="82053"
        data-available="no"
        data-category="424"
        data-bestselling="">
    <a href="../pane-rdg-hambur-rosso-165gr.html">
        <div style="background-image: url('../../cdn.spesati.com/images/products/missing-image/missing-image.jpg')">
            <div class="hover"></div>
            
            <div class="stickers"></div>
        </div>
    </a>
    <div>
        <h4><a href="../pane-rdg-hambur-rosso-165gr.html"><b>Pane Rdg Hambur Rosso 165gr</b></a></h4>
        <p class="description">0.17 Kg</p>
        <p class="right price"><b>1.30 €</b></p>
        <p class="right unitPrice">7.66 € per kg</p>
    </div>
    <div class="notAvailable">
    <a class="button bgDarkGrey white" href="../pane-rdg-hambur-rosso-165gr.html">Not available</a>
</div>
</div><div class="left product prod58"
        data-name="Pane Rdg Kebab Semol 170gr"
        data-price="1.39"
        data-id="82056"
        data-available="no"
        data-category="424"
        data-bestselling="">
    <a href="../pane-rdg-kebab-semol-170gr.html">
        <div style="background-image: url('../../cdn.spesati.com/images/products/missing-image/missing-image.jpg')">
            <div class="hover"></div>
            
            <div class="stickers"></div>
        </div>
    </a>
    <div>
        <h4><a href="../pane-rdg-kebab-semol-170gr.html"><b>Pane Rdg Kebab Semol 170gr</b></a></h4>
        <p class="description">0.17 Kg</p>
        <p class="right price"><b>1.39 €</b></p>
        <p class="right unitPrice">8.17 € per kg</p>
    </div>
    <div class="notAvailable">
    <a class="button bgDarkGrey white" href="../pane-rdg-kebab-semol-170gr.html">Not available</a>
</div>
</div><div class="left product prod59"
        data-name="Panini Rdg Hotdog 250gr"
        data-price="1.49"
        data-id="82062"
        data-available="no"
        data-category="424"
        data-bestselling="">
    <a href="../panini-rdg-hotdog-250gr.html">
        <div style="background-image: url('../../cdn.spesati.com/images/products/missing-image/missing-image.jpg')">
            <div class="hover"></div>
            
            <div class="stickers"></div>
        </div>
    </a>
    <div>
        <h4><a href="../panini-rdg-hotdog-250gr.html"><b>Panini Rdg Hotdog 250gr</b></a></h4>
        <p class="description">0.25 Kg</p>
        <p class="right price"><b>1.49 €</b></p>
        <p class="right unitPrice">5.96 € per kg</p>
    </div>
    <div class="notAvailable">
    <a class="button bgDarkGrey white" href="../panini-rdg-hotdog-250gr.html">Not available</a>
</div>
</div><div class="left product prod60"
        data-name="Panini Mura"
        data-price="4.71"
        data-id="84860"
        data-available="no"
        data-category="424"
        data-bestselling="">
    <a href="../panini-mura.html">
        <div style="background-image: url('../../cdn.spesati.com/images/products/missing-image/missing-image.jpg')">
            <div class="hover"></div>
            
            <div class="stickers"></div>
        </div>
    </a>
    <div>
        <h4><a href="../panini-mura.html"><b>Panini Mura</b></a></h4>
        <p class="description">1 Kg</p>
        <p class="right price"><b>4.71 €</b></p>
        <p class="right unitPrice">4.71 € per kg</p>
    </div>
    <div class="notAvailable">
    <a class="button bgDarkGrey white" href="../panini-mura.html">Not available</a>
</div>
</div><div class="left product prod61"
        data-name="Pasta Dura Mura"
        data-price="5.41"
        data-id="84863"
        data-available="no"
        data-category="424"
        data-bestselling="">
    <a href="../pasta-dura-mura.html">
        <div style="background-image: url('../../cdn.spesati.com/images/products/missing-image/missing-image.jpg')">
            <div class="hover"></div>
            
            <div class="stickers"></div>
        </div>
    </a>
    <div>
        <h4><a href="../pasta-dura-mura.html"><b>Pasta Dura Mura</b></a></h4>
        <p class="description">1 Kg</p>
        <p class="right price"><b>5.41 €</b></p>
        <p class="right unitPrice">5.41 € per kg</p>
    </div>
    <div class="notAvailable">
    <a class="button bgDarkGrey white" href="../pasta-dura-mura.html">Not available</a>
</div>
</div><div class="left product prod62"
        data-name="Pane In Teglia Mura"
        data-price="3.54"
        data-id="84866"
        data-available="no"
        data-category="424"
        data-bestselling="">
    <a href="../pane-in-teglia-mura.html">
        <div style="background-image: url('../../cdn.spesati.com/images/products/missing-image/missing-image.jpg')">
            <div class="hover"></div>
            
            <div class="stickers"></div>
        </div>
    </a>
    <div>
        <h4><a href="../pane-in-teglia-mura.html"><b>Pane In Teglia Mura</b></a></h4>
        <p class="description">1 Kg</p>
        <p class="right price"><b>3.54 €</b></p>
        <p class="right unitPrice">3.54 € per kg</p>
    </div>
    <div class="notAvailable">
    <a class="button bgDarkGrey white" href="../pane-in-teglia-mura.html">Not available</a>
</div>
</div><div class="left product prod63"
        data-name="Pane Semolato Mura"
        data-price="4.71"
        data-id="84869"
        data-available="no"
        data-category="424"
        data-bestselling="">
    <a href="../pane-semolato-mura.html">
        <div style="background-image: url('../../cdn.spesati.com/images/products/missing-image/missing-image.jpg')">
            <div class="hover"></div>
            
            <div class="stickers"></div>
        </div>
    </a>
    <div>
        <h4><a href="../pane-semolato-mura.html"><b>Pane Semolato Mura</b></a></h4>
        <p class="description">1 Kg</p>
        <p class="right price"><b>4.71 €</b></p>
        <p class="right unitPrice">4.71 € per kg</p>
    </div>
    <div class="notAvailable">
    <a class="button bgDarkGrey white" href="../pane-semolato-mura.html">Not available</a>
</div>
</div><div class="left product prod64"
        data-name="Triangolini Mura"
        data-price="5.89"
        data-id="84872"
        data-available="no"
        data-category="424"
        data-bestselling="">
    <a href="../triangolini-mura.html">
        <div style="background-image: url('../../cdn.spesati.com/images/products/missing-image/missing-image.jpg')">
            <div class="hover"></div>
            
            <div class="stickers"></div>
        </div>
    </a>
    <div>
        <h4><a href="../triangolini-mura.html"><b>Triangolini Mura</b></a></h4>
        <p class="description">1 Kg</p>
        <p class="right price"><b>5.89 €</b></p>
        <p class="right unitPrice">5.90 € per kg</p>
    </div>
    <div class="notAvailable">
    <a class="button bgDarkGrey white" href="../triangolini-mura.html">Not available</a>
</div>
</div><div class="left product prod65"
        data-name="Pane Al Latte Mura"
        data-price="5.89"
        data-id="84875"
        data-available="no"
        data-category="424"
        data-bestselling="">
    <a href="../pane-al-latte-mura.html">
        <div style="background-image: url('../../cdn.spesati.com/images/products/missing-image/missing-image.jpg')">
            <div class="hover"></div>
            
            <div class="stickers"></div>
        </div>
    </a>
    <div>
        <h4><a href="../pane-al-latte-mura.html"><b>Pane Al Latte Mura</b></a></h4>
        <p class="description">1 Kg</p>
        <p class="right price"><b>5.89 €</b></p>
        <p class="right unitPrice">5.90 € per kg</p>
    </div>
    <div class="notAvailable">
    <a class="button bgDarkGrey white" href="../pane-al-latte-mura.html">Not available</a>
</div>
</div><div class="left product prod66"
        data-name="Bananette Mura"
        data-price="4.78"
        data-id="84878"
        data-available="no"
        data-category="424"
        data-bestselling="">
    <a href="../bananette-mura.html">
        <div style="background-image: url('../../cdn.spesati.com/images/products/missing-image/missing-image.jpg')">
            <div class="hover"></div>
            
            <div class="stickers"></div>
        </div>
    </a>
    <div>
        <h4><a href="../bananette-mura.html"><b>Bananette Mura</b></a></h4>
        <p class="description">1 Kg</p>
        <p class="right price"><b>4.78 €</b></p>
        <p class="right unitPrice">4.78 € per kg</p>
    </div>
    <div class="notAvailable">
    <a class="button bgDarkGrey white" href="../bananette-mura.html">Not available</a>
</div>
</div><div class="left product prod67"
        data-name="Pane Integrale Mura"
        data-price="6.52"
        data-id="84881"
        data-available="no"
        data-category="424"
        data-bestselling="">
    <a href="../pane-integrale-mura.html">
        <div style="background-image: url('../../cdn.spesati.com/images/products/missing-image/missing-image.jpg')">
            <div class="hover"></div>
            
            <div class="stickers"></div>
        </div>
    </a>
    <div>
        <h4><a href="../pane-integrale-mura.html"><b>Pane Integrale Mura</b></a></h4>
        <p class="description">1 Kg</p>
        <p class="right price"><b>6.52 €</b></p>
        <p class="right unitPrice">6.52 € per kg</p>
    </div>
    <div class="notAvailable">
    <a class="button bgDarkGrey white" href="../pane-integrale-mura.html">Not available</a>
</div>
</div><div class="left product prod68"
        data-name="Tartarughe Mura"
        data-price="6.45"
        data-id="84884"
        data-available="no"
        data-category="424"
        data-bestselling="">
    <a href="../tartarughe-mura.html">
        <div style="background-image: url('../../cdn.spesati.com/images/products/missing-image/missing-image.jpg')">
            <div class="hover"></div>
            
            <div class="stickers"></div>
        </div>
    </a>
    <div>
        <h4><a href="../tartarughe-mura.html"><b>Tartarughe Mura</b></a></h4>
        <p class="description">1 Kg</p>
        <p class="right price"><b>6.45 €</b></p>
        <p class="right unitPrice">6.45 € per kg</p>
    </div>
    <div class="notAvailable">
    <a class="button bgDarkGrey white" href="../tartarughe-mura.html">Not available</a>
</div>
</div><div class="left product prod69"
        data-name="Ciabatte Pasta Dura Tipo 00 Antico Forno"
        data-price="3.43"
        data-id="6099"
        data-available="no"
        data-category="424"
        data-bestselling="">
    <a href="../ciabatte-pasta-dura-tipo-00-antico-forno.html">
        <div style="background-image: url('../../cdn.spesati.com/images/products/missing-image/missing-image.jpg')">
            <div class="hover"></div>
            
            <div class="stickers"><img class="left" src="../../cdn.spesati.com/images/layout/sardinian.png" /></div>
        </div>
    </a>
    <div>
        <h4><a href="../ciabatte-pasta-dura-tipo-00-antico-forno.html"><b>Ciabatte Pasta Dura Tipo 00 Antico Forno</b></a></h4>
        <p class="description">medium weight 0.150 Kg</p>
        <p class="right price"><b>3.43 €</b></p>
        <p class="right unitPrice">22.90 € per kg</p>
    </div>
    <div class="notAvailable">
    <a class="button bgDarkGrey white" href="../ciabatte-pasta-dura-tipo-00-antico-forno.html">Not available</a>
</div>
</div><div class="left product prod70"
        data-name="Panini Party Sesamo Mich 450g"
        data-price="3.48"
        data-id="25506"
        data-available="no"
        data-category="424"
        data-bestselling="">
    <a href="../panini-party-sesamo-mich-450g.html">
        <div style="background-image: url('../../cdn.spesati.com/images/products/missing-image/missing-image.jpg')">
            <div class="hover"></div>
            
            <div class="stickers"></div>
        </div>
    </a>
    <div>
        <h4><a href="../panini-party-sesamo-mich-450g.html"><b>Panini Party Sesamo Mich 450g</b></a></h4>
        <p class="description">0.45 Kg</p>
        <p class="right price"><b>3.48 €</b></p>
        <p class="right unitPrice">7.74 € per kg</p>
    </div>
    <div class="notAvailable">
    <a class="button bgDarkGrey white" href="../panini-party-sesamo-mich-450g.html">Not available</a>
</div>
</div><div class="left product prod71"
        data-name="Pane Schar Sand Bianc S-g 400g"
        data-price="4.95"
        data-id="26900"
        data-available="no"
        data-category="424"
        data-bestselling="">
    <a href="../pane-schar-sand-bianc-s-g-400g.html">
        <div style="background-image: url('../../cdn.spesati.com/images/products/missing-image/missing-image.jpg')">
            <div class="hover"></div>
            
            <div class="stickers"><img class="left" src="../../cdn.spesati.com/images/layout/gluten-free.png" /></div>
        </div>
    </a>
    <div>
        <h4><a href="../pane-schar-sand-bianc-s-g-400g.html"><b>Pane Schar Sand Bianc S-g 400g</b></a></h4>
        <p class="description">0.4 Kg</p>
        <p class="right price"><b>4.95 €</b></p>
        <p class="right unitPrice">12.38 € per kg</p>
    </div>
    <div class="notAvailable">
    <a class="button bgDarkGrey white" href="../pane-schar-sand-bianc-s-g-400g.html">Not available</a>
</div>
</div><div class="left product prod72"
        data-name="Frau Pane Ciabatte"
        data-price="2.40"
        data-id="65565"
        data-available="no"
        data-category="424"
        data-bestselling="">
    <a href="../frau-pane-ciabatte.html">
        <div style="background-image: url('../../cdn.spesati.com/images/products/missing-image/missing-image.jpg')">
            <div class="hover"></div>
            
            <div class="stickers"></div>
        </div>
    </a>
    <div>
        <h4><a href="../frau-pane-ciabatte.html"><b>Frau Pane Ciabatte</b></a></h4>
        <p class="description">1 Kg</p>
        <p class="right price"><b>2.40 €</b></p>
        <p class="right unitPrice">4.80 € per kg</p>
    </div>
    <div class="notAvailable">
    <a class="button bgDarkGrey white" href="../frau-pane-ciabatte.html">Not available</a>
</div>
</div><div class="left product prod73"
        data-name="Pane Tundas Sa Vressa 320gr"
        data-price="2.49"
        data-id="69933"
        data-available="no"
        data-category="424"
        data-bestselling="">
    <a href="../pane-tundas-sa-vressa-320gr.html">
        <div style="background-image: url('../../cdn.spesati.com/images/products/missing-image/missing-image.jpg')">
            <div class="hover"></div>
            
            <div class="stickers"></div>
        </div>
    </a>
    <div>
        <h4><a href="../pane-tundas-sa-vressa-320gr.html"><b>Pane Tundas Sa Vressa 320gr</b></a></h4>
        <p class="description">0.32 Kg</p>
        <p class="right price"><b>2.49 €</b></p>
        <p class="right unitPrice">7.78 € per kg</p>
    </div>
    <div class="notAvailable">
    <a class="button bgDarkGrey white" href="../pane-tundas-sa-vressa-320gr.html">Not available</a>
</div>
</div>        </div>
    </div>
</section>
<div class="footer">
    <div class="bgDarkGrey"></div>
    <footer>
        <div class="left bgDarkGrey">
            <a id="logoFooter" href="../index.html" class="estDynamic">
                <img src="../../cdn.spesati.com/images/layout/logo-eng.png" alt="Spesati.com" />
                <h2 class="red">Grocery Delivery</h2>
            </a>
            <a class="button bgRed white mobile" href="tel:390707968318">Phone order</a>
            <a class="button bgRed white desktop" href="../news/2020-04-07/news-on-spesati-the-telephone-order-service-is-active.html">Phone order</a>
            <a class="button bgRed white" href="../cdn-cgi/l/email-protection.html#11787f777e51626174627065783f727e7c">Send mail</a>
            <div id="social">
                <a class="left" href="https://www.facebook.com/spesati/" rel="external" target="_blank">
                    <span class="facebook bgRed fa-stack fa-lg">
                        <i class="fa fa-facebook fa-stack-1x "></i>
                    </span>
                </a>
                <a class="right" href="https://twitter.com/spesati" rel="external" target="_blank">
                    <span class="twitter bgRed fa-stack fa-lg">
                        <i class="fa fa-twitter fa-stack-1x "></i>
                    </span>
                </a>
            </div>
            <p>Copyright 2024 Spesati.com </p>
            
                    <p>All rights reserved</p>
                    <p>SPESATI SRL</p>
                    <p>Corso Vittorio Veneto 15/I, 07026, Olbia</p>
                    <p>CF e P.Iva: 02772380909</p>
                        </div>
        <div class="center bgRed">
            <div class="top">
                <h3>Categories</h3>
                <div class="col">
                    <ul>
                        <li>
                            <a href="#" class="estDynamic">On sale</a>
                        </li>
                        <li>
                            <a href="../fruit-and-vegetables.html" class="estDynamic">Fruit and vegetables</a>
                        </li>
                        <li>
                            <a href="../fresh-products.html" class="estDynamic">Fresh products</a>
                        </li>
                        <li>
                            <a href="../frozen-foods.html" class="estDynamic">Frozen foods</a>
                        </li>
                        <li>
                            <a href="../bread-and-pasta.html" class="estDynamic">Bread and pasta</a>
                        </li>
                        <li>
                            <a href="../meat.html" class="estDynamic">Meat</a>
                        </li>
                        <li>
                            <a href="../fish.html" class="estDynamic">Fish</a>
                        </li>
                    </ul>
                </div>
                <div class="col">
                    <ul>
                        <li>
                            <a href="../wine-beer-and-spirits.html" class="estDynamic">Wine beer and spirits</a>
                        </li>
                        <li>
                            <a href="../water-and-drinks.html" class="estDynamic">Water and drinks</a>
                        </li>
                        <li>
                            <a href="../sweets.html" class="estDynamic">Sweets</a>
                        </li>
                        <li>
                            <a href="../shelf.html" class="estDynamic">Cupboard</a>
                        </li>
                        <li>
                            <a href="../personal-care.html" class="estDynamic">Personal care</a>
                        </li>
                        <li>
                            <a href="../household-and-outdoors.html" class="estDynamic">Home and outdoors</a>
                        </li>
                        <li>
                            <a href="../pet.html" class="estDynamic">Pets</a>
                        </li>
                    </ul>
                </div>
                <div class="col">
                    <ul>
                        <li>
                            <a href="../technology.html" class="estDynamic">Technology</a>
                        </li>
                        <li>
                            <a href="../gluten-free.html" class="estDynamic">Gluten free</a>
                        </li>
                        <li>
                            <a href="../lactose-free.html" class="estDynamic">Lactose free</a>
                        </li>
                        <li>
                            <a href="../special.html" class="estDynamic">Special</a>
                        </li>
                        <li>
                            <a href="../sardinian-products.html" class="estDynamic">Sardinian products</a>
                        </li>
                    </ul>
                </div>
            </div>
            <div class="bottom bgRed">
                <div class="left">
                    <h3>Delivery payment</h3>
                    <div>
                        <i class="fa fa-money fa-3x" aria-hidden="true"></i>
                        <p>Cash</p>
                    </div>
                    <div>
                        <i class="fa fa-credit-card fa-3x" aria-hidden="true"></i>
                        <p>Bancomat or card</p>
                    </div>
                </div>
                <div class="right">
                    <h3>Online payment</h3>
                    <div>
                        <i class="fa fa-credit-card fa-3x" aria-hidden="true"></i>
                        <p>Credit or debit card <span class="red">online</span></p>
                    </div>
                    <div>
                        <i class="fa fa-paypal fa-3x" aria-hidden="true"></i>
                        <p>PayPal</p>
                    </div>
                    <div>
                        <i class="fa fa-university fa-3x" aria-hidden="true"></i>
                        <p>Bank transfer</p>
                    </div>
                </div>
            </div>
        </div>
        <div class="right bgRed">
            <div>
                <i class="fa fa-truck fa-flip-horizontal"></i>
                <a class="button bgYellow white" href="../delivery-prices.html">Delivery prices</a>
                
                    <h3>Home delivery:</h3>
                    <p><b>Monday to Saturday</b></p>
                    <p><b>9:00 to 20:00</b></p>
                    <p><b>Minimum order:</b> 29€</p>
                    <p><b>Delivery starting from:</b> 3,50€</p>
                            </div>
            <ul>
                <li>
                    <a href="../delivery-prices.html">Delivery prices</a>
                </li>
                <li>
                    <a href="../about.html">About</a>
                </li>
                <li>
                    <a href="../faq.html">Faq</a>
                </li>
                <li>
                    <a href="../customer-care.html">Support</a>
                </li>
                <li>
                    <a href="../news.html">Blog</a>
                </li>
                <li>
                    <a href="../terms-and-conditions.html">Conditions</a>
                </li>
                <li>
                    <a href="../privacy-policy.html">Privacy policy</a>
                </li>
                <li>
                    <a href="../legal-warranty.html">Legal guarantee</a>
                </li>
            </ul>
        </div>
    </footer>
    <div class="bgRed"></div>
</div>
<!--Start of Tawk.to Script-->
<script data-cfasync="false" src="../cdn-cgi/scripts/5c5dd728/cloudflare-static/email-decode.min.js"></script><script type="text/javascript">
var Tawk_API=Tawk_API||{}, Tawk_LoadStart=new Date();
(function(){
var s1=document.createElement("script"),s0=document.getElementsByTagName("script")[0];
s1.async=true;
s1.src='https://embed.tawk.to/59e86945c28eca75e4626ed9/default';
s1.charset='UTF-8';
s1.setAttribute('crossorigin','*');
s0.parentNode.insertBefore(s1,s0);
})();
</script>
<!--End of Tawk.to Script-->

<!-- Here are parked a few translatable strings, useful for Javascript rendering -->
<div id="js-texts" hidden>
    <input type="hidden" name="save_cart_notice" value="Saving your cart it will be possible to reload it next time you come for shopping">
    <input type="hidden" name="save_cart_notice_title" value="Want to save your cart?">
    <input type="hidden" name="save_cart_ok" value="Save">
    <input type="hidden" name="save_cart_ko" value="Don't Save">
    <input type="hidden" name="reload_cart" value="The Reload Order function allows you to top up your last cart to make a New Order. Warning: do not use this function to add products to the last order. At this time it is not possible to modify an order placed previously.">
</div>

<!-- new site and login popup -->
</body>
<!-- Mirrored from www.spesati.com/bread-and-pasta/soft-bread by HTTrack Website Copier/3.x [XR&CO'2014], Fri, 23 Feb 2024 17:52:08 GMT -->
</html>