<!DOCTYPE html><html lang="en">
<!-- Mirrored from www.spesati.com/pets/pet-food-cats by HTTrack Website Copier/3.x [XR&CO'2014], Fri, 23 Feb 2024 18:50:17 GMT -->
<!-- Added by HTTrack --><meta http-equiv="content-type" content="text/html;charset=utf-8" /><!-- /Added by HTTrack -->
<head>
    <title>Pet food cats - Pets - Spesati.com</title>
    <meta http-equiv="Content-Type" content="text/html; charset=UTF-8" />
    <meta name="description" content="" />
    <meta name="keywords" content="" />
    <link href="https://www.spesati.com/images/favicon.ico" rel="shortcut icon" type="image/x-icon" />
    <meta name="author" content="www.dodify.com" /><link rel="canonical" href="https://www.spesati.com/pets/pet-food-cats" /><link rel="alternate" hreflang="en" href="https://www.spesati.com/pets/pet-food-cats" /><link rel="alternate" hreflang="it" href="https://www.spesati.it/animali/alimenti-gatto" /><link href="https://cdnjs.cloudflare.com/ajax/libs/meyer-reset/2.0/reset.min.css" rel="stylesheet" type="text/css" /><link href="https://cdnjs.cloudflare.com/ajax/libs/font-awesome/6.5.1/css/all.min.css" rel="stylesheet" type="text/css" /><link href="https://fonts.googleapis.com/css?family=Montserrat:400,700" rel="stylesheet" type="text/css" /><link href="http://cdnjs.cloudflare.com/ajax/libs/fancybox/2.1.5/jquery.fancybox.min.css" rel="stylesheet" type="text/css" /><link href="https://www.spesati.com/style/main.css?v=7" rel="stylesheet" type="text/css" /><link href="https://www.spesati.com/style/lightslider.css" rel="stylesheet" type="text/css" /><link href="https://www.spesati.com/style/categories.css" rel="stylesheet" type="text/css" /><script src="https://cdnjs.cloudflare.com/ajax/libs/jquery/3.6.1/jquery.min.js" type="text/javascript"></script><script src="http://ajax.googleapis.com/ajax/libs/jquery/1.11.0/jquery.min.js" type="text/javascript"></script><script src="http://unpkg.com/@floating-ui/core@0.4.0" type="text/javascript"></script><script src="http://unpkg.com/@floating-ui/dom@0.2.0" type="text/javascript"></script><script src="http://cdnjs.cloudflare.com/ajax/libs/fancybox/2.1.5/jquery.fancybox.min.js" type="text/javascript"></script><script src="https://www.spesati.com/js/menu.js" type="text/javascript"></script><script src="https://www.spesati.com/js/interface.js?v=10" type="text/javascript"></script><script src="https://www.spesati.com/js/spesati.lightslider.min.js" type="text/javascript"></script><meta name="viewport" content="width=device-width, initial-scale=1, maximum-scale=1" /><meta name = "format-detection" content = "telephone=no">
<!-- Facebook Pixel Code -->
<script>
  !function(f,b,e,v,n,t,s)
  {if(f.fbq)return;n=f.fbq=function(){n.callMethod?
  n.callMethod.apply(n,arguments):n.queue.push(arguments)};
  if(!f._fbq)f._fbq=n;n.push=n;n.loaded=!0;n.version='2.0';
  n.queue=[];t=b.createElement(e);t.async=!0;
  t.src=v;s=b.getElementsByTagName(e)[0];
  s.parentNode.insertBefore(t,s)}(window, document,'script',
  'https://connect.facebook.net/en_US/fbevents.js');
  fbq('init', '792335014180667');
  fbq('track', 'PageView');
</script>
<noscript>
    <img height="1" width="1" style="display:none" src="https://www.facebook.com/tr?id=792335014180667&amp;ev=PageView&amp;noscript=1" />
</noscript>
<!-- End Facebook Pixel Code -->

<!-- GA4 -->
<script async src="https://www.googletagmanager.com/gtag/js?id=G-SSS6NRNXL0"></script>
<script>
  window.dataLayer = window.dataLayer || [];
  function gtag(){dataLayer.push(arguments);}
  gtag('js', new Date());
  gtag('config', 'AW-976671669');
  gtag('config', 'G-SSS6NRNXL0');
</script>
<!-- Elements for PWA deploy -->
<link rel="manifest" href="https://www.spesati.com/manifest.json">
<meta name="theme-color" media="(prefers-color-scheme: light)" content="white">
<meta name="theme-color" media="(prefers-color-scheme: dark)"  content="black">
<link href=https://www.spesati.com/images/icon-192.png rel=apple-touch-icon sizes="192x192">
<!-- Establishment logic -->
<script>var pageEstablishment = "Olbia"; var estDefaultPages = true</script>
    <!--[if lt IE 9]>
        <script src="https://cdnjs.cloudflare.com/ajax/libs/html5shiv/3.7.3/html5shiv.min.js" type="text/javascript"></script>
    <![endif]--><script type="text/javascript">
$(document).ready(function() {
    // Check if exists cookie
    if(document.cookie.indexOf("cookieAccepted") < 0) {
        var cookieText = '<div id=\"cookie\"><p>This site uses cookies. Cookies are used for ads personalisation. <a href=\"/privacy-policy\">More info</a></p><button id=\"cookieConsent\" type=\"button\">Accept</button></div>';
        $("body").append($(
            cookieText
        ));
        $('#cookie').css({
            'width'           : '100%',
            'text-align'      : 'center',
            'color'           : '#FFFFFF',
            'background-color': '#000000', 
            'opacity'         : '.8', 
            'position'        : 'fixed', 
            'bottom'          : '0',
            'padding'         : '.5em 0',
            'z-index'         : '999'
        });
        $('#cookie > *').css({
            'display': 'inline'
        });
        $('#cookie a').css({
            'color'          : '#FFFFFF',
            'text-decoration': 'underline',
            'margin-right'   : '2%'
        });
        $('#cookieConsent').click(function() {
            // Set cookie
            var expiry = new Date();
            expiry.setTime(expiry.getTime() + (365 * 24 * 60 * 60 * 1000));
            document.cookie = "cookieAccepted=yes; expires=" + expiry.toGMTString() + "; path=/; domain=.spesati.com";
            $('#cookie').css({'display': 'none'});
        });
    }
});
</script></head><body><script type="text/javascript">
    var addText = "Add";
    var slider  = null;
    $(document).ready(function() {
        slider = $('#cartSlider').lightSlider({
            controls: false,
            item:13,
            loop:false,
            slideMove:1,
            easing: 'cubic-bezier(0.25, 0, 0.25, 1)',
            speed:600,
            responsive : [
                {
                    breakpoint:1400,
                    settings: {
                        item:12,
                        slideMove:1,
                    }
                },
                {
                    breakpoint:1200,
                    settings: {
                        item:11,
                        slideMove:1,
                    }
                },
                {
                    breakpoint:1080,
                    settings: {
                        item:14,
                        slideMove:1,
                    }
                },
                {
                    breakpoint:800,
                    settings: {
                        item:12,
                        slideMove:1,
                    }
                }
            ]
        });
        $('.lSPager').css("display","none");
        $('.lSAction').css("display","block");
        $('#goToPrevSlide').on('click', function () {
            slider.goToPrevSlide();
        });
        $('#goToNextSlide').on('click', function () {
            slider.goToNextSlide();
        });
    });

</script>
<div id="header" class="bgYellow">
    <header>
        <a class="menu" href="#"><i class="fa red fa-bars fa-2x"></i></a>
        <a id="logo" class="colLeft estDynamic" href="https://www.spesati.com/">
            <img src="http://cdn.spesati.com/images/layout/logo-eng.png" alt="Spesati.com" />
            <h2 class="red">Grocery Delivery</h2>
        </a>
        <div class="colRight">
            <div id="controls" class="right">
                <p id="establishmentControls">
                    <span class="establishmentWarning"><i class="fa-solid fa-triangle-exclamation red" title="Stai visualizzando i prodotti disponibili in una zona diversa. Se vuoi cambiare zona, cliccan qui"></i>&nbsp;&nbsp;</span>
                    Shopping from <b><a id="establishment" href="#"></a></b> <span id="estAddress">for </span> <a href="https://www.spesati.com/change-establishment">(<i class="fa-solid fa-pencil"></i> Change)</a> <span class="establishmentWarning">but viewing <b>Olbia</b></span>
                </p>
                <p><a href="https://www.spesati.it/animali/alimenti-gatto" class="black switch-site">Versione italiana</a></p>                
            </div>
            <div>
                <form id="search" action="https://www.spesati.com/search" method="post" class="left">
                    <fieldset>
                        <div>
                            <input type="text" name="searchBox" id="searchBox" placeholder="Search for a product"></input>
                            <input id="searchButton" type="submit" name="searchButton" class="button bgRed white left" value="Find" />
                        </div>
                    </fieldset>
                </form>
                <div class="center left">
                    <a class="button bgRed white log-in" href="https://www.spesati.com/login">Login</a>
                    <a class="button bgRed white sign-up" href="https://www.spesati.com/sign-up">Sign up</a>
                    <a class="button bgRed white profile" href="https://www.spesati.com/profile">Profile</a>
                    <a class="button bgRed white log-out" href="https://www.spesati.com/logout" data-endpoint-check-cart="https://api.spesati.com/cart/check">Logout</a>
                </div>
                <div class="right user-function-icons">
                    <a class="red left account"><i class="fa fa-user fa-3x"></i></a>
                    <div id="dropdown">
                        <a class="log-in button bgRed white" href="https://www.spesati.com/login">Login</a>
                        <a class="sign-up button bgRed white" href="https://www.spesati.com/sign-up">Sign up</a>
                        <a class="profile button bgRed white" href="https://www.spesati.com/profile">Profile</a>
                        <a class="log-out button bgRed white" href="https://www.spesati.com/logout">Logout</a>
                    </div>

                    <div class="cart left">
                        <i class="fa fa-sm fa-shopping-cart red" aria-hidden="true" id="shipping-cart-button"></i>
                        <p id="cartQuantity"></p>
                    </div>

                    <a class="right" href="https://www.spesati.com/cart"><p class="black" id="cartTotal"></p></a>
                </div>
            </div>
                            <div id="previewCart">
                    <i id="goToPrevSlide" class="yellow fa fa-angle-left fa-2x" aria-hidden="true"></i>
                    <div><ul id="cartSlider"></ul></div>
                    <i id="goToNextSlide" class="yellow fa fa-angle-right fa-2x" aria-hidden="true"></i>
                </div>
                    </div>
    </header>

    <div id="shipping-cart-options" data-inited="false">
        <a href="https://www.spesati.com/cart" class="goto-cart">checkout</a>
        <a href="#" data-endpoint-auth="https://api.spesati.com/cart/save" data-endpoint-noauth="/login" class="save-cart">save</a>
        <a href="#" data-endpoint-auth="https://api.spesati.com/cart/load" class="load-cart">load</a>
    </div>
</div>
<div id="menuCategoriesMobile" class="mobile bgRed">
    <div class="closeMenu">
        <i class="fa fa-times fa-2x white"></i>
        Close
    </div>
    <ul class="bgRed white">
        <div id="langMobile" class="right">
        <a href="https://www.spesati.it/animali/alimenti-gatto" class="white switch-site"><p>Versione italiana</p></a>    </div>
        <li><a>Categories</a>
            <ul class="bgWhite">
                <li>
                    <img src="http://cdn.spesati.com/images/menu/on-sale.png"/>
                    On sale                    <i class="fa fa-angle-down" aria-hidden="true"></i>
                    <ul class="sub-menu">
                    <li>
    <a href="https://www.spesati.com/tacchino-fesa-a-fette">Tacchino Fesa A Fette</a>
</li><li>
    <a href="https://www.spesati.com/amaro-montenegro-15lt">Amaro Montenegro 1,5lt</a>
</li><li>
    <a href="https://www.spesati.com/carbone-di-legna-sacco-10kg">Carbone Di Legna Sacco 10Kg</a>
</li><li>
    <a href="https://www.spesati.com/filu-e-ferru-silvio-carta-70cl">Filu E Ferru Silvio Carta 70Cl</a>
</li><li>
    <a href="https://www.spesati.com/braciole-suino-con-cotenna">Braciole Suino Con Cotenna</a>
</li><li>
    <a href="https://www.spesati.com/bovino-adulto-polpa">Bovino Adulto Polpa</a>
</li><li>
    <a href="https://www.spesati.com/vino-la-palma-cannonau-le-bombarde">Vino La Palma Cannonau Le Bombarde</a>
</li><li>
    <a href="https://www.spesati.com/fettine-sceltissime-bovino-adulto">Fettine Sceltissime Bovino Adulto</a>
</li><li>
    <a href="https://www.spesati.com/suino-fettine-scelte">Suino Fettine Scelte</a>
</li><li>
    <a href="https://www.spesati.com/lavazza-caffe-qualita-rossa-2x250gr">Lavazza Caffé Qualità Rossa 2x250gr</a>
</li>                        <li>
                            <a class="estDynamic" href="https://www.spesati.com/on-offer">All products on sale</a>
                        </li>
                    </ul>
                </li>
                <li>
                    <img src="http://cdn.spesati.com/images/menu/gift.png"/>
                    Gifts                    <i class="fa fa-angle-down" aria-hidden="true"></i>
                    <ul class="sub-menu">
                        <li>
    <a href="https://www.spesati.com/gift-card-da-150">Gift Card Da 150</a>
</li><li>
    <a href="https://www.spesati.com/gift-card-da-100">Gift Card Da 100</a>
</li><li>
    <a href="https://www.spesati.com/gift-card-da-50">Gift Card Da 50</a>
</li><li>
    <a href="https://www.spesati.com/gift-card-da-25">Gift Card Da 25</a>
</li>                        <li>
                            <a class="estDynamic" href="https://www.spesati.com/gift">All products in the gifts category</a>
                        </li>
                    </ul>
                </li>
                <li>
                    <img src="http://cdn.spesati.com/images/menu/gift-card.png"/>
                    Gift card and discounts                    <i class="fa fa-angle-down" aria-hidden="true"></i>
                    <ul class="sub-menu">
                        <li>
    <a href="https://www.spesati.com/gift-card-da-150">Gift Card Da 150</a>
</li><li>
    <a href="https://www.spesati.com/gift-card-da-100">Gift Card Da 100</a>
</li><li>
    <a href="https://www.spesati.com/gift-card-da-50">Gift Card Da 50</a>
</li><li>
    <a href="https://www.spesati.com/gift-card-da-25">Gift Card Da 25</a>
</li>                    </ul>
                </li>
                <li>
                    <img src="http://cdn.spesati.com/images/menu/fuit-and-vegetables.png"/>
                    Fruit and vegetables                    <i class="fa fa-angle-down" aria-hidden="true"></i>
                    <ul class="sub-menu">
                        <li>
                            <a class="estDynamic" href="https://www.spesati.com/fruit-and-vegetables/pulses-and-beans">Cereals and pulses and beans</a>
                        </li>
                        <li>
                            <a class="estDynamic" href="https://www.spesati.com/fruit-and-vegetables/fruit">Fruit</a>
                        </li>
                        <li>
                            <a class="estDynamic" href="https://www.spesati.com/fruit-and-vegetables/canned-fruit">Canned fruit</a>
                        </li>
                        <li>
                            <a class="estDynamic" href="https://www.spesati.com/fruit-and-vegetables/dried-fruit">Dried fruit</a>
                        </li>
                        <li>
                            <a class="estDynamic" href="https://www.spesati.com/fruit-and-vegetables/ready-salads">Ready salads</a>
                        </li>
                        <li>
                            <a class="estDynamic" href="https://www.spesati.com/fruit-and-vegetables/fresh-spices">Fresh spices</a>
                        </li>
                        <li>
                            <a class="estDynamic" href="https://www.spesati.com/fruit-and-vegetables/vegetables">Vegetables and soy</a>
                        </li>
                    </ul>
                </li>
                <li>
                    <img src="http://cdn.spesati.com/images/menu/fresh-products.png"/>
                    Fresh products                    <i class="fa fa-angle-down" aria-hidden="true"></i>
                    <ul class="sub-menu">
                        <li>
                            <a class="estDynamic" href="https://www.spesati.com/fresh-products/margarine-and-butter">Butter and margarine</a>
                        </li>
                        <li>
                            <a class="estDynamic" href="https://www.spesati.com/fresh-products/danone">Danone</a>
                        </li>
                        <li>
                            <a class="estDynamic" href="https://www.spesati.com/fresh-products/dessert">Dessert</a>
                        </li>
                        <li>
                            <a class="estDynamic" href="https://www.spesati.com/fresh-products/sweets">Sweets</a>
                        </li>
                        <li>
                            <a class="estDynamic" href="https://www.spesati.com/fresh-products/dairy-products">Dairy product</a>
                        </li>
                        <li>
                            <a class="estDynamic" href="https://www.spesati.com/fresh-products/bakery">Yeast</a>
                        </li>
                        <li>
                            <a class="estDynamic" href="https://www.spesati.com/fresh-products/mascarpone">Mascarpone</a>
                        </li>
                        <li>
                            <a class="estDynamic" href="https://www.spesati.com/fresh-products/snacks">Snacks</a>
                        </li>
                        <li>
                            <a class="estDynamic" href="https://www.spesati.com/fresh-products/mozzarella">Mozzarella</a>
                        </li>
                        <li>
                            <a class="estDynamic" href="https://www.spesati.com/fresh-products/pasta">Pasta</a>
                        </li>
                        <li>
                            <a class="estDynamic" href="https://www.spesati.com/fresh-products/pesto-and-sauces">Pesto and sauces</a>
                        </li>
                        <li>
                            <a class="estDynamic" href="https://www.spesati.com/fresh-products/ricotta-and-cheese">Ricotta and cheese</a>
                        </li>
                        <li>
                            <a class="estDynamic" href="https://www.spesati.com/fresh-products/cured-meat">Cured meat</a>
                        </li>
                        <li>
                            <a class="estDynamic" href="https://www.spesati.com/fresh-products/wurstel">Würstel</a>
                        </li>
                        <li>
                            <a class="estDynamic" href="https://www.spesati.com/fresh-products/yogurt">Yogurt</a>
                        </li>
                    </ul>
                </li>
                <li>
                    <img src="http://cdn.spesati.com/images/menu/frozen-foods.png"/>
                    Frozen foods                    <i class="fa fa-angle-down" aria-hidden="true"></i>
                    <ul class="sub-menu">
                        <li>
                            <a class="estDynamic" href="https://www.spesati.com/frozen-foods/meat">Meat</a>
                        </li>
                        <li>
                            <a class="estDynamic" href="https://www.spesati.com/frozen-foods/ice-creams">Ice cream and sweet</a>
                        </li>
                        <li>
                            <a class="estDynamic" href="https://www.spesati.com/frozen-foods/pasta">Pasta</a>
                        </li>
                        <li>
                            <a class="estDynamic" href="https://www.spesati.com/frozen-foods/fish">Fish</a>
                        </li>
                        <li>
                            <a class="estDynamic" href="https://www.spesati.com/frozen-foods/ready-meals">Ready meals</a>
                        </li>
                        <li>
                            <a class="estDynamic" href="https://www.spesati.com/frozen-foods/pizzas">Pizzas</a>
                        </li>
                        <li>
                            <a class="estDynamic" href="https://www.spesati.com/frozen-foods/vegetables">Vegetables and soy</a>
                        </li>
                    </ul>
                </li>
                <li>
                    <img src="http://cdn.spesati.com/images/menu/bread-and-pasta.png"/>
                    Bread and pasta                    <i class="fa fa-angle-down" aria-hidden="true"></i>
                    <ul class="sub-menu">
                        <li>
                            <a class="estDynamic" href="https://www.spesati.com/bread-and-pasta/crackers">Crackers</a>
                        </li>
                        <li>
                            <a class="estDynamic" href="https://www.spesati.com/bread-and-pasta/rusks">Rusks</a>
                        </li>
                        <li>
                            <a class="estDynamic" href="https://www.spesati.com/bread-and-pasta/white-bread">White bread</a>
                        </li>
                        <li>
                            <a class="estDynamic" href="https://www.spesati.com/bread-and-pasta/local-bread">Local bread</a>
                        </li>
                        <li>
                            <a class="estDynamic" href="https://www.spesati.com/bread-and-pasta/soft-bread">Soft bread</a>
                        </li>
                        <li>
                            <a class="estDynamic" href="https://www.spesati.com/bread-and-pasta/sardinian-bread">Sardinian bread</a>
                        </li>
                        <li>
                            <a class="estDynamic" href="https://www.spesati.com/bread-and-pasta/bakery">Bakery</a>
                        </li>
                        <li>
                            <a class="estDynamic" href="https://www.spesati.com/bread-and-pasta/pasta">Pasta</a>
                        </li>
                        <li>
                            <a class="estDynamic" href="https://www.spesati.com/bread-and-pasta/fresh-pasta">Fresh pasta</a>
                        </li>
                    </ul>
                </li>
                <li>
                    <img src="http://cdn.spesati.com/images/menu/meat.png"/>
                    Meat                    <i class="fa fa-angle-down" aria-hidden="true"></i>
                    <ul class="sub-menu">
                        <li>
                            <a class="estDynamic" href="https://www.spesati.com/meat/beef">Beef</a>
                        </li>
                        <li>
                            <a class="estDynamic" href="https://www.spesati.com/meat/goat">Goat</a>
                        </li>
                        <li>
                            <a class="estDynamic" href="https://www.spesati.com/meat/packaged-meat">Packaged meat</a>
                        </li>
                        <li>
                            <a class="estDynamic" href="https://www.spesati.com/meat/rabbit">Rabbit</a>
                        </li>
                        <li>
                            <a class="estDynamic" href="https://www.spesati.com/meat/horse">Horse</a>
                        </li>
                        <li>
                            <a class="estDynamic" href="https://www.spesati.com/meat/pork">Pork</a>
                        </li>
                        <li>
                            <a class="estDynamic" href="https://www.spesati.com/meat/lamb">Lamb</a>
                        </li>
                        <li>
                            <a class="estDynamic" href="https://www.spesati.com/meat/poultry">Poultry</a>
                        </li>
                    </ul>
                </li>
                <li>
                    <img src="http://cdn.spesati.com/images/menu/fish.png"/>
                    Fish                    <i class="fa fa-angle-down" aria-hidden="true"></i>
                    <ul class="sub-menu">
                        <li>
                            <a class="estDynamic" href="https://www.spesati.com/fish/fresh-water">Fresh water</a>
                        </li>
                        <li>
                            <a class="estDynamic" href="https://www.spesati.com/fish/salt-water">Salt water</a>
                        </li>
                        <li>
                            <a class="estDynamic" href="https://www.spesati.com/fish/mussels">Mussels</a>
                        </li>
                        <li>
                            <a class="estDynamic" href="https://www.spesati.com/fish/dried-and-salted">Dried and salted</a>
                        </li>
                        <li>
                            <a class="estDynamic" href="https://www.spesati.com/fish/seafood-salad">Seafood salad</a>
                        </li>
                        <li>
                            <a class="estDynamic" href="https://www.spesati.com/fish/prepared">Prepared</a>
                        </li>
                        <li>
                            <a class="estDynamic" href="https://www.spesati.com/fish/specialty">Specialty</a>
                        </li>   
                        <li>
                            <a class="estDynamic" href="https://www.spesati.com/fish/tuna-and-salmon">Tuna and salmon</a>
                        </li>
                    </ul>
                </li>
                <li>
                    <img src="http://cdn.spesati.com/images/menu/alcohol.png"/>
                    Wine beer and spirits                    <i class="fa fa-angle-down" aria-hidden="true"></i>
                    <ul class="sub-menu">
                        <li>
                            <a class="estDynamic" href="https://www.spesati.com/wine-beer-and-spirits/spirits-and-liquors">Alcohol</a>
                        </li>
                        <li>
                            <a class="estDynamic" href="https://www.spesati.com/wine-beer-and-spirits/bitters">Bitters</a>
                        </li>
                        <li>
                            <a class="estDynamic" href="https://www.spesati.com/wine-beer-and-spirits/aperatif">Aperatifs</a>
                        </li>
                        <li>
                            <a class="estDynamic" href="https://www.spesati.com/wine-beer-and-spirits/beer">Beer</a>
                        </li>
                        <li>
                            <a class="estDynamic" href="https://www.spesati.com/wine-beer-and-spirits/creams">Creams</a>
                        </li>
                        <li>
                            <a class="estDynamic" href="https://www.spesati.com/wine-beer-and-spirits/spirits">Spirits</a>
                        </li>
                        <li>
                            <a class="estDynamic" href="https://www.spesati.com/wine-beer-and-spirits/liquors">Liquors</a>
                        </li>
                        <li>
                            <a class="estDynamic" href="https://www.spesati.com/wine-beer-and-spirits/white-wine">White wine</a>
                        </li>
                        <li>
                            <a class="estDynamic" href="https://www.spesati.com/wine-beer-and-spirits/prosecco-wine">Prosecco wine</a>
                        </li>
                        <li>
                            <a class="estDynamic" href="https://www.spesati.com/wine-beer-and-spirits/rose-wine">Rose wine</a>
                        </li>
                        <li>
                            <a class="estDynamic" href="https://www.spesati.com/wine-beer-and-spirits/red-wine">Red wine</a>
                        </li>
                        <li>
                            <a class="estDynamic" href="https://www.spesati.com/wine-beer-and-spirits/specialty-wine">Special wine</a>
                        </li>
                        <li>
                            <a class="estDynamic" href="https://www.spesati.com/wine-beer-and-spirits/sparkling-wine">Sparkling wine</a>
                        </li>
                        <li>
                            <a class="estDynamic" href="https://www.spesati.com/wine-beer-and-spirits/vermentino-wine">Vermentino wine</a>
                        </li>
                    </ul>
                </li>
                <li>
                    <img src="http://cdn.spesati.com/images/menu/water-and-drinks.png"/>
                    Water and drinks                    <i class="fa fa-angle-down" aria-hidden="true"></i>
                    <ul class="sub-menu">
                        <li>
                            <a class="estDynamic" href="https://www.spesati.com/water-and-drinks/san-martino">San Martino</a>
                        </li>
                        <li>
                            <a class="estDynamic" href="https://www.spesati.com/water-and-drinks/water">Water</a>
                        </li>
                        <li>
                            <a class="estDynamic" href="https://www.spesati.com/water-and-drinks/alpro">Alpro</a>
                        </li>
                        <li>
                            <a class="estDynamic" href="https://www.spesati.com/water-and-drinks/fizzy-drinks">Fizzy drinks</a>
                        </li>
                        <li>
                            <a class="estDynamic" href="https://www.spesati.com/water-and-drinks/coca-cola">Coca-Cola</a>
                        </li>
                        <li>
                            <a class="estDynamic" href="https://www.spesati.com/water-and-drinks/energy-drink">Energy drink</a>
                        </li>
                        <li>
                            <a class="estDynamic" href="https://www.spesati.com/water-and-drinks/syrups">Syrups</a>
                        </li>
                        <li>
                            <a class="estDynamic" href="https://www.spesati.com/water-and-drinks/supplements">Supplements</a>
                        </li>
                        <li>
                            <a class="estDynamic" href="https://www.spesati.com/water-and-drinks/instant-drinks">Instant drinks</a>
                        </li>
                        <li>
                            <a class="estDynamic" href="https://www.spesati.com/water-and-drinks/juice">Juice</a>
                        </li>
                        <li>
                            <a class="estDynamic" href="https://www.spesati.com/water-and-drinks/tea">Tea</a>
                        </li>
                    </ul>
                </li>
                <li>
                    <img src="http://cdn.spesati.com/images/menu/sweets.png"/>
                    Sweets                    <i class="fa fa-angle-down" aria-hidden="true"></i>
                    <ul class="sub-menu">
                        <li>
                            <a class="estDynamic" href="https://www.spesati.com/sweets/bars-and-snacks">Bars and snacks</a>
                        </li>
                        <li>
                            <a class="estDynamic" href="https://www.spesati.com/sweets/biscuits">Biscuits</a>
                        </li>
                        <li>
                            <a class="estDynamic" href="https://www.spesati.com/sweets/brioches">Brioches</a>
                        </li>
                        <li>
                            <a class="estDynamic" href="https://www.spesati.com/sweets/candy-and-chewing-gum">Candy and chewing gum</a>
                        </li>
                        <li>
                            <a class="estDynamic" href="https://www.spesati.com/sweets/cereals">Cereals</a>
                        </li>
                        <li>
                            <a class="estDynamic" href="https://www.spesati.com/sweets/chocolate">Chocolate</a>
                        </li>
                        <li>
                            <a class="estDynamic" href="https://www.spesati.com/sweets/spreadable-creams">Spreads</a>
                        </li>
                        <li>
                            <a class="estDynamic" href="https://www.spesati.com/sweets/dessert-toppings">Dessert toppings</a>
                        </li>
                        <li>
                            <a class="estDynamic" href="https://www.spesati.com/sweets/jam">Jam</a>
                        </li>
                        <li>
                            <a class="estDynamic" href="https://www.spesati.com/sweets/honey">Honey</a>
                        </li>
                        <li>
                            <a class="estDynamic" href="https://www.spesati.com/sweets/panettoni-and-pandoro">Panettone and pandoro</a>
                        </li>
                        <li>
                            <a class="estDynamic" href="https://www.spesati.com/sweets/pastry">Pastry</a>
                        </li>
                        <li>
                            <a class="estDynamic" href="https://www.spesati.com/sweets/instant-dessert">Prepared</a>
                        </li>
                        <li>
                            <a class="estDynamic" href="https://www.spesati.com/sweets/cakes-and-pies">Cakes and pies</a>
                        </li>
                        <li>
                            <a class="estDynamic" href="https://www.spesati.com/sweets/easter-eggs-and-doves">Easter eggs and doves</a>
                        </li>
                    </ul>
                </li>
                <li>
                    <img src="http://cdn.spesati.com/images/menu/shelf.png"/>
                    Cupboard                    <i class="fa fa-angle-down" aria-hidden="true"></i>
                    <ul class="sub-menu">
                        <li>
                            <a class="estDynamic" href="https://www.spesati.com/shelf/coffee">Coffee</a>
                        </li>
                        <li>
                            <a class="estDynamic" href="https://www.spesati.com/shelf/gift-baskets">Gift baskets</a>
                        </li>
                        <li>
                            <a class="estDynamic" href="https://www.spesati.com/shelf/stock-cubes">Nuts and preparations</a>
                        </li>
                        <li>
                            <a class="estDynamic" href="https://www.spesati.com/shelf/flour-and-baking">Flour and baking</a>
                        </li>
                        <li>
                            <a class="estDynamic" href="https://www.spesati.com/shelf/milk">Milk</a>
                        </li>
                        <li>
                            <a class="estDynamic" href="https://www.spesati.com/shelf/oil-salt-vinegar">Oil, vinegar and salt</a>
                        </li>
                        <li>
                            <a class="estDynamic" href="https://www.spesati.com/shelf/cream-and-bechamel">Cream and bechamel</a>
                        </li>
                        <li>
                            <a class="estDynamic" href="https://www.spesati.com/shelf/crisps-and-pretzels">Crisps and pretzels</a>
                        </li>
                        <li>
                            <a class="estDynamic" href="https://www.spesati.com/shelf/baby-and-infants-products">Early childhood products</a>
                        </li>
                        <li>
                            <a class="estDynamic" href="https://www.spesati.com/shelf/rice">Rice</a>
                        </li>
                        <li>
                            <a class="estDynamic" href="https://www.spesati.com/shelf/tins-and-preserves">Tins and Preserves</a>
                        </li>
                        <li>
                            <a class="estDynamic" href="https://www.spesati.com/shelf/spices">Spices</a>
                        </li>
                        <li>
                            <a class="estDynamic" href="https://www.spesati.com/shelf/sauces">Sauces</a>
                        </li>
                        <li>
                            <a class="estDynamic" href="https://www.spesati.com/shelf/tea-and-infusions">Tea and infusions</a>
                        </li>
                        <li>
                            <a class="estDynamic" href="https://www.spesati.com/shelf/eggs">Eggs</a>
                        </li>
                        <li>
                            <a class="estDynamic" href="https://www.spesati.com/shelf/sugar-and-sweeteners">Sugar and sweeteners</a>
                        </li>
                    </ul>
                </li>
                <li>
                    <img src="http://cdn.spesati.com/images/menu/personal-care.png"/>
                    Personal care                    <i class="fa fa-angle-down" aria-hidden="true"></i>
                    <ul class="sub-menu">
                        <li>
                            <a class="estDynamic" href="https://www.spesati.com/personal-care/accessories-and-cotton">Accessories and cotton</a>
                        </li>
                        <li>
                            <a class="estDynamic" href="https://www.spesati.com/personal-care/feminine-care-incontinence-and-baby-diapers">Feminine incontinence and diapers</a>
                        </li>
                        <li>
                            <a class="estDynamic" href="https://www.spesati.com/personal-care/shower-gel">Shower gel</a>
                        </li>
                        <li>
                            <a class="estDynamic" href="https://www.spesati.com/personal-care/creams">Creams</a>
                        </li>
                        <li>
                            <a class="estDynamic" href="https://www.spesati.com/personal-care/deodorant">Deodorant</a>
                        </li>
                        <li>
                            <a class="estDynamic" href="https://www.spesati.com/personal-care/hair-removal">Hair removal</a>
                        </li>
                        <li>
                            <a class="estDynamic" href="https://www.spesati.com/personal-care/disinfectants">Disinfectants</a>
                        </li>
                        <li>
                            <a class="estDynamic" href="https://www.spesati.com/personal-care/oral-hygiene">Oral hygiene</a>
                        </li>
                        <li>
                            <a class="estDynamic" href="https://www.spesati.com/personal-care/supplements-and-multivitamins">Supplements and multivitamins</a>
                        </li>
                        <li>
                            <a class="estDynamic" href="https://www.spesati.com/personal-care/first-aid">First aid label</a>
                        </li>
                        <li>
                            <a class="estDynamic" href="https://www.spesati.com/personal-care/beard-products">Beard products</a>
                        </li>
                        <li>
                            <a class="estDynamic" href="https://www.spesati.com/personal-care/hairs-products">Hair products</a>
                        </li>
                        <li>
                            <a class="estDynamic" href="https://www.spesati.com/personal-care/perfume">Perfumes</a>
                        </li>
                        <li>
                            <a class="estDynamic" href="https://www.spesati.com/personal-care/wipes">Wipes</a>
                        </li>
                        <li>
                            <a class="estDynamic" href="https://www.spesati.com/personal-care/soaps-and-body-wash">Soaps and body wash</a>
                        </li>
                        <li>
                            <a class="estDynamic" href="https://www.spesati.com/personal-care/shampoo-and-conditioner">Shampoo and conditioner</a>
                        </li>
                    </ul>
                </li>
                <li>
                    <img src="http://cdn.spesati.com/images/menu/pellet-and-home.png"/>
                    Home and outdoors                    <i class="fa fa-angle-down" aria-hidden="true"></i>
                    <ul class="sub-menu">
                        <li>
                            <a class="estDynamic" href="https://www.spesati.com/household-and-outdoors/distilled-water">Distilled water</a>
                        </li>
                        <li>
                            <a class="estDynamic" href="https://www.spesati.com/household-and-outdoors/car-products">Cars</a>
                        </li>
                        <li>
                            <a class="estDynamic" href="https://www.spesati.com/household-and-outdoors/bin-bags-and-buckets">Bin bags and buckets</a>
                        </li>
                        <li>
                            <a class="estDynamic" href="https://www.spesati.com/household-and-outdoors/bleach-and-stain-removers">Bleach and stain removers</a>
                        </li>
                        <li>
                            <a class="estDynamic" href="https://www.spesati.com/household-and-outdoors/candles">Candles</a>
                        </li>
                        <li>
                            <a class="estDynamic" href="https://www.spesati.com/household-and-outdoors/kitchen-roll">Kitchen roll</a>
                        </li>
                        <li>
                            <a class="estDynamic" href="https://www.spesati.com/household-and-outdoors/air-fresheners">Air fresheners</a>
                        </li>
                        <li>
                            <a class="estDynamic" href="https://www.spesati.com/household-and-outdoors/laundry-accessories-and-detergent">Laundry detergent</a>
                        </li>
                        <li>
                            <a class="estDynamic" href="https://www.spesati.com/household-and-outdoors/dishwasher-and-washing-up">Dishwasher and washing up</a>
                        </li>
                        <li>
                            <a class="estDynamic" href="https://www.spesati.com/household-and-outdoors/gardening">Gardening</a>
                        </li>
                        <li>
                            <a class="estDynamic" href="https://www.spesati.com/household-and-outdoors/light-bulbs-and-batteries">Lightbulbs and batteries</a>
                        </li>
                        <li>
                            <a class="estDynamic" href="https://www.spesati.com/household-and-outdoors/pellet-and-bbq">Pellet and BBQ</a>
                        </li>
                        <li>
                            <a class="estDynamic" href="https://www.spesati.com/household-and-outdoors/bathroom-products">Bathroom products</a>
                        </li>
                        <li>
                            <a class="estDynamic" href="https://www.spesati.com/household-and-outdoors/home-and-furniture-products">Home and furniture products</a>
                        </li>
                        <li>
                            <a class="estDynamic" href="https://www.spesati.com/household-and-outdoors/kitchen-products">Kitchen products</a>
                        </li>
                        <li>
                            <a class="estDynamic" href="https://www.spesati.com/household-and-outdoors/window-and-floor-cleaners">Window and floor cleaner</a>
                        </li>
                        <li>
                            <a class="estDynamic" href="https://www.spesati.com/household-and-outdoors/repellents">Repellents</a>
                        </li>
                        <li>
                            <a class="estDynamic" href="https://www.spesati.com/household-and-outdoors/disposable-tableware">Disposable tableware</a>
                        </li>
                    </ul>
                </li>
                <li>
                    <img src="http://cdn.spesati.com/images/menu/animals.png"/>
                    Pets                    <i class="fa fa-angle-down" aria-hidden="true"></i>
                    <ul class="sub-menu">
                        <li>
                            <a class="estDynamic" href="https://www.spesati.com/pets/pet-food-other-animals">Other animals pet food</a>
                        </li>
                        <li>
                            <a class="estDynamic" href="https://www.spesati.com/pets/pet-food-dogs">Pet food dogs</a>
                        </li>
                        <li>
                            <a class="estDynamic" href="https://www.spesati.com/pets/pet-food-cats">Pet food cats</a>
                        </li>
                        <li>
                            <a class="estDynamic" href="https://www.spesati.com/pets/hygiene-and-cleaning">Hygiene and cleaning</a>
                        </li>
                    </ul>
                </li>
                <li>
                    <img src="http://cdn.spesati.com/images/menu/technology.png"/>
                    Technology                    <i class="fa fa-angle-down" aria-hidden="true"></i>
                    <ul class="sub-menu">
                        <li>
                            <a class="estDynamic" href="https://www.spesati.com/technology/accessories">Accessories</a>
                        </li>
                        <li>
                            <a class="estDynamic" href="https://www.spesati.com/technology/computer">Computer</a>
                        </li>
                        <li>
                            <a class="estDynamic" href="https://www.spesati.com/technology/telephones">Telephones</a>
                        </li>
                        <li>
                            <a class="estDynamic" href="https://www.spesati.com/technology/tv">TV</a>
                        </li>
                    </ul>
                </li>
                <li>
                    <img src="http://cdn.spesati.com/images/menu/gluten-free.png"/>
                    Gluten free                    <i class="fa fa-angle-down" aria-hidden="true"></i>
                    <ul class="sub-menu">
                        <li>
                            <a class="estDynamic" href="https://www.spesati.com/gluten-free/frozen-foods">Frozen foods</a>
                        </li>
                        <li>
                            <a class="estDynamic" href="https://www.spesati.com/gluten-free/beer">Beer</a>
                        </li>
                        <li>
                            <a class="estDynamic" href="https://www.spesati.com/gluten-free/sweets">Sweets</a>
                        </li>
                        <li>
                            <a class="estDynamic" href="https://www.spesati.com/gluten-free/bread-and-pasta">Bread and pasta</a>
                        </li>
                        <li>
                            <a class="estDynamic" href="https://www.spesati.com/gluten-free/shelf">Cupboard</a>
                        </li>
                    </ul>
                </li>
                <li>
                    <img src="http://cdn.spesati.com/images/menu/lactose-free.png"/>
                    Lactose free                    <i class="fa fa-angle-down" aria-hidden="true"></i>
                    <ul class="sub-menu">
                        <li>
                            <a class="estDynamic" href="https://www.spesati.com/lactose-free/frozen-foods">Frozen foods</a>
                        </li>
                        <li>
                            <a class="estDynamic" href="https://www.spesati.com/lactose-free/sweets">Sweets</a>
                        </li>
                        <li>
                            <a class="estDynamic" href="https://www.spesati.com/lactose-free/dairy-product">Dairy product</a>
                        </li>
                        <li>
                            <a class="estDynamic" href="https://www.spesati.com/lactose-free/shelf">Cupboard</a>
                        </li>
                    </ul>
                </li>
                <li>
                    <img src="http://cdn.spesati.com/images/menu/special.png"/>
                    Special                    <i class="fa fa-angle-down" aria-hidden="true"></i>
                    <ul class="sub-menu">
                        <li>
                            <a class="estDynamic" href="https://www.spesati.com/special/alpro">Alpro</a>
                        </li>
                        <li>
                            <a class="estDynamic" href="https://www.spesati.com/special/organic">Biological</a>
                        </li>
                        <li>
                            <a class="estDynamic" href="https://www.spesati.com/special/meat">Meat</a>
                        </li>
                        <li>
                            <a class="estDynamic" href="https://www.spesati.com/special/wholegrain">Wholegrain</a>
                        </li>
                        <li>
                            <a class="estDynamic" href="https://www.spesati.com/special/bread-and-pasta">Bread and pasta</a>
                        </li>
                        <li>
                            <a class="estDynamic" href="https://www.spesati.com/special/vegan">Vegan</a>
                        </li>
                    </ul>
                </li>
                <li>
                    <img src="http://cdn.spesati.com/images/menu/sardinian-products.png"/>
                    Sardinian products                    <i class="fa fa-angle-down" aria-hidden="true"></i>
                    <ul class="sub-menu">
                        <li>
                            <a class="estDynamic" href="https://www.spesati.com/sardinian-products/drinks">Drinks</a>
                        </li>
                        <li>
                            <a class="estDynamic" href="https://www.spesati.com/sardinian-products/meat">Meat</a>
                        </li>
                        <li>
                            <a class="estDynamic" href="https://www.spesati.com/sardinian-products/sweets">Sweets</a>
                        </li>
                        <li>
                            <a class="estDynamic" href="https://www.spesati.com/sardinian-products/fruit-and-vegetables">Fruit and vegetables</a>
                        </li>
                        <li>
                            <a class="estDynamic" href="https://www.spesati.com/sardinian-products/ichnusa">Ichnusa</a>
                        </li>
                        <li>
                            <a class="estDynamic" href="https://www.spesati.com/sardinian-products/dairy-product">Dairy product</a>
                        </li>
                        <li>
                            <a class="estDynamic" href="https://www.spesati.com/sardinian-products/bread-and-pasta">Bread and pasta</a>
                        </li>
                        <li>
                            <a class="estDynamic" href="https://www.spesati.com/sardinian-products/fish">Fish</a>
                        </li>
                        <li>
                            <a class="estDynamic" href="https://www.spesati.com/sardinian-products/cured-meat">Cured meat</a>
                        </li>
                        <li>
                            <a class="estDynamic" href="https://www.spesati.com/sardinian-products/shelf">Cupboard</a>
                        </li>
                        <li>
                            <a class="estDynamic" href="https://www.spesati.com/sardinian-products/vermentino-wine">Vermentino wine</a>
                        </li>
                        <li>
                            <a class="estDynamic" href="https://www.spesati.com/sardinian-products/wine-beer-and-spirits">Wine beer and spirits</a>
                        </li>
                    </ul>
                </li>
            </ul>
        </li>
        <li>
            <a href="https://www.spesati.com/about">About</a>
        </li>
        <li>
            <a href="https://www.spesati.com/faq">Faq</a>
        </li>
        <li>
            <a href="https://www.spesati.com/customer-care">Support</a>
        </li>
        <li>
            <a href="https://www.spesati.com/news">Blog</a>
        </li>
        <li>
            <a href="https://www.spesati.com/terms-and-conditions">Conditions</a>
        </li>
        <li>
            <a href="https://www.spesati.com/privacy-policy">Privacy policy</a>
        </li>
        <li>
            <a href="https://www.spesati.com/login">Login</a>
        </li>
        <li>
             <a href="https://www.spesati.com/sign-up">Sign up</a>
        </li>
    </ul>
</div><section class="first">
    <div id="menuCategories" class="colLeft">
    <ul id="main_nav" >
        <li>
            <a class="estDynamic" href="https://www.spesati.com/on-offer">
               <img src="http://cdn.spesati.com/images/menu/on-sale.png"/>
               On sale            </a>
            <i class="fa fa-angle-right" aria-hidden="true"></i>
            <ul class="sub-menu">
                <li>
    <a href="https://www.spesati.com/tacchino-fesa-a-fette" class="estDynamic">Tacchino Fesa A Fette</a>
</li><li>
    <a href="https://www.spesati.com/amaro-montenegro-15lt" class="estDynamic">Amaro Montenegro 1,5lt</a>
</li><li>
    <a href="https://www.spesati.com/carbone-di-legna-sacco-10kg" class="estDynamic">Carbone Di Legna Sacco 10Kg</a>
</li><li>
    <a href="https://www.spesati.com/filu-e-ferru-silvio-carta-70cl" class="estDynamic">Filu E Ferru Silvio Carta 70Cl</a>
</li><li>
    <a href="https://www.spesati.com/braciole-suino-con-cotenna" class="estDynamic">Braciole Suino Con Cotenna</a>
</li><li>
    <a href="https://www.spesati.com/bovino-adulto-polpa" class="estDynamic">Bovino Adulto Polpa</a>
</li><li>
    <a href="https://www.spesati.com/vino-la-palma-cannonau-le-bombarde" class="estDynamic">Vino La Palma Cannonau Le Bombarde</a>
</li><li>
    <a href="https://www.spesati.com/fettine-sceltissime-bovino-adulto" class="estDynamic">Fettine Sceltissime Bovino Adulto</a>
</li><li>
    <a href="https://www.spesati.com/suino-fettine-scelte" class="estDynamic">Suino Fettine Scelte</a>
</li><li>
    <a href="https://www.spesati.com/lavazza-caffe-qualita-rossa-2x250gr" class="estDynamic">Lavazza Caffé Qualità Rossa 2x250gr</a>
</li>                <li>
                    <a class="estDynamic" href="https://www.spesati.com/on-offer">All products on sale</a>
                </li>
            </ul>
        </li>
        <li>
            <a class="estDynamic" href="https://www.spesati.com/gift">
               <img src="http://cdn.spesati.com/images/menu/gift.png"/>
               Gifts            </a>
            <i class="fa fa-angle-right" aria-hidden="true"></i>
            <ul class="sub-menu">
                <li>
    <a href="https://www.spesati.com/gift-card-da-150" class="estDynamic">Gift Card Da 150</a>
</li><li>
    <a href="https://www.spesati.com/gift-card-da-100" class="estDynamic">Gift Card Da 100</a>
</li><li>
    <a href="https://www.spesati.com/gift-card-da-50" class="estDynamic">Gift Card Da 50</a>
</li><li>
    <a href="https://www.spesati.com/gift-card-da-25" class="estDynamic">Gift Card Da 25</a>
</li>                <li>
                    <a class="estDynamic" href="https://www.spesati.com/gift">All products in the gifts category</a>
                </li>
            </ul>
        </li>
        <li>
            <a class="estDynamic" href="https://www.spesati.com/gift-card">
               <img src="http://cdn.spesati.com/images/menu/gift-card.png"/>
               Gift card and discounts            </a>
            <i class="fa fa-angle-right" aria-hidden="true"></i>
            <ul class="sub-menu">
                <li>
    <a href="https://www.spesati.com/gift-card-da-150">Gift Card Da 150</a>
</li><li>
    <a href="https://www.spesati.com/gift-card-da-100">Gift Card Da 100</a>
</li><li>
    <a href="https://www.spesati.com/gift-card-da-50">Gift Card Da 50</a>
</li><li>
    <a href="https://www.spesati.com/gift-card-da-25">Gift Card Da 25</a>
</li>            </ul>
        </li>
        <li>
            <a class="estDynamic" href="https://www.spesati.com/fruit-and-vegetables">
               <img src="http://cdn.spesati.com/images/menu/fuit-and-vegetables.png"/>
               Fruit and vegetables           </a>
            <i class="fa fa-angle-right" aria-hidden="true"></i>
            <ul class="sub-menu">
                <li>
                    <a class="estDynamic" href="https://www.spesati.com/fruit-and-vegetables/pulses-and-beans">Cereals and pulses and beans</a>
                </li>
                <li>
                    <a class="estDynamic" href="https://www.spesati.com/fruit-and-vegetables/fruit">Fruit</a>
                </li>
                <li>
                    <a class="estDynamic" href="https://www.spesati.com/fruit-and-vegetables/canned-fruit">Canned fruit</a>
                </li>
                <li>
                    <a class="estDynamic" href="https://www.spesati.com/fruit-and-vegetables/dried-fruit">Dried fruit</a>
                </li>
                <li>
                    <a class="estDynamic" href="https://www.spesati.com/fruit-and-vegetables/ready-salads">Ready salads</a>
                </li>
                <li>
                    <a class="estDynamic" href="https://www.spesati.com/fruit-and-vegetables/fresh-spices">Fresh spices</a>
                </li>
                <li>
                    <a class="estDynamic" href="https://www.spesati.com/fruit-and-vegetables/vegetables">Vegetables and soy</a>
                </li>
            </ul>
        </li>
        <li>
            <a class="estDynamic" href="https://www.spesati.com/fresh-products">
                <img src="http://cdn.spesati.com/images/menu/fresh-products.png"/>
                Fresh products            </a>
            <i class="fa fa-angle-right" aria-hidden="true"></i>
            <ul class="sub-menu">
                <li>
                    <a class="estDynamic" href="https://www.spesati.com/fresh-products/margarine-and-butter">Butter and margarine</a>
                </li>
                <li>
                    <a class="estDynamic" href="https://www.spesati.com/fresh-products/danone">Danone</a>
                </li>
                <li>
                    <a class="estDynamic" href="https://www.spesati.com/fresh-products/dessert">Dessert</a>
                </li>
                <li>
                    <a class="estDynamic" href="https://www.spesati.com/fresh-products/sweets">Sweets</a>
                </li>
                <li>
                    <a class="estDynamic" href="https://www.spesati.com/fresh-products/dairy-products">Dairy product</a>
                </li>
                <li>
                    <a class="estDynamic" href="https://www.spesati.com/fresh-products/bakery">Yeast</a>
                </li>
                <li>
                    <a class="estDynamic" href="https://www.spesati.com/fresh-products/mascarpone">Mascarpone</a>
                </li>
                <li>
                    <a class="estDynamic" href="https://www.spesati.com/fresh-products/snacks">Snacks</a>
                </li>
                <li>
                    <a class="estDynamic" href="https://www.spesati.com/fresh-products/mozzarella">Mozzarella</a>
                </li>
                <li>
                    <a class="estDynamic" href="https://www.spesati.com/fresh-products/pasta">Pasta</a>
                </li>
                <li>
                    <a class="estDynamic" href="https://www.spesati.com/fresh-products/pesto-and-sauces">Pesto and sauces</a>
                </li>
                <li>
                    <a class="estDynamic" href="https://www.spesati.com/fresh-products/ricotta-and-cheese">Ricotta and cheese</a>
                </li>
                <li>
                    <a class="estDynamic" href="https://www.spesati.com/fresh-products/cured-meat">Cured meat</a>
                </li>
                <li>
                    <a class="estDynamic" href="https://www.spesati.com/fresh-products/wurstel">Würstel</a>
                </li>
                <li>
                    <a class="estDynamic" href="https://www.spesati.com/fresh-products/yogurt">Yogurt</a>
                </li>
            </ul>
        </li>
        <li>
            <a class="estDynamic" href="https://www.spesati.com/frozen-foods">
                <img src="http://cdn.spesati.com/images/menu/frozen-foods.png"/>
                Frozen foods            </a>
            <i class="fa fa-angle-right" aria-hidden="true"></i>
            <ul class="sub-menu">
                <li>
                    <a class="estDynamic" href="https://www.spesati.com/frozen-foods/meat">Meat</a>
                </li>
                <li>
                    <a class="estDynamic" href="https://www.spesati.com/frozen-foods/ice-creams">Ice cream and sweet</a>
                </li>
                <li>
                    <a class="estDynamic" href="https://www.spesati.com/frozen-foods/pasta">Pasta</a>
                </li>
                <li>
                    <a class="estDynamic" href="https://www.spesati.com/frozen-foods/fish">Fish</a>
                </li>
                <li>
                    <a class="estDynamic" href="https://www.spesati.com/frozen-foods/ready-meals">Ready meals</a>
                </li>
                <li>
                    <a class="estDynamic" href="https://www.spesati.com/frozen-foods/pizzas">Pizzas</a>
                </li>
                <li>
                    <a class="estDynamic" href="https://www.spesati.com/frozen-foods/vegetables">Vegetables and soy</a>
                </li>
            </ul>
        </li>
        <li>
            <a class="estDynamic" href="https://www.spesati.com/bread-and-pasta">
                <img src="http://cdn.spesati.com/images/menu/bread-and-pasta.png"/>
                Bread and pasta            </a>
            <i class="fa fa-angle-right" aria-hidden="true"></i>
            <ul class="sub-menu">
                <li>
                    <a class="estDynamic" href="https://www.spesati.com/bread-and-pasta/crackers">Crackers</a>
                </li>
                <li>
                    <a class="estDynamic" href="https://www.spesati.com/bread-and-pasta/rusks">Rusks</a>
                </li>
                <li>
                    <a class="estDynamic" href="https://www.spesati.com/bread-and-pasta/white-bread">White bread</a>
                </li>
                <li>
                    <a class="estDynamic" href="https://www.spesati.com/bread-and-pasta/local-bread">Local bread</a>
                </li>
                <li>
                    <a class="estDynamic" href="https://www.spesati.com/bread-and-pasta/soft-bread">Soft bread</a>
                </li>
                <li>
                    <a class="estDynamic" href="https://www.spesati.com/bread-and-pasta/sardinian-bread">Sardinian bread</a>
                </li>
                <li>
                    <a class="estDynamic" href="https://www.spesati.com/bread-and-pasta/bakery">Bakery</a>
                </li>
                <li>
                    <a class="estDynamic" href="https://www.spesati.com/bread-and-pasta/pasta">Pasta</a>
                </li>
                <li>
                    <a class="estDynamic" href="https://www.spesati.com/bread-and-pasta/fresh-pasta">Fresh pasta</a>
                </li>
            </ul>
        </li>
        <li>
            <a class="estDynamic" href="https://www.spesati.com/meat">
                <img src="http://cdn.spesati.com/images/menu/meat.png"/>
                Meat            </a>
            <i class="fa fa-angle-right" aria-hidden="true"></i>
            <ul class="sub-menu">
                <li>
                    <a class="estDynamic" href="https://www.spesati.com/meat/beef">Beef</a>
                </li>
                <li>
                    <a class="estDynamic" href="https://www.spesati.com/meat/goat">Goat</a>
                </li>
                <li>
                    <a class="estDynamic" href="https://www.spesati.com/meat/packaged-meat">Packaged meat</a>
                </li>
                <li>
                    <a class="estDynamic" href="https://www.spesati.com/meat/rabbit">Rabbit</a>
                </li>
                <li>
                    <a class="estDynamic" href="https://www.spesati.com/meat/horse">Horse</a>
                </li>
                <li>
                    <a class="estDynamic" href="https://www.spesati.com/meat/pork">Pork</a>
                </li>
                <li>
                    <a class="estDynamic" href="https://www.spesati.com/meat/lamb">Lamb</a>
                </li>
                <li>
                    <a class="estDynamic" href="https://www.spesati.com/meat/poultry">Poultry</a>
                </li>
            </ul>
        </li>
        <li>
            <a class="estDynamic" href="https://www.spesati.com/fish">
                <img src="http://cdn.spesati.com/images/menu/fish.png"/>
                Fish            </a>
            <i class="fa fa-angle-right" aria-hidden="true"></i>
            <ul class="sub-menu">
                <li>
                    <a class="estDynamic" href="https://www.spesati.com/fish/fresh-water">Fresh water</a>
                </li>
                <li>
                    <a class="estDynamic" href="https://www.spesati.com/fish/salt-water">Salt water</a>
                </li>
                <li>
                    <a class="estDynamic" href="https://www.spesati.com/fish/mussels">Mussels</a>
                </li>
                <li>
                    <a class="estDynamic" href="https://www.spesati.com/fish/dried-and-salted">Dried and salted</a>
                </li>
                <li>
                    <a class="estDynamic" href="https://www.spesati.com/fish/seafood-salad">Seafood salad</a>
                </li>
                <li>
                    <a class="estDynamic" href="https://www.spesati.com/fish/prepared">Prepared</a>
                </li>
                <li>
                    <a class="estDynamic" href="https://www.spesati.com/fish/specialty">Specialty</a>
                </li>   
                <li>
                    <a class="estDynamic" href="https://www.spesati.com/fish/tuna-and-salmon">Tuna and salmon</a>
                </li>
            </ul>
        </li>
        <li>
            <a class="estDynamic" href="https://www.spesati.com/wine-beer-and-spirits">
                <img src="http://cdn.spesati.com/images/menu/alcohol.png"/>
                Wine beer and spirits            </a>
            <i class="fa fa-angle-right" aria-hidden="true"></i>
            <ul class="sub-menu">
                <li>
                    <a class="estDynamic" href="https://www.spesati.com/wine-beer-and-spirits/spirits-and-liquors">Alcohol</a>
                </li>
                <li>
                    <a class="estDynamic" href="https://www.spesati.com/wine-beer-and-spirits/bitters">Bitters</a>
                </li>
                <li>
                    <a class="estDynamic" href="https://www.spesati.com/wine-beer-and-spirits/aperatif">Aperatifs</a>
                </li>
                <li>
                    <a class="estDynamic" href="https://www.spesati.com/wine-beer-and-spirits/beer">Beer</a>
                </li>
                <li>
                    <a class="estDynamic" href="https://www.spesati.com/wine-beer-and-spirits/creams">Creams</a>
                </li>
                <li>
                    <a class="estDynamic" href="https://www.spesati.com/wine-beer-and-spirits/spirits">Spirits</a>
                </li>
                <li>
                    <a class="estDynamic" href="https://www.spesati.com/wine-beer-and-spirits/liquors">Liquors</a>
                </li>
                <li>
                    <a class="estDynamic" href="https://www.spesati.com/wine-beer-and-spirits/white-wine">White wine</a>
                </li>
                <li>
                    <a class="estDynamic" href="https://www.spesati.com/wine-beer-and-spirits/prosecco-wine">Prosecco wine</a>
                </li>
                <li>
                    <a class="estDynamic" href="https://www.spesati.com/wine-beer-and-spirits/rose-wine">Rose wine</a>
                </li>
                <li>
                    <a class="estDynamic" href="https://www.spesati.com/wine-beer-and-spirits/red-wine">Red wine</a>
                </li>
                <li>
                    <a class="estDynamic" href="https://www.spesati.com/wine-beer-and-spirits/specialty-wine">Special wine</a>
                </li>
                <li>
                    <a class="estDynamic" href="https://www.spesati.com/wine-beer-and-spirits/sparkling-wine">Sparkling wine</a>
                </li>
                <li>
                    <a class="estDynamic" href="https://www.spesati.com/wine-beer-and-spirits/vermentino-wine">Vermentino wine</a>
                </li>
            </ul>
        </li>
        <li>
            <a class="estDynamic" href="https://www.spesati.com/water-and-drinks">
                <img src="http://cdn.spesati.com/images/menu/water-and-drinks.png"/>
                Water and drinks            </a>
            <i class="fa fa-angle-right" aria-hidden="true"></i>
            <ul class="sub-menu">
                <li>
                    <a class="estDynamic" href="https://www.spesati.com/water-and-drinks/san-martino">San Martino</a>
                </li>
                <li>
                    <a class="estDynamic" href="https://www.spesati.com/water-and-drinks/water">Water</a>
                </li>
                <li>
                    <a class="estDynamic" href="https://www.spesati.com/water-and-drinks/alpro">Alpro</a>
                </li>
                <li>
                    <a class="estDynamic" href="https://www.spesati.com/water-and-drinks/fizzy-drinks">Fizzy drinks</a>
                </li>
                <li>
                    <a class="estDynamic" href="https://www.spesati.com/water-and-drinks/coca-cola">Coca-Cola</a>
                </li>
                <li>
                    <a class="estDynamic" href="https://www.spesati.com/water-and-drinks/energy-drink">Energy drink</a>
                </li>
                <li>
                    <a class="estDynamic" href="https://www.spesati.com/water-and-drinks/syrups">Syrups</a>
                </li>
                <li>
                    <a class="estDynamic" href="https://www.spesati.com/water-and-drinks/supplements">Supplements</a>
                </li>
                <li>
                    <a class="estDynamic" href="https://www.spesati.com/water-and-drinks/instant-drinks">Instant drinks</a>
                </li>
                <li>
                    <a class="estDynamic" href="https://www.spesati.com/water-and-drinks/juice">Juice</a>
                </li>
                <li>
                    <a class="estDynamic" href="https://www.spesati.com/water-and-drinks/tea">Tea</a>
                </li>
            </ul>
        </li>
        <li>
            <a class="estDynamic" href="https://www.spesati.com/sweets">
                <img src="http://cdn.spesati.com/images/menu/sweets.png"/>
                Sweets            </a>
            <i class="fa fa-angle-right" aria-hidden="true"></i>
            <ul class="sub-menu">
                <li>
                    <a class="estDynamic" href="https://www.spesati.com/sweets/bars-and-snacks">Bars and snacks</a>
                </li>
                <li>
                    <a class="estDynamic" href="https://www.spesati.com/sweets/biscuits">Biscuits</a>
                </li>
                <li>
                    <a class="estDynamic" href="https://www.spesati.com/sweets/brioches">Brioches</a>
                </li>
                <li>
                    <a class="estDynamic" href="https://www.spesati.com/sweets/candy-and-chewing-gum">Candy and chewing gum</a>
                </li>
                <li>
                    <a class="estDynamic" href="https://www.spesati.com/sweets/cereals">Cereals</a>
                </li>
                <li>
                    <a class="estDynamic" href="https://www.spesati.com/sweets/chocolate">Chocolate</a>
                </li>
                <li>
                    <a class="estDynamic" href="https://www.spesati.com/sweets/spreadable-creams">Spreads</a>
                </li>
                <li>
                    <a class="estDynamic" href="https://www.spesati.com/sweets/dessert-toppings">Dessert toppings</a>
                </li>
                <li>
                    <a class="estDynamic" href="https://www.spesati.com/sweets/jam">Jam</a>
                </li>
                <li>
                    <a class="estDynamic" href="https://www.spesati.com/sweets/honey">Honey</a>
                </li>
                <li>
                    <a class="estDynamic" href="https://www.spesati.com/sweets/panettoni-and-pandoro">Panettone and pandoro</a>
                </li>
                <li>
                    <a class="estDynamic" href="https://www.spesati.com/sweets/pastry">Pastry</a>
                </li>
                <li>
                    <a class="estDynamic" href="https://www.spesati.com/sweets/instant-dessert">Prepared</a>
                </li>
                <li>
                    <a class="estDynamic" href="https://www.spesati.com/sweets/cakes-and-pies">Cakes and pies</a>
                </li>
                <li>
                    <a class="estDynamic" href="https://www.spesati.com/sweets/easter-eggs-and-doves">Easter eggs and doves</a>
                </li>
            </ul>
        </li>
        <li>
            <a class="estDynamic" href="https://www.spesati.com/shelf">
                <img src="http://cdn.spesati.com/images/menu/shelf.png"/>
                Cupboard            </a>
            <i class="fa fa-angle-right" aria-hidden="true"></i>
            <ul class="sub-menu">
                <li>
                    <a class="estDynamic" href="https://www.spesati.com/shelf/coffee">Coffee</a>
                </li>
                <li>
                    <a class="estDynamic" href="https://www.spesati.com/shelf/gift-baskets">Gift baskets</a>
                </li>
                <li>
                    <a class="estDynamic" href="https://www.spesati.com/shelf/stock-cubes">Nuts and preparations</a>
                </li>
                <li>
                    <a class="estDynamic" href="https://www.spesati.com/shelf/flour-and-baking">Flour and baking</a>
                </li>
                <li>
                    <a class="estDynamic" href="https://www.spesati.com/shelf/milk">Milk</a>
                </li>
                <li>
                    <a class="estDynamic" href="https://www.spesati.com/shelf/oil-salt-vinegar">Oil, vinegar and salt</a>
                </li>
                <li>
                    <a class="estDynamic" href="https://www.spesati.com/shelf/cream-and-bechamel">Cream and bechamel</a>
                </li>
                <li>
                    <a class="estDynamic" href="https://www.spesati.com/shelf/crisps-and-pretzels">Crisps and pretzels</a>
                </li>
                <li>
                    <a class="estDynamic" href="https://www.spesati.com/shelf/baby-and-infants-products">Early childhood products</a>
                </li>
                <li>
                    <a class="estDynamic" href="https://www.spesati.com/shelf/rice">Rice</a>
                </li>
                <li>
                    <a class="estDynamic" href="https://www.spesati.com/shelf/tins-and-preserves">Tins and Preserves</a>
                </li>
                <li>
                    <a class="estDynamic" href="https://www.spesati.com/shelf/spices">Spices</a>
                </li>
                <li>
                    <a class="estDynamic" href="https://www.spesati.com/shelf/sauces">Sauces</a>
                </li>
                <li>
                    <a class="estDynamic" href="https://www.spesati.com/shelf/tea-and-infusions">Tea and infusions</a>
                </li>
                <li>
                    <a class="estDynamic" href="https://www.spesati.com/shelf/eggs">Eggs</a>
                </li>
                <li>
                    <a class="estDynamic" href="https://www.spesati.com/shelf/sugar-and-sweeteners">Sugar and sweeteners</a>
                </li>
            </ul>
        </li>
        <li>
            <a class="estDynamic" href="https://www.spesati.com/personal-care">
                <img src="http://cdn.spesati.com/images/menu/personal-care.png"/>
                Personal care            </a>
            <i class="fa fa-angle-right" aria-hidden="true"></i>
            <ul class="sub-menu">
                <li>
                    <a class="estDynamic" href="https://www.spesati.com/personal-care/accessories-and-cotton">Accessories and cotton</a>
                </li>
                <li>
                    <a class="estDynamic" href="https://www.spesati.com/personal-care/feminine-care-incontinence-and-baby-diapers">Feminine incontinence and diapers</a>
                </li>
                <li>
                    <a class="estDynamic" href="https://www.spesati.com/personal-care/shower-gel">Shower gel</a>
                </li>
                <li>
                    <a class="estDynamic" href="https://www.spesati.com/personal-care/creams">Creams</a>
                </li>
                <li>
                    <a class="estDynamic" href="https://www.spesati.com/personal-care/deodorant">Deodorant</a>
                </li>
                <li>
                    <a class="estDynamic" href="https://www.spesati.com/personal-care/hair-removal">Hair removal</a>
                </li>
                <li>
                    <a class="estDynamic" href="https://www.spesati.com/personal-care/disinfectants">Disinfectants</a>
                </li>
                <li>
                    <a class="estDynamic" href="https://www.spesati.com/personal-care/oral-hygiene">Oral hygiene</a>
                </li>
                <li>
                    <a class="estDynamic" href="https://www.spesati.com/personal-care/supplements-and-multivitamins">Supplements and multivitamins</a>
                </li>
                <li>
                    <a class="estDynamic" href="https://www.spesati.com/personal-care/first-aid">First aid label</a>
                </li>
                <li>
                    <a class="estDynamic" href="https://www.spesati.com/personal-care/beard-products">Beard products</a>
                </li>
                <li>
                    <a class="estDynamic" href="https://www.spesati.com/personal-care/hairs-products">Hair products</a>
                </li>
                <li>
                    <a class="estDynamic" href="https://www.spesati.com/personal-care/perfume">Perfumes</a>
                </li>
                <li>
                    <a class="estDynamic" href="https://www.spesati.com/personal-care/wipes">Wipes</a>
                </li>
                <li>
                    <a class="estDynamic" href="https://www.spesati.com/personal-care/soaps-and-body-wash">Soaps and body wash</a>
                </li>
                <li>
                    <a class="estDynamic" href="https://www.spesati.com/personal-care/shampoo-and-conditioner">Shampoo and conditioner</a>
                </li>
            </ul>
        </li>
        <li>
            <a class="estDynamic" href="https://www.spesati.com/household-and-outdoors">
                <img src="http://cdn.spesati.com/images/menu/pellet-and-home.png"/>
                Home and outdoors 
            </a>
            <i class="fa fa-angle-right" aria-hidden="true"></i>
            <ul class="sub-menu">
                <li>
                    <a class="estDynamic" href="https://www.spesati.com/household-and-outdoors/distilled-water">Distilled water</a>
                </li>
                <li>
                    <a class="estDynamic" href="https://www.spesati.com/household-and-outdoors/car-products">Cars</a>
                </li>
                <li>
                    <a class="estDynamic" href="https://www.spesati.com/household-and-outdoors/bin-bags-and-buckets">Bin bags and buckets</a>
                </li>
                <li>
                    <a class="estDynamic" href="https://www.spesati.com/household-and-outdoors/bleach-and-stain-removers">Bleach and stain removers</a>
                </li>
                <li>
                    <a class="estDynamic" href="https://www.spesati.com/household-and-outdoors/candles">Candles</a>
                </li>
                <li>
                    <a class="estDynamic" href="https://www.spesati.com/household-and-outdoors/kitchen-roll">Kitchen roll</a>
                </li>
                <li>
                    <a class="estDynamic" href="https://www.spesati.com/household-and-outdoors/air-fresheners">Air fresheners</a>
                </li>
                <li>
                    <a class="estDynamic" href="https://www.spesati.com/household-and-outdoors/laundry-accessories-and-detergent">Laundry detergent</a>
                </li>
                <li>
                    <a class="estDynamic" href="https://www.spesati.com/household-and-outdoors/dishwasher-and-washing-up">Dishwasher and washing up</a>
                </li>
                <li>
                    <a class="estDynamic" href="https://www.spesati.com/household-and-outdoors/gardening">Gardening</a>
                </li>
                <li>
                    <a class="estDynamic" href="https://www.spesati.com/household-and-outdoors/light-bulbs-and-batteries">Lightbulbs and batteries</a>
                </li>
                <li>
                    <a class="estDynamic" href="https://www.spesati.com/household-and-outdoors/pellet-and-bbq">Pellet and BBQ</a>
                </li>
                <li>
                    <a class="estDynamic" href="https://www.spesati.com/household-and-outdoors/bathroom-products">Bathroom products</a>
                </li>
                <li>
                    <a class="estDynamic" href="https://www.spesati.com/household-and-outdoors/home-and-furniture-products">Home and furniture products</a>
                </li>
                <li>
                    <a class="estDynamic" href="https://www.spesati.com/household-and-outdoors/kitchen-products">Kitchen products</a>
                </li>
                <li>
                    <a class="estDynamic" href="https://www.spesati.com/household-and-outdoors/window-and-floor-cleaners">Window and floor cleaner</a>
                </li>
                <li>
                    <a class="estDynamic" href="https://www.spesati.com/household-and-outdoors/repellents">Repellents</a>
                </li>
                <li>
                    <a class="estDynamic" href="https://www.spesati.com/household-and-outdoors/disposable-tableware">Disposable tableware</a>
                </li>
            </ul>
        </li>
        <li>
            <a class="estDynamic" href="https://www.spesati.com/pet">
                <img src="http://cdn.spesati.com/images/menu/animals.png"/>
                Pets            </a>
            <i class="fa fa-angle-right" aria-hidden="true"></i>
            <ul class="sub-menu">
                <li>
                    <a class="estDynamic" href="https://www.spesati.com/pets/pet-food-other-animals">Other animals pet food</a>
                </li>
                <li>
                    <a class="estDynamic" href="https://www.spesati.com/pets/pet-food-dogs">Pet food dogs</a>
                </li>
                <li>
                    <a class="estDynamic" href="https://www.spesati.com/pets/pet-food-cats">Pet food cats</a>
                </li>
                <li>
                    <a class="estDynamic" href="https://www.spesati.com/pets/hygiene-and-cleaning">Hygiene and cleaning</a>
                </li>
            </ul>
        </li>
        <li>
            <a class="estDynamic" href="https://www.spesati.com/technology">
                <img src="http://cdn.spesati.com/images/menu/technology.png"/>
                Technology            </a>
            <i class="fa fa-angle-right" aria-hidden="true"></i>
            <ul class="sub-menu">
                <li>
                    <a class="estDynamic" href="https://www.spesati.com/technology/accessories">Accessories</a>
                </li>
                <li>
                    <a class="estDynamic" href="https://www.spesati.com/technology/computer">Computer</a>
                </li>
                <li>
                    <a class="estDynamic" href="https://www.spesati.com/technology/telephones">Telephones</a>
                </li>
                <li>
                    <a class="estDynamic" href="https://www.spesati.com/technology/tv">TV</a>
                </li>
            </ul>
        </li>
        <li>
            <a class="estDynamic" href="https://www.spesati.com/gluten-free">
                <img src="http://cdn.spesati.com/images/menu/gluten-free.png"/>
                Gluten free            </a>
            <i class="fa fa-angle-right" aria-hidden="true"></i>
            <ul class="sub-menu">
                <li>
                    <a class="estDynamic" href="https://www.spesati.com/gluten-free/frozen-foods">Frozen foods</a>
                </li>
                <li>
                    <a class="estDynamic" href="https://www.spesati.com/gluten-free/beer">Beer</a>
                </li>
                <li>
                    <a class="estDynamic" href="https://www.spesati.com/gluten-free/sweets">Sweets</a>
                </li>
                <li>
                    <a class="estDynamic" href="https://www.spesati.com/gluten-free/bread-and-pasta">Bread and pasta</a>
                </li>
                <li>
                    <a class="estDynamic" href="https://www.spesati.com/gluten-free/shelf">Cupboard</a>
                </li>
            </ul>
        </li>
        <li>
            <a class="estDynamic" href="https://www.spesati.com/lactose-free">
                <img src="http://cdn.spesati.com/images/menu/lactose-free.png"/>
                Lactose free            </a>
            <i class="fa fa-angle-right" aria-hidden="true"></i>
            <ul class="sub-menu">
                <li>
                    <a class="estDynamic" href="https://www.spesati.com/lactose-free/frozen-foods">Frozen foods</a>
                </li>
                <li>
                    <a class="estDynamic" href="https://www.spesati.com/lactose-free/sweets">Sweets</a>
                </li>
                <li>
                    <a class="estDynamic" href="https://www.spesati.com/lactose-free/dairy-product">Dairy product</a>
                </li>
                <li>
                    <a class="estDynamic" href="https://www.spesati.com/lactose-free/shelf">Cupboard</a>
                </li>
            </ul>
        </li>
        <li>
            <a class="estDynamic" href="https://www.spesati.com/special">
                <img src="http://cdn.spesati.com/images/menu/special.png"/>
                Special            </a>
            <i class="fa fa-angle-right" aria-hidden="true"></i>
            <ul class="sub-menu">
                <li>
                    <a class="estDynamic" href="https://www.spesati.com/special/alpro">Alpro</a>
                </li>
                <li>
                    <a class="estDynamic" href="https://www.spesati.com/special/organic">Biological</a>
                </li>
                <li>
                    <a class="estDynamic" href="https://www.spesati.com/special/meat">Meat</a>
                </li>
                <li>
                    <a class="estDynamic" href="https://www.spesati.com/special/wholegrain">Wholegrain</a>
                </li>
                <li>
                    <a class="estDynamic" href="https://www.spesati.com/special/bread-and-pasta">Bread and pasta</a>
                </li>
                <li>
                    <a class="estDynamic" href="https://www.spesati.com/special/vegan">Vegan</a>
                </li>
            </ul>
        </li>
        <li>
            <a class="estDynamic" href="https://www.spesati.com/sardinian-products">
                <img src="http://cdn.spesati.com/images/menu/sardinian-products.png"/>
                Sardinian products            </a>
            <i class="fa fa-angle-right" aria-hidden="true"></i>
            <ul class="sub-menu">
                <li>
                    <a class="estDynamic" href="https://www.spesati.com/sardinian-products/drinks">Drinks</a>
                </li>
                <li>
                    <a class="estDynamic" href="https://www.spesati.com/sardinian-products/meat">Meat</a>
                </li>
                <li>
                    <a class="estDynamic" href="https://www.spesati.com/sardinian-products/sweets">Sweets</a>
                </li>
                <li>
                    <a class="estDynamic" href="https://www.spesati.com/sardinian-products/fruit-and-vegetables">Fruit and vegetables</a>
                </li>
                <li>
                    <a class="estDynamic" href="https://www.spesati.com/sardinian-products/ichnusa">Ichnusa</a>
                </li>
                <li>
                    <a class="estDynamic" href="https://www.spesati.com/sardinian-products/dairy-product">Dairy product</a>
                </li>
                <li>
                    <a class="estDynamic" href="https://www.spesati.com/sardinian-products/bread-and-pasta">Bread and pasta</a>
                </li>
                <li>
                    <a class="estDynamic" href="https://www.spesati.com/sardinian-products/fish">Fish</a>
                </li>
                <li>
                    <a class="estDynamic" href="https://www.spesati.com/sardinian-products/cured-meat">Cured meat</a>
                </li>
                <li>
                    <a class="estDynamic" href="https://www.spesati.com/sardinian-products/shelf">Cupboard</a>
                </li>
                <li>
                    <a class="estDynamic" href="https://www.spesati.com/sardinian-products/vermentino-wine">Vermentino wine</a>
                </li>
                <li>
                    <a class="estDynamic" href="https://www.spesati.com/sardinian-products/wine-beer-and-spirits">Wine beer and spirits</a>
                </li>
            </ul>
        </li>
    </ul>
</div>    <div class="colRight">
        <div class="title mobile">
	<a href="https://www.spesati.com/pet"><i class="fa red fa-angle-left fa-3x mobile" aria-hidden="true"></i></a>
	<h2>
		<b>
			pet food cats		</b>
	</h2>
</div>

<div class="breadcrumb bgGrey internal">
	<p>
		<b>
			<a href="https://www.spesati.com/">Home</a>
												&gt; <a href="https://www.spesati.com/pet">Pets</a>
																&gt; Pet food cats									</b>
	</p>
	<div>
		<p>Order by</p>
		<select name="orderProd" id="orderProd">
			<option disabled="disabled" selected="selected">- Choose -</option>
			<option value="nameAsc">Name (A - Z)</option>
			<option value="nameDes">Name (Z - A)</option>
			<option value="priceHigh">Price - High to low</option>
			<option value="priceLow">Price - Low to high</option>
			<option value="soldAsc">Best Selling</option>
			<option value="available">Availability</option>
		</select>
	</div>
</div>
        <div class="containerProduct">
            <div class="left product prod1"
        data-name="Kitekat Manzo Salsa Bst 85gr"
        data-price="0.73"
        data-id="86748"
        data-available="yes"
        data-category="1"
        data-bestselling="">
    <a href="https://www.spesati.com/kitekat-manzo-salsa-bst-85gr">
        <div style="background-image: url('https://cdn.spesati.com/images/products/000446513/kitekat-cibo-umido-gatto-con-manzo-in-salsa-bustina-85g-01.png')">
            <div class="hover"></div>
            
            <div class="stickers"></div>
        </div>
    </a>
    <div>
        <h4><a href="https://www.spesati.com/kitekat-manzo-salsa-bst-85gr"><b>Kitekat Manzo Salsa Bst 85gr</b></a></h4>
        <p class="description">Kitekat Cibo Umido Gatto con Manzo in Salsa Bustina 85g</p>
        <p class="right price"><b>0.73 €</b></p>
        <p class="right unitPrice">8.14 € per kg</p>
    </div>
    <div class="contButton">
    <a class="button bgRed white addToCart" href="#">Add</a>
</div>
</div><div class="left product prod2"
        data-name="Crocc Ultim Cat Steril Pol 440"
        data-price="2.99"
        data-id="84748"
        data-available="yes"
        data-category="1"
        data-bestselling="">
    <a href="https://www.spesati.com/crocc-ultim-cat-steril-pol-440">
        <div style="background-image: url('https://cdn.spesati.com/images/products/000446361/ultima-cat-sterilizzati-adulto-1-10-anni-pollo-440-g-01.png')">
            <div class="hover"></div>
            
            <div class="stickers"></div>
        </div>
    </a>
    <div>
        <h4><a href="https://www.spesati.com/crocc-ultim-cat-steril-pol-440"><b>Crocc Ultim Cat Steril Pol 440</b></a></h4>
        <p class="description">ultima Cat Sterilizzati Adulto 1-10 Anni Pollo 440 g</p>
        <p class="right price"><b>2.99 €</b></p>
        <p class="right unitPrice">6.80 € per kg</p>
    </div>
    <div class="contButton">
    <a class="button bgRed white addToCart" href="#">Add</a>
</div>
</div><div class="left product prod3"
        data-name="Crocc Ultim Cat Appet Diff 440"
        data-price="2.99"
        data-id="84745"
        data-available="yes"
        data-category="1"
        data-bestselling="1">
    <a href="https://www.spesati.com/crocc-ultim-cat-appet-diff-440">
        <div style="background-image: url('https://cdn.spesati.com/images/products/000446360/ultima-cat-appetito-difficile-trota-440-g-01.png')">
            <div class="hover"></div>
            <p class="arrow bgRed white">Best Seller</p>
            <div class="stickers"></div>
        </div>
    </a>
    <div>
        <h4><a href="https://www.spesati.com/crocc-ultim-cat-appet-diff-440"><b>Crocc Ultim Cat Appet Diff 440</b></a></h4>
        <p class="description">ultima Cat Appetito Difficile Trota 440 g</p>
        <p class="right price"><b>2.99 €</b></p>
        <p class="right unitPrice">6.80 € per kg</p>
    </div>
    <div class="contButton">
    <a class="button bgRed white addToCart" href="#">Add</a>
</div>
</div><div class="left product prod4"
        data-name="Crocc Ultima Cat Urinary 440gr"
        data-price="2.99"
        data-id="84742"
        data-available="yes"
        data-category="1"
        data-bestselling="">
    <a href="https://www.spesati.com/crocc-ultima-cat-urinary-440gr">
        <div style="background-image: url('https://cdn.spesati.com/images/products/000446359/ultima-cat-tratto-urinario-pollo-440-g-01.png')">
            <div class="hover"></div>
            
            <div class="stickers"></div>
        </div>
    </a>
    <div>
        <h4><a href="https://www.spesati.com/crocc-ultima-cat-urinary-440gr"><b>Crocc Ultima Cat Urinary 440gr</b></a></h4>
        <p class="description">ultima Cat Tratto Urinario Pollo 440 g</p>
        <p class="right price"><b>2.99 €</b></p>
        <p class="right unitPrice">6.80 € per kg</p>
    </div>
    <div class="contButton">
    <a class="button bgRed white addToCart" href="#">Add</a>
</div>
</div><div class="left product prod5"
        data-name="Crocc Ultima Cat Hairbal 440gr"
        data-price="2.99"
        data-id="84739"
        data-available="yes"
        data-category="1"
        data-bestselling="1">
    <a href="https://www.spesati.com/crocc-ultima-cat-hairbal-440gr">
        <div style="background-image: url('https://cdn.spesati.com/images/products/000446358/ultima-cat-palline-di-pelo-tacchino-440-g-01.png')">
            <div class="hover"></div>
            <p class="arrow bgRed white">Best Seller</p>
            <div class="stickers"></div>
        </div>
    </a>
    <div>
        <h4><a href="https://www.spesati.com/crocc-ultima-cat-hairbal-440gr"><b>Crocc Ultima Cat Hairbal 440gr</b></a></h4>
        <p class="description">ultima Cat Palline di Pelo Tacchino 440 g</p>
        <p class="right price"><b>2.99 €</b></p>
        <p class="right unitPrice">6.80 € per kg</p>
    </div>
    <div class="contButton">
    <a class="button bgRed white addToCart" href="#">Add</a>
</div>
</div><div class="left product prod6"
        data-name="Croc Ultima Cat Manz/ris 440gr"
        data-price="2.99"
        data-id="84507"
        data-available="yes"
        data-category="1"
        data-bestselling="1">
    <a href="https://www.spesati.com/croc-ultima-cat-manzris-440gr">
        <div style="background-image: url('https://cdn.spesati.com/images/products/000446357/ultima-cat-adulto-1-10-anni-manzo-440-g-01.png')">
            <div class="hover"></div>
            <p class="arrow bgRed white">Best Seller</p>
            <div class="stickers"></div>
        </div>
    </a>
    <div>
        <h4><a href="https://www.spesati.com/croc-ultima-cat-manzris-440gr"><b>Croc Ultima Cat Manz/ris 440gr</b></a></h4>
        <p class="description">ultima Cat Adulto 1-10 Anni Manzo 440 g</p>
        <p class="right price"><b>2.99 €</b></p>
        <p class="right unitPrice">6.80 € per kg</p>
    </div>
    <div class="contButton">
    <a class="button bgRed white addToCart" href="#">Add</a>
</div>
</div><div class="left product prod7"
        data-name="Croc Ultima Cat Salm/ris 440gr"
        data-price="2.99"
        data-id="84504"
        data-available="yes"
        data-category="1"
        data-bestselling="2">
    <a href="https://www.spesati.com/croc-ultima-cat-salmris-440gr">
        <div style="background-image: url('https://cdn.spesati.com/images/products/000446356/ultima-cat-adulto-1-10-anni-salmone-440-g-01.png')">
            <div class="hover"></div>
            <p class="arrow bgRed white">Best Seller</p>
            <div class="stickers"></div>
        </div>
    </a>
    <div>
        <h4><a href="https://www.spesati.com/croc-ultima-cat-salmris-440gr"><b>Croc Ultima Cat Salm/ris 440gr</b></a></h4>
        <p class="description">ultima Cat Adulto 1-10 Anni Salmone 440 g</p>
        <p class="right price"><b>2.99 €</b></p>
        <p class="right unitPrice">6.80 € per kg</p>
    </div>
    <div class="contButton">
    <a class="button bgRed white addToCart" href="#">Add</a>
</div>
</div><div class="left product prod8"
        data-name="Crocc Ultima Cat Pol/ris 440gr"
        data-price="2.99"
        data-id="84501"
        data-available="yes"
        data-category="1"
        data-bestselling="">
    <a href="https://www.spesati.com/crocc-ultima-cat-polris-440gr">
        <div style="background-image: url('https://cdn.spesati.com/images/products/000446355/ultima-cat-adulto-1-10-anni-pollo-440-g-01.png')">
            <div class="hover"></div>
            
            <div class="stickers"></div>
        </div>
    </a>
    <div>
        <h4><a href="https://www.spesati.com/crocc-ultima-cat-polris-440gr"><b>Crocc Ultima Cat Pol/ris 440gr</b></a></h4>
        <p class="description">ultima Cat Adulto 1-10 Anni Pollo 440 g</p>
        <p class="right price"><b>2.99 €</b></p>
        <p class="right unitPrice">6.80 € per kg</p>
    </div>
    <div class="contButton">
    <a class="button bgRed white addToCart" href="#">Add</a>
</div>
</div><div class="left product prod9"
        data-name="Felix Sensat Salsa Pesci  4x85"
        data-price="2.99"
        data-id="76248"
        data-available="yes"
        data-category="1"
        data-bestselling="1">
    <a href="https://www.spesati.com/felix-sensat-salsa-pesci-4x85">
        <div style="background-image: url('https://cdn.spesati.com/images/products/000436144/felix-sensations-sauces-selezioni-con-pesci-in-salsa-salmone-sardine-4-x-85-g-01.png')">
            <div class="hover"></div>
            <p class="arrow bgRed white">Best Seller</p>
            <div class="stickers"></div>
        </div>
    </a>
    <div>
        <h4><a href="https://www.spesati.com/felix-sensat-salsa-pesci-4x85"><b>Felix Sensat Salsa Pesci  4x85</b></a></h4>
        <p class="description">FELIX Sensations Sauces Selezioni con Pesci in salsa (Salmone & Sardine) 4 x 85 g</p>
        <p class="right price"><b>2.99 €</b></p>
        <p class="right unitPrice">8.80 € per kg</p>
    </div>
    <div class="contButton">
    <a class="button bgRed white addToCart" href="#">Add</a>
</div>
</div><div class="left product prod10"
        data-name="Felix Sensations Sal/tro 4x85g"
        data-price="2.99"
        data-id="76245"
        data-available="yes"
        data-category="1"
        data-bestselling="1">
    <a href="https://www.spesati.com/felix-sensations-saltro-4x85g">
        <div style="background-image: url('https://cdn.spesati.com/images/products/000436142/felix-sensations-jellies-selezioni-con-pesci-in-gelatina-salmone-trota-4-x-85-g-01.png')">
            <div class="hover"></div>
            <p class="arrow bgRed white">Best Seller</p>
            <div class="stickers"></div>
        </div>
    </a>
    <div>
        <h4><a href="https://www.spesati.com/felix-sensations-saltro-4x85g"><b>Felix Sensations Sal/tro 4x85g</b></a></h4>
        <p class="description">FELIX Sensations Jellies Selezioni con Pesci in gelatina (Salmone & Trota) 4 x 85 g</p>
        <p class="right price"><b>2.99 €</b></p>
        <p class="right unitPrice">8.80 € per kg</p>
    </div>
    <div class="contButton">
    <a class="button bgRed white addToCart" href="#">Add</a>
</div>
</div><div class="left product prod11"
        data-name="Felix Sensations Man/pol 4x85g"
        data-price="2.99"
        data-id="76242"
        data-available="yes"
        data-category="1"
        data-bestselling="">
    <a href="https://www.spesati.com/felix-sensations-manpol-4x85g">
        <div style="background-image: url('https://cdn.spesati.com/images/products/000436141/felix-sensations-jellies-selezioni-deliziose-in-gelatina-manzopomodoro-pollocarote-4-x-85-g-01.png')">
            <div class="hover"></div>
            
            <div class="stickers"></div>
        </div>
    </a>
    <div>
        <h4><a href="https://www.spesati.com/felix-sensations-manpol-4x85g"><b>Felix Sensations Man/pol 4x85g</b></a></h4>
        <p class="description">FELIX Sensations Jellies Selezioni Deliziose in gelatina (Manzo/Pomodoro & Pollo/Carote) 4 x 85 g</p>
        <p class="right price"><b>2.99 €</b></p>
        <p class="right unitPrice">8.80 € per kg</p>
    </div>
    <div class="contButton">
    <a class="button bgRed white addToCart" href="#">Add</a>
</div>
</div><div class="left product prod12"
        data-name="Felix Le Ghiott Man/pol 4x85"
        data-price="2.99"
        data-id="76239"
        data-available="yes"
        data-category="1"
        data-bestselling="1">
    <a href="https://www.spesati.com/felix-le-ghiott-manpol-4x85">
        <div style="background-image: url('https://cdn.spesati.com/images/products/000436139/felix-le-ghiottonerie-selezioni-deliziose-in-gelatina-manzo-pollo-4-x-85-g-01.png')">
            <div class="hover"></div>
            <p class="arrow bgRed white">Best Seller</p>
            <div class="stickers"></div>
        </div>
    </a>
    <div>
        <h4><a href="https://www.spesati.com/felix-le-ghiott-manpol-4x85"><b>Felix Le Ghiott Man/pol 4x85</b></a></h4>
        <p class="description">FELIX Le Ghiottonerie Selezioni deliziose in Gelatina (Manzo & Pollo) 4 x 85 g</p>
        <p class="right price"><b>2.99 €</b></p>
        <p class="right unitPrice">8.80 € per kg</p>
    </div>
    <div class="contButton">
    <a class="button bgRed white addToCart" href="#">Add</a>
</div>
</div><div class="left product prod13"
        data-name="Felix Ghiot Verdur/carne  4x85"
        data-price="2.99"
        data-id="76236"
        data-available="yes"
        data-category="1"
        data-bestselling="3">
    <a href="https://www.spesati.com/felix-ghiot-verdurcarne-4x85">
        <div style="background-image: url('https://cdn.spesati.com/images/products/000436138/felix-le-ghiottonerie-selezioni-con-verdure-in-gelatina-manzocarote-pollopomodoro-4-x-85-g-01.png')">
            <div class="hover"></div>
            <p class="arrow bgRed white">Best Seller</p>
            <div class="stickers"></div>
        </div>
    </a>
    <div>
        <h4><a href="https://www.spesati.com/felix-ghiot-verdurcarne-4x85"><b>Felix Ghiot Verdur/carne  4x85</b></a></h4>
        <p class="description">FELIX Le Ghiottonerie Selezioni con Verdure in Gelatina (Manzo/Carote & Pollo/Pomodoro) 4 x 85 g</p>
        <p class="right price"><b>2.99 €</b></p>
        <p class="right unitPrice">8.80 € per kg</p>
    </div>
    <div class="contButton">
    <a class="button bgRed white addToCart" href="#">Add</a>
</div>
</div><div class="left product prod14"
        data-name="Felix Ghiot Verdur/pesce 4x85g"
        data-price="2.99"
        data-id="76233"
        data-available="yes"
        data-category="1"
        data-bestselling="5">
    <a href="https://www.spesati.com/felix-ghiot-verdurpesce-4x85g">
        <div style="background-image: url('https://cdn.spesati.com/images/products/000436137/felix-le-ghiottonerie-selezioni-con-verdure-in-gelatina-salmonezucchine-trotafagiolini-4-x-85g-01.png')">
            <div class="hover"></div>
            <p class="arrow bgRed white">Best Seller</p>
            <div class="stickers"></div>
        </div>
    </a>
    <div>
        <h4><a href="https://www.spesati.com/felix-ghiot-verdurpesce-4x85g"><b>Felix Ghiot Verdur/pesce 4x85g</b></a></h4>
        <p class="description">FELIX Le Ghiottonerie Selezioni con Verdure in Gelatina (Salmone/Zucchine & Trota/Fagiolini) 4 x 85g</p>
        <p class="right price"><b>2.99 €</b></p>
        <p class="right unitPrice">8.80 € per kg</p>
    </div>
    <div class="contButton">
    <a class="button bgRed white addToCart" href="#">Add</a>
</div>
</div><div class="left product prod15"
        data-name="Adoc Cat Pollo Bio 85gr"
        data-price="1.49"
        data-id="65244"
        data-available="yes"
        data-category="1"
        data-bestselling="">
    <a href="https://www.spesati.com/adoc-cat-pollo-bio-85gr">
        <div style="background-image: url('https://cdn.spesati.com/images/products/000435755/adoc-tonnetto-con-prosciutto-85-g-01.png')">
            <div class="hover"></div>
            
            <div class="stickers"></div>
        </div>
    </a>
    <div>
        <h4><a href="https://www.spesati.com/adoc-cat-pollo-bio-85gr"><b>Adoc Cat Pollo Bio 85gr</b></a></h4>
        <p class="description">ADoC Tonnetto con Prosciutto 85 g</p>
        <p class="right price"><b>1.49 €</b></p>
        <p class="right unitPrice">16.56 € per kg</p>
    </div>
    <div class="contButton">
    <a class="button bgRed white addToCart" href="#">Add</a>
</div>
</div><div class="left product prod16"
        data-name="Adoc Cat Maiale Bio 85gr"
        data-price="1.49"
        data-id="65241"
        data-available="yes"
        data-category="1"
        data-bestselling="4">
    <a href="https://www.spesati.com/adoc-cat-maiale-bio-85gr">
        <div style="background-image: url('https://cdn.spesati.com/images/products/000435754/adoc-naturally-premium-filetti-di-tonnetto-con-gamberetti-85-g-01.png')">
            <div class="hover"></div>
            <p class="arrow bgRed white">Best Seller</p>
            <div class="stickers"></div>
        </div>
    </a>
    <div>
        <h4><a href="https://www.spesati.com/adoc-cat-maiale-bio-85gr"><b>Adoc Cat Maiale Bio 85gr</b></a></h4>
        <p class="description">ADoC Naturally Premium Filetti di Tonnetto con Gamberetti 85 g</p>
        <p class="right price"><b>1.49 €</b></p>
        <p class="right unitPrice">16.56 € per kg</p>
    </div>
    <div class="contButton">
    <a class="button bgRed white addToCart" href="#">Add</a>
</div>
</div><div class="left product prod17"
        data-name="Whiskas Cat Jun Pollo Dry 300g"
        data-price="2.59"
        data-id="60996"
        data-available="yes"
        data-category="1"
        data-bestselling="">
    <a href="https://www.spesati.com/whiskas-cat-jun-pollo-dry-300g">
        <div style="background-image: url('https://cdn.spesati.com/images/products/000435675/whiskas-junior-crocchette-con-delizioso-pollo-300-g-01.png')">
            <div class="hover"></div>
            
            <div class="stickers"></div>
        </div>
    </a>
    <div>
        <h4><a href="https://www.spesati.com/whiskas-cat-jun-pollo-dry-300g"><b>Whiskas Cat Jun Pollo Dry 300g</b></a></h4>
        <p class="description">Whiskas Junior Crocchette con delizioso Pollo 300 g</p>
        <p class="right price"><b>2.59 €</b></p>
        <p class="right unitPrice">8.64 € per kg</p>
    </div>
    <div class="contButton">
    <a class="button bgRed white addToCart" href="#">Add</a>
</div>
</div><div class="left product prod18"
        data-name="Whiskas Cat 1+ Pollo Dry 300gr"
        data-price="2.59"
        data-id="60993"
        data-available="yes"
        data-category="1"
        data-bestselling="">
    <a href="https://www.spesati.com/whiskas-cat-1-pollo-dry-300gr">
        <div style="background-image: url('https://cdn.spesati.com/images/products/000435674/whiskas-crocchette-con-delizioso-pollo-300-g-01.png')">
            <div class="hover"></div>
            
            <div class="stickers"></div>
        </div>
    </a>
    <div>
        <h4><a href="https://www.spesati.com/whiskas-cat-1-pollo-dry-300gr"><b>Whiskas Cat 1+ Pollo Dry 300gr</b></a></h4>
        <p class="description">Whiskas Crocchette con delizioso Pollo 300 g</p>
        <p class="right price"><b>2.59 €</b></p>
        <p class="right unitPrice">8.64 € per kg</p>
    </div>
    <div class="contButton">
    <a class="button bgRed white addToCart" href="#">Add</a>
</div>
</div><div class="left product prod19"
        data-name="Whiskas Cat 1+ Manzo Dry 300gr"
        data-price="2.59"
        data-id="60990"
        data-available="yes"
        data-category="1"
        data-bestselling="">
    <a href="https://www.spesati.com/whiskas-cat-1-manzo-dry-300gr">
        <div style="background-image: url('https://cdn.spesati.com/images/products/000435673/whiskas-1-anni-con-manzo-300-g-01.png')">
            <div class="hover"></div>
            
            <div class="stickers"></div>
        </div>
    </a>
    <div>
        <h4><a href="https://www.spesati.com/whiskas-cat-1-manzo-dry-300gr"><b>Whiskas Cat 1+ Manzo Dry 300gr</b></a></h4>
        <p class="description">whiskas 1+ Anni con Manzo 300 g</p>
        <p class="right price"><b>2.59 €</b></p>
        <p class="right unitPrice">8.64 € per kg</p>
    </div>
    <div class="contButton">
    <a class="button bgRed white addToCart" href="#">Add</a>
</div>
</div><div class="left product prod20"
        data-name="Crocc Simba Gatto Manzo 2kg"
        data-price="5.69"
        data-id="84947"
        data-available="yes"
        data-category="1"
        data-bestselling="1">
    <a href="https://www.spesati.com/crocc-simba-gatto-manzo-2kg">
        <div style="background-image: url('https://cdn.spesati.com/images/products/000403165/simba-croccantini-con-manzo-2-kg-01.png')">
            <div class="hover"></div>
            <p class="arrow bgRed white">Best Seller</p>
            <div class="stickers"></div>
        </div>
    </a>
    <div>
        <h4><a href="https://www.spesati.com/crocc-simba-gatto-manzo-2kg"><b>Crocc Simba Gatto Manzo 2kg</b></a></h4>
        <p class="description">Simba Croccantini con Manzo 2 kg</p>
        <p class="right price"><b>5.69 €</b></p>
        <p class="right unitPrice">2.84 € per kg</p>
    </div>
    <div class="contButton">
    <a class="button bgRed white addToCart" href="#">Add</a>
</div>
</div><div class="left product prod21"
        data-name="Crocc Simba Gatto Pollo 2kg"
        data-price="5.69"
        data-id="84944"
        data-available="yes"
        data-category="1"
        data-bestselling="">
    <a href="https://www.spesati.com/crocc-simba-gatto-pollo-2kg">
        <div style="background-image: url('https://cdn.spesati.com/images/products/000403164/simba-croccantini-con-pollo-2-kg-01.png')">
            <div class="hover"></div>
            
            <div class="stickers"></div>
        </div>
    </a>
    <div>
        <h4><a href="https://www.spesati.com/crocc-simba-gatto-pollo-2kg"><b>Crocc Simba Gatto Pollo 2kg</b></a></h4>
        <p class="description">Simba Croccantini con Pollo 2 kg</p>
        <p class="right price"><b>5.69 €</b></p>
        <p class="right unitPrice">2.84 € per kg</p>
    </div>
    <div class="contButton">
    <a class="button bgRed white addToCart" href="#">Add</a>
</div>
</div><div class="left product prod22"
        data-name="Simba Gatto Bocconcini Tonno 415Gr"
        data-price="0.89"
        data-id="5490"
        data-available="yes"
        data-category="1"
        data-bestselling="">
    <a href="https://www.spesati.com/simba-gatto-bocconcini-tonno-415gr">
        <div style="background-image: url('https://cdn.spesati.com/images/products/000402749/simba-bocconcini-con-tonno-415-g-01.png')">
            <div class="hover"></div>
            
            <div class="stickers"></div>
        </div>
    </a>
    <div>
        <h4><a href="https://www.spesati.com/simba-gatto-bocconcini-tonno-415gr"><b>Simba Gatto Bocconcini Tonno 415Gr</b></a></h4>
        <p class="description">Simba Bocconcini con Tonno 415 g</p>
        <p class="right price"><b>0.89 €</b></p>
        <p class="right unitPrice">2.15 € per kg</p>
    </div>
    <div class="contButton">
    <a class="button bgRed white addToCart" href="#">Add</a>
</div>
</div><div class="left product prod23"
        data-name="Simba Gatto Bocconcini Coniglio 415Gr"
        data-price="0.89"
        data-id="5491"
        data-available="yes"
        data-category="1"
        data-bestselling="">
    <a href="https://www.spesati.com/simba-gatto-bocconcini-coniglio-415gr">
        <div style="background-image: url('https://cdn.spesati.com/images/products/000402748/simba-bocconcini-adult-con-coniglio-415-g-01.png')">
            <div class="hover"></div>
            
            <div class="stickers"></div>
        </div>
    </a>
    <div>
        <h4><a href="https://www.spesati.com/simba-gatto-bocconcini-coniglio-415gr"><b>Simba Gatto Bocconcini Coniglio 415Gr</b></a></h4>
        <p class="description">Simba Bocconcini Adult con Coniglio 415 g</p>
        <p class="right price"><b>0.89 €</b></p>
        <p class="right unitPrice">2.15 € per kg</p>
    </div>
    <div class="contButton">
    <a class="button bgRed white addToCart" href="#">Add</a>
</div>
</div><div class="left product prod24"
        data-name="Bocconc Gatto Simba Pol 415gr"
        data-price="0.89"
        data-id="32735"
        data-available="yes"
        data-category="1"
        data-bestselling="">
    <a href="https://www.spesati.com/bocconc-gatto-simba-pol-415gr">
        <div style="background-image: url('https://cdn.spesati.com/images/products/000402747/simba-bocconcini-adult-con-pollo-415-g-01.png')">
            <div class="hover"></div>
            
            <div class="stickers"></div>
        </div>
    </a>
    <div>
        <h4><a href="https://www.spesati.com/bocconc-gatto-simba-pol-415gr"><b>Bocconc Gatto Simba Pol 415gr</b></a></h4>
        <p class="description">Simba Bocconcini Adult con Pollo 415 g</p>
        <p class="right price"><b>0.89 €</b></p>
        <p class="right unitPrice">2.15 € per kg</p>
    </div>
    <div class="contButton">
    <a class="button bgRed white addToCart" href="#">Add</a>
</div>
</div><div class="left product prod25"
        data-name="Simba Gatto Bocconcini Vitello 415Gr"
        data-price="0.89"
        data-id="5492"
        data-available="yes"
        data-category="1"
        data-bestselling="">
    <a href="https://www.spesati.com/simba-gatto-bocconcini-vitello-415gr">
        <div style="background-image: url('https://cdn.spesati.com/images/products/000402746/simba-bocconcini-adult-con-manzo-415-g-01.png')">
            <div class="hover"></div>
            
            <div class="stickers"></div>
        </div>
    </a>
    <div>
        <h4><a href="https://www.spesati.com/simba-gatto-bocconcini-vitello-415gr"><b>Simba Gatto Bocconcini Vitello 415Gr</b></a></h4>
        <p class="description">Simba Bocconcini Adult con Manzo 415 g</p>
        <p class="right price"><b>0.89 €</b></p>
        <p class="right unitPrice">2.15 € per kg</p>
    </div>
    <div class="contButton">
    <a class="button bgRed white addToCart" href="#">Add</a>
</div>
</div><div class="left product prod26"
        data-name="Croccantini Bonta Pesce 400Gr"
        data-price="1.69"
        data-id="6285"
        data-available="yes"
        data-category="1"
        data-bestselling="">
    <a href="https://www.spesati.com/croccantini-bonta-pesce-400gr">
        <div style="background-image: url('https://cdn.spesati.com/images/products/000402727/gran-bonta-croccantini-con-pesce-400-g-01.png')">
            <div class="hover"></div>
            
            <div class="stickers"></div>
        </div>
    </a>
    <div>
        <h4><a href="https://www.spesati.com/croccantini-bonta-pesce-400gr"><b>Croccantini Bonta Pesce 400Gr</b></a></h4>
        <p class="description">Gran Bontà Croccantini con pesce 400 g</p>
        <p class="right price"><b>1.69 €</b></p>
        <p class="right unitPrice">4.22 € per kg</p>
    </div>
    <div class="contButton">
    <a class="button bgRed white addToCart" href="#">Add</a>
</div>
</div><div class="left product prod27"
        data-name="Croccantini Bonta Pollo Gatto 400Gr"
        data-price="1.69"
        data-id="5473"
        data-available="yes"
        data-category="1"
        data-bestselling="">
    <a href="https://www.spesati.com/croccantini-bonta-pollo-gatto-400gr">
        <div style="background-image: url('https://cdn.spesati.com/images/products/000402726/gran-bonta-croccantini-con-pollo-400-g-01.png')">
            <div class="hover"></div>
            
            <div class="stickers"></div>
        </div>
    </a>
    <div>
        <h4><a href="https://www.spesati.com/croccantini-bonta-pollo-gatto-400gr"><b>Croccantini Bonta Pollo Gatto 400Gr</b></a></h4>
        <p class="description">Gran Bontà Croccantini con pollo 400 g</p>
        <p class="right price"><b>1.69 €</b></p>
        <p class="right unitPrice">4.22 € per kg</p>
    </div>
    <div class="contButton">
    <a class="button bgRed white addToCart" href="#">Add</a>
</div>
</div><div class="left product prod28"
        data-name="Croccantini Bonta Carne Gatto 400Gr"
        data-price="1.69"
        data-id="5474"
        data-available="yes"
        data-category="1"
        data-bestselling="">
    <a href="https://www.spesati.com/croccantini-bonta-carne-gatto-400gr">
        <div style="background-image: url('https://cdn.spesati.com/images/products/000402725/gran-bonta-croccantini-con-carne-400-g-01.png')">
            <div class="hover"></div>
            
            <div class="stickers"></div>
        </div>
    </a>
    <div>
        <h4><a href="https://www.spesati.com/croccantini-bonta-carne-gatto-400gr"><b>Croccantini Bonta Carne Gatto 400Gr</b></a></h4>
        <p class="description">Gran Bontà Croccantini con carne 400 g</p>
        <p class="right price"><b>1.69 €</b></p>
        <p class="right unitPrice">4.22 € per kg</p>
    </div>
    <div class="contButton">
    <a class="button bgRed white addToCart" href="#">Add</a>
</div>
</div><div class="left product prod29"
        data-name="Whiskas Temptations Salm 60gr"
        data-price="2.85"
        data-id="32709"
        data-available="yes"
        data-category="1"
        data-bestselling="">
    <a href="https://www.spesati.com/whiskas-temptations-salm-60gr">
        <div style="background-image: url('https://cdn.spesati.com/images/products/000402412/whiskas-temptations-snack-gatto-con-salmone-60-g-01.png')">
            <div class="hover"></div>
            
            <div class="stickers"></div>
        </div>
    </a>
    <div>
        <h4><a href="https://www.spesati.com/whiskas-temptations-salm-60gr"><b>Whiskas Temptations Salm 60gr</b></a></h4>
        <p class="description">Whiskas Temptations Snack Gatto con Salmone 60 g</p>
        <p class="right price"><b>2.85 €</b></p>
        <p class="right unitPrice">47.49 € per kg</p>
    </div>
    <div class="contButton">
    <a class="button bgRed white addToCart" href="#">Add</a>
</div>
</div><div class="left product prod30"
        data-name="Whiskas Straccet Assortit 4x85"
        data-price="2.99"
        data-id="32707"
        data-available="yes"
        data-category="1"
        data-bestselling="">
    <a href="https://www.spesati.com/whiskas-straccet-assortit-4x85">
        <div style="background-image: url('https://cdn.spesati.com/images/products/000402410/whiskas-pure-delight-menu-assortito-in-gelatina-con-pollo-con-salmone-4-x-85-g-01.png')">
            <div class="hover"></div>
            
            <div class="stickers"></div>
        </div>
    </a>
    <div>
        <h4><a href="https://www.spesati.com/whiskas-straccet-assortit-4x85"><b>Whiskas Straccet Assortit 4x85</b></a></h4>
        <p class="description">Whiskas Pure Delight Menù Assortito in gelatina con pollo, con salmone 4 x 85 g</p>
        <p class="right price"><b>2.99 €</b></p>
        <p class="right unitPrice">8.80 € per kg</p>
    </div>
    <div class="contButton">
    <a class="button bgRed white addToCart" href="#">Add</a>
</div>
</div><div class="left product prod31"
        data-name="Whiskas Straccet Gustoso 4x85g"
        data-price="2.99"
        data-id="32706"
        data-available="yes"
        data-category="1"
        data-bestselling="">
    <a href="https://www.spesati.com/whiskas-straccet-gustoso-4x85g">
        <div style="background-image: url('https://cdn.spesati.com/images/products/000402407/whiskas-duo-cibo-umido-gatto-mix-gustoso-in-gelatina-manzo-pollame-agnello-anatra-4-x-85-g-01.png')">
            <div class="hover"></div>
            
            <div class="stickers"></div>
        </div>
    </a>
    <div>
        <h4><a href="https://www.spesati.com/whiskas-straccet-gustoso-4x85g"><b>Whiskas Straccet Gustoso 4x85g</b></a></h4>
        <p class="description">Whiskas Duo Cibo Umido Gatto Mix Gustoso in Gelatina Manzo & Pollame, Agnello & Anatra 4 x 85 g</p>
        <p class="right price"><b>2.99 €</b></p>
        <p class="right unitPrice">8.80 € per kg</p>
    </div>
    <div class="contButton">
    <a class="button bgRed white addToCart" href="#">Add</a>
</div>
</div><div class="left product prod32"
        data-name="Whiskas Pranzetti Carni Miste 6X50Gr"
        data-price="3.99"
        data-id="6897"
        data-available="yes"
        data-category="1"
        data-bestselling="">
    <a href="https://www.spesati.com/whiskas-pranzetti-carni-miste-6x50gr">
        <div style="background-image: url('https://cdn.spesati.com/images/products/000402402/whiskas-pranzetti-cibo-umido-gatto-con-manzo-e-agnello-in-salsa-6-x-50-g-01.png')">
            <div class="hover"></div>
            
            <div class="stickers"></div>
        </div>
    </a>
    <div>
        <h4><a href="https://www.spesati.com/whiskas-pranzetti-carni-miste-6x50gr"><b>Whiskas Pranzetti Carni Miste 6X50Gr</b></a></h4>
        <p class="description">Whiskas Pranzetti Cibo Umido Gatto con Manzo e Agnello in Salsa 6 x 50 g</p>
        <p class="right price"><b>3.99 €</b></p>
        <p class="right unitPrice">13.30 € per kg</p>
    </div>
    <div class="contButton">
    <a class="button bgRed white addToCart" href="#">Add</a>
</div>
</div><div class="left product prod33"
        data-name="Gourmet Gold Pesce Bianco 85gr"
        data-price="1.21"
        data-id="32705"
        data-available="yes"
        data-category="1"
        data-bestselling="2">
    <a href="https://www.spesati.com/gourmet-gold-pesce-bianco-85gr">
        <div style="background-image: url('https://cdn.spesati.com/images/products/000402366/purina-gourmet-gold-mousse-con-pesce-delloceano-85-g-01.png')">
            <div class="hover"></div>
            <p class="arrow bgRed white">Best Seller</p>
            <div class="stickers"></div>
        </div>
    </a>
    <div>
        <h4><a href="https://www.spesati.com/gourmet-gold-pesce-bianco-85gr"><b>Gourmet Gold Pesce Bianco 85gr</b></a></h4>
        <p class="description">PURINA GOURMET Gold Mousse con Pesce dell'Oceano 85 g</p>
        <p class="right price"><b>1.21 €</b></p>
        <p class="right unitPrice">14.27 € per kg</p>
    </div>
    <div class="contButton">
    <a class="button bgRed white addToCart" href="#">Add</a>
</div>
</div><div class="left product prod34"
        data-name="Gourmet Gold Manzo 85gr"
        data-price="1.21"
        data-id="32704"
        data-available="yes"
        data-category="1"
        data-bestselling="">
    <a href="https://www.spesati.com/gourmet-gold-manzo-85gr">
        <div style="background-image: url('https://cdn.spesati.com/images/products/000402365/purina-gourmet-gold-mousse-con-manzo-85-g-01.png')">
            <div class="hover"></div>
            
            <div class="stickers"></div>
        </div>
    </a>
    <div>
        <h4><a href="https://www.spesati.com/gourmet-gold-manzo-85gr"><b>Gourmet Gold Manzo 85gr</b></a></h4>
        <p class="description">PURINA GOURMET Gold Mousse con Manzo 85 g</p>
        <p class="right price"><b>1.21 €</b></p>
        <p class="right unitPrice">14.27 € per kg</p>
    </div>
    <div class="contButton">
    <a class="button bgRed white addToCart" href="#">Add</a>
</div>
</div><div class="left product prod35"
        data-name="Gourmet Gold Pollo 85gr"
        data-price="1.21"
        data-id="32703"
        data-available="yes"
        data-category="1"
        data-bestselling="2">
    <a href="https://www.spesati.com/gourmet-gold-pollo-85gr">
        <div style="background-image: url('https://cdn.spesati.com/images/products/000402364/purina-gourmet-gold-mousse-con-pollo-85-g-01.png')">
            <div class="hover"></div>
            <p class="arrow bgRed white">Best Seller</p>
            <div class="stickers"></div>
        </div>
    </a>
    <div>
        <h4><a href="https://www.spesati.com/gourmet-gold-pollo-85gr"><b>Gourmet Gold Pollo 85gr</b></a></h4>
        <p class="description">PURINA GOURMET Gold Mousse con Pollo 85 g</p>
        <p class="right price"><b>1.21 €</b></p>
        <p class="right unitPrice">14.27 € per kg</p>
    </div>
    <div class="contButton">
    <a class="button bgRed white addToCart" href="#">Add</a>
</div>
</div><div class="left product prod36"
        data-name="Gourmet Gold Salm-pollo 85gr"
        data-price="1.21"
        data-id="32702"
        data-available="yes"
        data-category="1"
        data-bestselling="3">
    <a href="https://www.spesati.com/gourmet-gold-salm-pollo-85gr">
        <div style="background-image: url('https://cdn.spesati.com/images/products/000402362/purina-gourmet-gold-dadini-in-salsa-con-salmone-e-pollo-85-g-01.png')">
            <div class="hover"></div>
            <p class="arrow bgRed white">Best Seller</p>
            <div class="stickers"></div>
        </div>
    </a>
    <div>
        <h4><a href="https://www.spesati.com/gourmet-gold-salm-pollo-85gr"><b>Gourmet Gold Salm-pollo 85gr</b></a></h4>
        <p class="description">PURINA GOURMET Gold Dadini in Salsa con Salmone e Pollo 85 g</p>
        <p class="right price"><b>1.21 €</b></p>
        <p class="right unitPrice">14.27 € per kg</p>
    </div>
    <div class="contButton">
    <a class="button bgRed white addToCart" href="#">Add</a>
</div>
</div><div class="left product prod37"
        data-name="Croc Migliorg Ster Pes-gam 400"
        data-price="2.45"
        data-id="32699"
        data-available="yes"
        data-category="1"
        data-bestselling="">
    <a href="https://www.spesati.com/croc-migliorg-ster-pes-gam-400">
        <div style="background-image: url('https://cdn.spesati.com/images/products/000402349/migliorgatto-sterilized-croccanti-prelibatezze-con-delizioso-salmone-400-g-01.png')">
            <div class="hover"></div>
            
            <div class="stickers"></div>
        </div>
    </a>
    <div>
        <h4><a href="https://www.spesati.com/croc-migliorg-ster-pes-gam-400"><b>Croc Migliorg Ster Pes-gam 400</b></a></h4>
        <p class="description">Migliorgatto Sterilized Croccanti Prelibatezze con Delizioso Salmone 400 g</p>
        <p class="right price"><b>2.45 €</b></p>
        <p class="right unitPrice">6.12 € per kg</p>
    </div>
    <div class="contButton">
    <a class="button bgRed white addToCart" href="#">Add</a>
</div>
</div><div class="left product prod38"
        data-name="Croc Migliorg Ster Pollo 400gr"
        data-price="2.45"
        data-id="32698"
        data-available="yes"
        data-category="1"
        data-bestselling="">
    <a href="https://www.spesati.com/croc-migliorg-ster-pollo-400gr">
        <div style="background-image: url('https://cdn.spesati.com/images/products/000402348/migliorgatto-sterilized-croccanti-prelibatezze-con-delicato-pollo-400-g-01.png')">
            <div class="hover"></div>
            
            <div class="stickers"></div>
        </div>
    </a>
    <div>
        <h4><a href="https://www.spesati.com/croc-migliorg-ster-pollo-400gr"><b>Croc Migliorg Ster Pollo 400gr</b></a></h4>
        <p class="description">Migliorgatto Sterilized Croccanti Prelibatezze con Delicato Pollo 400 g</p>
        <p class="right price"><b>2.45 €</b></p>
        <p class="right unitPrice">6.12 € per kg</p>
    </div>
    <div class="contButton">
    <a class="button bgRed white addToCart" href="#">Add</a>
</div>
</div><div class="left product prod39"
        data-name="Bocc Migliorgat Manz-pro 85gr"
        data-price="0.80"
        data-id="32695"
        data-available="yes"
        data-category="1"
        data-bestselling="">
    <a href="https://www.spesati.com/bocc-migliorgat-manz-pro-85gr">
        <div style="background-image: url('https://cdn.spesati.com/images/products/000402338/migliorgatto-sterilized-bocconcini-in-salsa-con-manzo-prosciutto-e-verdure-85-g-01.png')">
            <div class="hover"></div>
            
            <div class="stickers"></div>
        </div>
    </a>
    <div>
        <h4><a href="https://www.spesati.com/bocc-migliorgat-manz-pro-85gr"><b>Bocc Migliorgat Manz-pro 85gr</b></a></h4>
        <p class="description">Migliorgatto Sterilized Bocconcini in Salsa con Manzo, Prosciutto e Verdure 85 g</p>
        <p class="right price"><b>0.80 €</b></p>
        <p class="right unitPrice">9.43 € per kg</p>
    </div>
    <div class="contButton">
    <a class="button bgRed white addToCart" href="#">Add</a>
</div>
</div><div class="left product prod40"
        data-name="Bocc Migliorgat Pesc-gam 85gr"
        data-price="0.80"
        data-id="32694"
        data-available="yes"
        data-category="1"
        data-bestselling="">
    <a href="https://www.spesati.com/bocc-migliorgat-pesc-gam-85gr">
        <div style="background-image: url('https://cdn.spesati.com/images/products/000402337/migliorgatto-sterilized-bocconcini-in-gelatina-con-pesce-azzurro-e-gamberetti-85-g-01.png')">
            <div class="hover"></div>
            
            <div class="stickers"></div>
        </div>
    </a>
    <div>
        <h4><a href="https://www.spesati.com/bocc-migliorgat-pesc-gam-85gr"><b>Bocc Migliorgat Pesc-gam 85gr</b></a></h4>
        <p class="description">Migliorgatto Sterilized Bocconcini in Gelatina con Pesce Azzurro e Gamberetti 85 g</p>
        <p class="right price"><b>0.80 €</b></p>
        <p class="right unitPrice">9.43 € per kg</p>
    </div>
    <div class="contButton">
    <a class="button bgRed white addToCart" href="#">Add</a>
</div>
</div><div class="left product prod41"
        data-name="Bocc Migliorgatto Manzo 405gr"
        data-price="1.03"
        data-id="32692"
        data-available="yes"
        data-category="1"
        data-bestselling="">
    <a href="https://www.spesati.com/bocc-migliorgatto-manzo-405gr">
        <div style="background-image: url('https://cdn.spesati.com/images/products/000402318/migliorgatto-bocconcini-con-manzo-405-g-01.png')">
            <div class="hover"></div>
            
            <div class="stickers"></div>
        </div>
    </a>
    <div>
        <h4><a href="https://www.spesati.com/bocc-migliorgatto-manzo-405gr"><b>Bocc Migliorgatto Manzo 405gr</b></a></h4>
        <p class="description">Migliorgatto Bocconcini con Manzo 405 g</p>
        <p class="right price"><b>1.03 €</b></p>
        <p class="right unitPrice">2.55 € per kg</p>
    </div>
    <div class="contButton">
    <a class="button bgRed white addToCart" href="#">Add</a>
</div>
</div><div class="left product prod42"
        data-name="Friskies Adult Tonno Verdure 400Gr"
        data-price="2.49"
        data-id="6432"
        data-available="yes"
        data-category="1"
        data-bestselling="1">
    <a href="https://www.spesati.com/friskies-adult-tonno-verdure-400gr">
        <div style="background-image: url('https://cdn.spesati.com/images/products/000402304/purina-friskies-gatto-adult-con-tonno-e-con-verdure-400-g-01.png')">
            <div class="hover"></div>
            <p class="arrow bgRed white">Best Seller</p>
            <div class="stickers"></div>
        </div>
    </a>
    <div>
        <h4><a href="https://www.spesati.com/friskies-adult-tonno-verdure-400gr"><b>Friskies Adult Tonno Verdure 400Gr</b></a></h4>
        <p class="description">PURINA FRISKIES Gatto Adult Con Tonno e con Verdure 400 g</p>
        <p class="right price"><b>2.49 €</b></p>
        <p class="right unitPrice">6.22 € per kg</p>
    </div>
    <div class="contButton">
    <a class="button bgRed white addToCart" href="#">Add</a>
</div>
</div><div class="left product prod43"
        data-name="Friskies Adult Manzo Pollo Verdure 400Gr"
        data-price="2.49"
        data-id="6431"
        data-available="yes"
        data-category="1"
        data-bestselling="">
    <a href="https://www.spesati.com/friskies-adult-manzo-pollo-verdure-400gr">
        <div style="background-image: url('https://cdn.spesati.com/images/products/000402302/purina-friskies-gatto-adult-con-un-gustoso-mix-di-manzo-e-pollo-e-con-verdure-400-g-01.png')">
            <div class="hover"></div>
            
            <div class="stickers"></div>
        </div>
    </a>
    <div>
        <h4><a href="https://www.spesati.com/friskies-adult-manzo-pollo-verdure-400gr"><b>Friskies Adult Manzo Pollo Verdure 400Gr</b></a></h4>
        <p class="description">PURINA FRISKIES Gatto Adult Con un gustoso mix di Manzo e Pollo e con Verdure 400 g</p>
        <p class="right price"><b>2.49 €</b></p>
        <p class="right unitPrice">6.22 € per kg</p>
    </div>
    <div class="contButton">
    <a class="button bgRed white addToCart" href="#">Add</a>
</div>
</div><div class="left product prod44"
        data-name="Croc Migliorgatto Manzo-feg 2k"
        data-price="6.49"
        data-id="32689"
        data-available="yes"
        data-category="1"
        data-bestselling="">
    <a href="https://www.spesati.com/croc-migliorgatto-manzo-feg-2k">
        <div style="background-image: url('https://cdn.spesati.com/images/products/000402298/migliorgatto-adult-croccantini-con-manzo-2-kg-01.png')">
            <div class="hover"></div>
            
            <div class="stickers"></div>
        </div>
    </a>
    <div>
        <h4><a href="https://www.spesati.com/croc-migliorgatto-manzo-feg-2k"><b>Croc Migliorgatto Manzo-feg 2k</b></a></h4>
        <p class="description">Migliorgatto Adult Croccantini con Manzo 2 Kg</p>
        <p class="right price"><b>6.49 €</b></p>
        <p class="right unitPrice">3.25 € per kg</p>
    </div>
    <div class="contButton">
    <a class="button bgRed white addToCart" href="#">Add</a>
</div>
</div><div class="left product prod45"
        data-name="Miglior Gatto Crocchette Pollo 2 Kg"
        data-price="6.49"
        data-id="5493"
        data-available="yes"
        data-category="1"
        data-bestselling="">
    <a href="https://www.spesati.com/miglior-gatto-crocchette-pollo-2-kg">
        <div style="background-image: url('https://cdn.spesati.com/images/products/000402297/migliorgatto-adult-croccantini-con-pollo-e-tacchino-2-kg-01.png')">
            <div class="hover"></div>
            
            <div class="stickers"></div>
        </div>
    </a>
    <div>
        <h4><a href="https://www.spesati.com/miglior-gatto-crocchette-pollo-2-kg"><b>Miglior Gatto Crocchette Pollo 2 Kg</b></a></h4>
        <p class="description">Migliorgatto Adult Croccantini con Pollo e Tacchino 2 Kg</p>
        <p class="right price"><b>6.49 €</b></p>
        <p class="right unitPrice">3.25 € per kg</p>
    </div>
    <div class="contButton">
    <a class="button bgRed white addToCart" href="#">Add</a>
</div>
</div><div class="left product prod46"
        data-name="Croc Migliorgatto Pesce 2 Kg"
        data-price="6.49"
        data-id="32688"
        data-available="yes"
        data-category="1"
        data-bestselling="">
    <a href="https://www.spesati.com/croc-migliorgatto-pesce-2-kg">
        <div style="background-image: url('https://cdn.spesati.com/images/products/000402296/migliorgatto-adult-croccantini-con-salmone-2-kg-01.png')">
            <div class="hover"></div>
            
            <div class="stickers"></div>
        </div>
    </a>
    <div>
        <h4><a href="https://www.spesati.com/croc-migliorgatto-pesce-2-kg"><b>Croc Migliorgatto Pesce 2 Kg</b></a></h4>
        <p class="description">Migliorgatto Adult Croccantini con Salmone 2 Kg</p>
        <p class="right price"><b>6.49 €</b></p>
        <p class="right unitPrice">3.25 € per kg</p>
    </div>
    <div class="contButton">
    <a class="button bgRed white addToCart" href="#">Add</a>
</div>
</div><div class="left product prod47"
        data-name="Croccantini Friskies Gattini 375Gr"
        data-price="2.29"
        data-id="6429"
        data-available="yes"
        data-category="1"
        data-bestselling="">
    <a href="https://www.spesati.com/croccantini-friskies-gattini-375gr">
        <div style="background-image: url('https://cdn.spesati.com/images/products/000402276/purina-friskies-gatto-junior-con-un-gustoso-mix-di-pollo-e-tacchino-con-latte-e-con-verdure-375-g-01.png')">
            <div class="hover"></div>
            
            <div class="stickers"></div>
        </div>
    </a>
    <div>
        <h4><a href="https://www.spesati.com/croccantini-friskies-gattini-375gr"><b>Croccantini Friskies Gattini 375Gr</b></a></h4>
        <p class="description">PURINA FRISKIES Gatto Junior Con un gustoso mix di Pollo e Tacchino, con Latte e con Verdure 375 g</p>
        <p class="right price"><b>2.29 €</b></p>
        <p class="right unitPrice">6.11 € per kg</p>
    </div>
    <div class="contButton">
    <a class="button bgRed white addToCart" href="#">Add</a>
</div>
</div><div class="left product prod48"
        data-name="Gourmet Gold Coniglio 85gr"
        data-price="1.21"
        data-id="32686"
        data-available="yes"
        data-category="1"
        data-bestselling="">
    <a href="https://www.spesati.com/gourmet-gold-coniglio-85gr">
        <div style="background-image: url('https://cdn.spesati.com/images/products/000402265/purina-gourmet-gold-mousse-con-coniglio-85-g-01.png')">
            <div class="hover"></div>
            
            <div class="stickers"></div>
        </div>
    </a>
    <div>
        <h4><a href="https://www.spesati.com/gourmet-gold-coniglio-85gr"><b>Gourmet Gold Coniglio 85gr</b></a></h4>
        <p class="description">PURINA GOURMET Gold Mousse con Coniglio 85 g</p>
        <p class="right price"><b>1.21 €</b></p>
        <p class="right unitPrice">14.27 € per kg</p>
    </div>
    <div class="contButton">
    <a class="button bgRed white addToCart" href="#">Add</a>
</div>
</div><div class="left product prod49"
        data-name="Gourmet Perle Salm-merluzz 85g"
        data-price="1.27"
        data-id="32685"
        data-available="yes"
        data-category="1"
        data-bestselling="">
    <a href="https://www.spesati.com/gourmet-perle-salm-merluzz-85g">
        <div style="background-image: url('https://cdn.spesati.com/images/products/000402264/purina-gourmet-perle-duetti-con-salmone-e-merluzzo-85-g-01.png')">
            <div class="hover"></div>
            
            <div class="stickers"></div>
        </div>
    </a>
    <div>
        <h4><a href="https://www.spesati.com/gourmet-perle-salm-merluzz-85g"><b>Gourmet Perle Salm-merluzz 85g</b></a></h4>
        <p class="description">PURINA GOURMET Perle Duetti con Salmone e Merluzzo 85 g</p>
        <p class="right price"><b>1.27 €</b></p>
        <p class="right unitPrice">14.98 € per kg</p>
    </div>
    <div class="contButton">
    <a class="button bgRed white addToCart" href="#">Add</a>
</div>
</div><div class="left product prod50"
        data-name="Gourmet Perle Filett Conig 85g"
        data-price="1.27"
        data-id="32684"
        data-available="yes"
        data-category="1"
        data-bestselling="">
    <a href="https://www.spesati.com/gourmet-perle-filett-conig-85g">
        <div style="background-image: url('https://cdn.spesati.com/images/products/000402263/purina-gourmet-perle-filettini-in-salsa-con-coniglio-85-g-01.png')">
            <div class="hover"></div>
            
            <div class="stickers"></div>
        </div>
    </a>
    <div>
        <h4><a href="https://www.spesati.com/gourmet-perle-filett-conig-85g"><b>Gourmet Perle Filett Conig 85g</b></a></h4>
        <p class="description">PURINA GOURMET Perle Filettini in Salsa con Coniglio 85 g</p>
        <p class="right price"><b>1.27 €</b></p>
        <p class="right unitPrice">14.98 € per kg</p>
    </div>
    <div class="contButton">
    <a class="button bgRed white addToCart" href="#">Add</a>
</div>
</div><div class="left product prod51"
        data-name="Gourmet Perle Filett Manzo 85g"
        data-price="1.27"
        data-id="32683"
        data-available="yes"
        data-category="1"
        data-bestselling="">
    <a href="https://www.spesati.com/gourmet-perle-filett-manzo-85g">
        <div style="background-image: url('https://cdn.spesati.com/images/products/000402262/purina-gourmet-perle-filettini-in-salsa-con-manzo-85-g-01.png')">
            <div class="hover"></div>
            
            <div class="stickers"></div>
        </div>
    </a>
    <div>
        <h4><a href="https://www.spesati.com/gourmet-perle-filett-manzo-85g"><b>Gourmet Perle Filett Manzo 85g</b></a></h4>
        <p class="description">PURINA GOURMET Perle Filettini in Salsa con Manzo 85 g</p>
        <p class="right price"><b>1.27 €</b></p>
        <p class="right unitPrice">14.98 € per kg</p>
    </div>
    <div class="contButton">
    <a class="button bgRed white addToCart" href="#">Add</a>
</div>
</div><div class="left product prod52"
        data-name="Gourmet Diam Dadolata Tonno 85"
        data-price="1.49"
        data-id="32681"
        data-available="yes"
        data-category="1"
        data-bestselling="">
    <a href="https://www.spesati.com/gourmet-diam-dadolata-tonno-85">
        <div style="background-image: url('https://cdn.spesati.com/images/products/000402260/purina-gourmet-diamant-in-salsa-squisite-falde-di-polpa-di-tonno-naturale-in-salsa-85-g-01.png')">
            <div class="hover"></div>
            
            <div class="stickers"></div>
        </div>
    </a>
    <div>
        <h4><a href="https://www.spesati.com/gourmet-diam-dadolata-tonno-85"><b>Gourmet Diam Dadolata Tonno 85</b></a></h4>
        <p class="description">PURINA GOURMET Diamant in Salsa Squisite Falde di Polpa di Tonno Naturale in Salsa 85 g</p>
        <p class="right price"><b>1.49 €</b></p>
        <p class="right unitPrice">17.52 € per kg</p>
    </div>
    <div class="contButton">
    <a class="button bgRed white addToCart" href="#">Add</a>
</div>
</div><div class="left product prod53"
        data-name="Gourmet Diam Gelee Ton-orat 85"
        data-price="1.78"
        data-id="32680"
        data-available="yes"
        data-category="1"
        data-bestselling="">
    <a href="https://www.spesati.com/gourmet-diam-gelee-ton-orat-85">
        <div style="background-image: url('https://cdn.spesati.com/images/products/000402259/purina-gourmet-diamant-in-gelee-fiocchi-di-tonno-naturale-in-gelee-con-orata-85-g-01.png')">
            <div class="hover"></div>
            
            <div class="stickers"></div>
        </div>
    </a>
    <div>
        <h4><a href="https://www.spesati.com/gourmet-diam-gelee-ton-orat-85"><b>Gourmet Diam Gelee Ton-orat 85</b></a></h4>
        <p class="description">PURINA GOURMET Diamant in Gelée Fiocchi di Tonno Naturale in Gelée con Orata 85 g</p>
        <p class="right price"><b>1.78 €</b></p>
        <p class="right unitPrice">20.92 € per kg</p>
    </div>
    <div class="contButton">
    <a class="button bgRed white addToCart" href="#">Add</a>
</div>
</div><div class="left product prod54"
        data-name="Friskies Gatto Man-pol-ver 2kg"
        data-price="7.89"
        data-id="32679"
        data-available="yes"
        data-category="1"
        data-bestselling="">
    <a href="https://www.spesati.com/friskies-gatto-man-pol-ver-2kg">
        <div style="background-image: url('https://cdn.spesati.com/images/products/000402255/purina-friskies-gatto-adult-con-un-gustoso-mix-di-manzo-e-pollo-e-con-verdure-2kg-01.png')">
            <div class="hover"></div>
            
            <div class="stickers"></div>
        </div>
    </a>
    <div>
        <h4><a href="https://www.spesati.com/friskies-gatto-man-pol-ver-2kg"><b>Friskies Gatto Man-pol-ver 2kg</b></a></h4>
        <p class="description">PURINA FRISKIES Gatto Adult Con un gustoso mix di Manzo e Pollo e con Verdure 2Kg</p>
        <p class="right price"><b>7.89 €</b></p>
        <p class="right unitPrice">3.94 € per kg</p>
    </div>
    <div class="contButton">
    <a class="button bgRed white addToCart" href="#">Add</a>
</div>
</div><div class="left product prod55"
        data-name="One Gatto Sterilcat Ce-man 800"
        data-price="5.99"
        data-id="32678"
        data-available="yes"
        data-category="1"
        data-bestselling="1">
    <a href="https://www.spesati.com/one-gatto-sterilcat-ce-man-800">
        <div style="background-image: url('https://cdn.spesati.com/images/products/000402253/purina-one-sterilcat-ricco-in-manzo-800-g-01.png')">
            <div class="hover"></div>
            <p class="arrow bgRed white">Best Seller</p>
            <div class="stickers"></div>
        </div>
    </a>
    <div>
        <h4><a href="https://www.spesati.com/one-gatto-sterilcat-ce-man-800"><b>One Gatto Sterilcat Ce-man 800</b></a></h4>
        <p class="description">PURINA ONE Sterilcat Ricco in Manzo 800 g</p>
        <p class="right price"><b>5.99 €</b></p>
        <p class="right unitPrice">7.49 € per kg</p>
    </div>
    <div class="contButton">
    <a class="button bgRed white addToCart" href="#">Add</a>
</div>
</div><div class="left product prod56"
        data-name="One Gatto Adult Pol-riso 800gr"
        data-price="5.99"
        data-id="32677"
        data-available="yes"
        data-category="1"
        data-bestselling="">
    <a href="https://www.spesati.com/one-gatto-adult-pol-riso-800gr">
        <div style="background-image: url('https://cdn.spesati.com/images/products/000402251/purina-one-adult-ricco-in-pollo-800-g-01.png')">
            <div class="hover"></div>
            
            <div class="stickers"></div>
        </div>
    </a>
    <div>
        <h4><a href="https://www.spesati.com/one-gatto-adult-pol-riso-800gr"><b>One Gatto Adult Pol-riso 800gr</b></a></h4>
        <p class="description">PURINA ONE Adult Ricco in Pollo 800 g</p>
        <p class="right price"><b>5.99 €</b></p>
        <p class="right unitPrice">7.49 € per kg</p>
    </div>
    <div class="contButton">
    <a class="button bgRed white addToCart" href="#">Add</a>
</div>
</div><div class="left product prod57"
        data-name="Kitekat Salmone Salsa Bst 85gr"
        data-price="0.73"
        data-id="86751"
        data-available="yes"
        data-category="1"
        data-bestselling="">
    <a href="https://www.spesati.com/kitekat-salmone-salsa-bst-85gr">
        <div style="background-image: url('https://cdn.spesati.com/images/products/missing-image/missing-image.jpg')">
            <div class="hover"></div>
            
            <div class="stickers"></div>
        </div>
    </a>
    <div>
        <h4><a href="https://www.spesati.com/kitekat-salmone-salsa-bst-85gr"><b>Kitekat Salmone Salsa Bst 85gr</b></a></h4>
        <p class="description">0.09 Kg</p>
        <p class="right price"><b>0.73 €</b></p>
        <p class="right unitPrice">8.14 € per kg</p>
    </div>
    <div class="contButton">
    <a class="button bgRed white addToCart" href="#">Add</a>
</div>
</div><div class="left product prod58"
        data-name="Kitekat Coniglio Salsa Bst 85g"
        data-price="0.73"
        data-id="86754"
        data-available="yes"
        data-category="1"
        data-bestselling="">
    <a href="https://www.spesati.com/kitekat-coniglio-salsa-bst-85g">
        <div style="background-image: url('https://cdn.spesati.com/images/products/missing-image/missing-image.jpg')">
            <div class="hover"></div>
            
            <div class="stickers"></div>
        </div>
    </a>
    <div>
        <h4><a href="https://www.spesati.com/kitekat-coniglio-salsa-bst-85g"><b>Kitekat Coniglio Salsa Bst 85g</b></a></h4>
        <p class="description">0.09 Kg</p>
        <p class="right price"><b>0.73 €</b></p>
        <p class="right unitPrice">8.14 € per kg</p>
    </div>
    <div class="contButton">
    <a class="button bgRed white addToCart" href="#">Add</a>
</div>
</div><div class="left product prod59"
        data-name="Kitekat Tacchino Salsa Bst 85g"
        data-price="0.73"
        data-id="86760"
        data-available="yes"
        data-category="1"
        data-bestselling="">
    <a href="https://www.spesati.com/kitekat-tacchino-salsa-bst-85g">
        <div style="background-image: url('https://cdn.spesati.com/images/products/missing-image/missing-image.jpg')">
            <div class="hover"></div>
            
            <div class="stickers"></div>
        </div>
    </a>
    <div>
        <h4><a href="https://www.spesati.com/kitekat-tacchino-salsa-bst-85g"><b>Kitekat Tacchino Salsa Bst 85g</b></a></h4>
        <p class="description">0.09 Kg</p>
        <p class="right price"><b>0.73 €</b></p>
        <p class="right unitPrice">8.14 € per kg</p>
    </div>
    <div class="contButton">
    <a class="button bgRed white addToCart" href="#">Add</a>
</div>
</div><div class="left product prod60"
        data-name="Kitekat Pollo Salsa Bst 85gr"
        data-price="0.73"
        data-id="86757"
        data-available="no"
        data-category="1"
        data-bestselling="">
    <a href="https://www.spesati.com/kitekat-pollo-salsa-bst-85gr">
        <div style="background-image: url('https://cdn.spesati.com/images/products/000446516/kitekat-cibo-umido-gatto-con-pollo-in-salsa-bustina-85g-01.png')">
            <div class="hover"></div>
            
            <div class="stickers"></div>
        </div>
    </a>
    <div>
        <h4><a href="https://www.spesati.com/kitekat-pollo-salsa-bst-85gr"><b>Kitekat Pollo Salsa Bst 85gr</b></a></h4>
        <p class="description">Kitekat Cibo Umido Gatto con Pollo in Salsa Bustina 85g</p>
        <p class="right price"><b>0.73 €</b></p>
        <p class="right unitPrice">8.14 € per kg</p>
    </div>
    <div class="notAvailable">
    <a class="button bgDarkGrey white" href="https://www.spesati.com/kitekat-pollo-salsa-bst-85gr">Not available</a>
</div>
</div><div class="left product prod61"
        data-name="Felix Le Ghiot Con/agnel 4x85g"
        data-price="2.99"
        data-id="76230"
        data-available="no"
        data-category="1"
        data-bestselling="">
    <a href="https://www.spesati.com/felix-le-ghiot-conagnel-4x85g">
        <div style="background-image: url('https://cdn.spesati.com/images/products/000436136/felix-le-ghiottonerie-selezioni-saporite-in-gelatina-coniglio-agnello-4-x-85-g-01.png')">
            <div class="hover"></div>
            
            <div class="stickers"></div>
        </div>
    </a>
    <div>
        <h4><a href="https://www.spesati.com/felix-le-ghiot-conagnel-4x85g"><b>Felix Le Ghiot Con/agnel 4x85g</b></a></h4>
        <p class="description">FELIX Le Ghiottonerie Selezioni Saporite in Gelatina (Coniglio & Agnello) 4 x 85 g</p>
        <p class="right price"><b>2.99 €</b></p>
        <p class="right unitPrice">8.80 € per kg</p>
    </div>
    <div class="notAvailable">
    <a class="button bgDarkGrey white" href="https://www.spesati.com/felix-le-ghiot-conagnel-4x85g">Not available</a>
</div>
</div><div class="left product prod62"
        data-name="Crocc Ultima Cat Man-ris 400gr"
        data-price="3.04"
        data-id="32742"
        data-available="no"
        data-category="1"
        data-bestselling="">
    <a href="https://www.spesati.com/crocc-ultima-cat-man-ris-400gr">
        <div style="background-image: url('https://cdn.spesati.com/images/products/000402776/ultima-cat-adult-1-10-anni-manzo-400-g-01.png')">
            <div class="hover"></div>
            
            <div class="stickers"></div>
        </div>
    </a>
    <div>
        <h4><a href="https://www.spesati.com/crocc-ultima-cat-man-ris-400gr"><b>Crocc Ultima Cat Man-ris 400gr</b></a></h4>
        <p class="description">ultima Cat Adult 1-10 Anni Manzo 400 g</p>
        <p class="right price"><b>3.04 €</b></p>
        <p class="right unitPrice">7.61 € per kg</p>
    </div>
    <div class="notAvailable">
    <a class="button bgDarkGrey white" href="https://www.spesati.com/crocc-ultima-cat-man-ris-400gr">Not available</a>
</div>
</div><div class="left product prod63"
        data-name="Crocc Ultima Cat Salm-ris 400g"
        data-price="3.04"
        data-id="32741"
        data-available="no"
        data-category="1"
        data-bestselling="">
    <a href="https://www.spesati.com/crocc-ultima-cat-salm-ris-400g">
        <div style="background-image: url('https://cdn.spesati.com/images/products/000402773/ultima-cat-adult-1-10-anni-salmone-400-g-01.png')">
            <div class="hover"></div>
            
            <div class="stickers"></div>
        </div>
    </a>
    <div>
        <h4><a href="https://www.spesati.com/crocc-ultima-cat-salm-ris-400g"><b>Crocc Ultima Cat Salm-ris 400g</b></a></h4>
        <p class="description">ultima Cat Adult 1-10 Anni Salmone 400 g</p>
        <p class="right price"><b>3.04 €</b></p>
        <p class="right unitPrice">7.61 € per kg</p>
    </div>
    <div class="notAvailable">
    <a class="button bgDarkGrey white" href="https://www.spesati.com/crocc-ultima-cat-salm-ris-400g">Not available</a>
</div>
</div><div class="left product prod64"
        data-name="Crocc Ultima Cat Pol-ris 400gr"
        data-price="3.04"
        data-id="32740"
        data-available="no"
        data-category="1"
        data-bestselling="">
    <a href="https://www.spesati.com/crocc-ultima-cat-pol-ris-400gr">
        <div style="background-image: url('https://cdn.spesati.com/images/products/000402771/ultima-cat-adult-1-10-anni-pollo-400-g-01.png')">
            <div class="hover"></div>
            
            <div class="stickers"></div>
        </div>
    </a>
    <div>
        <h4><a href="https://www.spesati.com/crocc-ultima-cat-pol-ris-400gr"><b>Crocc Ultima Cat Pol-ris 400gr</b></a></h4>
        <p class="description">Ultima Cat Adult 1-10 Anni Pollo 400 g</p>
        <p class="right price"><b>3.04 €</b></p>
        <p class="right unitPrice">7.61 € per kg</p>
    </div>
    <div class="notAvailable">
    <a class="button bgDarkGrey white" href="https://www.spesati.com/crocc-ultima-cat-pol-ris-400gr">Not available</a>
</div>
</div><div class="left product prod65"
        data-name="Croccantino Lechat G Tris 1.5k"
        data-price="4.68"
        data-id="32717"
        data-available="no"
        data-category="1"
        data-bestselling="">
    <a href="https://www.spesati.com/croccantino-lechat-g-tris-15k">
        <div style="background-image: url('https://cdn.spesati.com/images/products/000402498/lechat-classic-croccantini-gusto-tris-15-kg-01.png')">
            <div class="hover"></div>
            
            <div class="stickers"></div>
        </div>
    </a>
    <div>
        <h4><a href="https://www.spesati.com/croccantino-lechat-g-tris-15k"><b>Croccantino Lechat G Tris 1.5k</b></a></h4>
        <p class="description">LeChat Classic croccantini Gusto Tris 1,5 kg</p>
        <p class="right price"><b>4.68 €</b></p>
        <p class="right unitPrice">3.12 € per kg</p>
    </div>
    <div class="notAvailable">
    <a class="button bgDarkGrey white" href="https://www.spesati.com/croccantino-lechat-g-tris-15k">Not available</a>
</div>
</div><div class="left product prod66"
        data-name="Kitekat Cacciatore Bst 12x100g"
        data-price="4.99"
        data-id="32710"
        data-available="no"
        data-category="1"
        data-bestselling="">
    <a href="https://www.spesati.com/kitekat-cacciatore-bst-12x100g">
        <div style="background-image: url('https://cdn.spesati.com/images/products/000402456/kitekat-il-cacciatore-in-salsa-1200-g-01.png')">
            <div class="hover"></div>
            
            <div class="stickers"></div>
        </div>
    </a>
    <div>
        <h4><a href="https://www.spesati.com/kitekat-cacciatore-bst-12x100g"><b>Kitekat Cacciatore Bst 12x100g</b></a></h4>
        <p class="description">Kitekat Il cacciatore in salsa 1200 g</p>
        <p class="right price"><b>4.99 €</b></p>
        <p class="right unitPrice">4.16 € per kg</p>
    </div>
    <div class="notAvailable">
    <a class="button bgDarkGrey white" href="https://www.spesati.com/kitekat-cacciatore-bst-12x100g">Not available</a>
</div>
</div><div class="left product prod67"
        data-name="Whiskas Temptations Pollo 60gr"
        data-price="2.85"
        data-id="32708"
        data-available="no"
        data-category="1"
        data-bestselling="">
    <a href="https://www.spesati.com/whiskas-temptations-pollo-60gr">
        <div style="background-image: url('https://cdn.spesati.com/images/products/000402411/whiskas-temptations-snack-gatto-con-pollo-e-formaggio-60-g-01.png')">
            <div class="hover"></div>
            
            <div class="stickers"></div>
        </div>
    </a>
    <div>
        <h4><a href="https://www.spesati.com/whiskas-temptations-pollo-60gr"><b>Whiskas Temptations Pollo 60gr</b></a></h4>
        <p class="description">Whiskas Temptations Snack Gatto con Pollo e Formaggio 60 g</p>
        <p class="right price"><b>2.85 €</b></p>
        <p class="right unitPrice">47.49 € per kg</p>
    </div>
    <div class="notAvailable">
    <a class="button bgDarkGrey white" href="https://www.spesati.com/whiskas-temptations-pollo-60gr">Not available</a>
</div>
</div><div class="left product prod68"
        data-name="Friskies Gatto Crock & Soft Manzo Pollo"
        data-price="2.64"
        data-id="6428"
        data-available="no"
        data-category="1"
        data-bestselling="">
    <a href="https://www.spesati.com/friskies-gatto-crock-soft-manzo-pollo">
        <div style="background-image: url('https://cdn.spesati.com/images/products/000402218/purina-friskies-gatto-crocchette-crock--soft-con-manzo--pollo-e-verdure-aggiunte-sacco-400-g-01.png')">
            <div class="hover"></div>
            
            <div class="stickers"></div>
        </div>
    </a>
    <div>
        <h4><a href="https://www.spesati.com/friskies-gatto-crock-soft-manzo-pollo"><b>Friskies Gatto Crock & Soft Manzo Pollo</b></a></h4>
        <p class="description">PURINA FRISKIES Gatto Crocchette Crock & Soft con manzo, pollo e verdure aggiunte sacco 400 g</p>
        <p class="right price"><b>2.64 €</b></p>
        <p class="right unitPrice">7.05 € per kg</p>
    </div>
    <div class="notAvailable">
    <a class="button bgDarkGrey white" href="https://www.spesati.com/friskies-gatto-crock-soft-manzo-pollo">Not available</a>
</div>
</div>        </div>
    </div>
</section>
<div class="footer">
    <div class="bgDarkGrey"></div>
    <footer>
        <div class="left bgDarkGrey">
            <a id="logoFooter" href="https://www.spesati.com/" class="estDynamic">
                <img src="http://cdn.spesati.com/images/layout/logo-eng.png" alt="Spesati.com" />
                <h2 class="red">Grocery Delivery</h2>
            </a>
            <a class="button bgRed white mobile" href="tel:390707968318">Phone order</a>
            <a class="button bgRed white desktop" href="https://www.spesati.com/news/2020-04-07/news-on-spesati-the-telephone-order-service-is-active">Phone order</a>
            <a class="button bgRed white" href="https://www.spesati.com/cdn-cgi/l/email-protection#8be2e5ede4cbf8fbeef8eaffe2a5e8e4e6">Send mail</a>
            <div id="social">
                <a class="left" href="https://www.facebook.com/spesati/" rel="external" target="_blank">
                    <span class="facebook bgRed fa-stack fa-lg">
                        <i class="fa fa-facebook fa-stack-1x "></i>
                    </span>
                </a>
                <a class="right" href="https://twitter.com/spesati" rel="external" target="_blank">
                    <span class="twitter bgRed fa-stack fa-lg">
                        <i class="fa fa-twitter fa-stack-1x "></i>
                    </span>
                </a>
            </div>
            <p>Copyright 2024 Spesati.com </p>
            
                    <p>All rights reserved</p>
                    <p>SPESATI SRL</p>
                    <p>Corso Vittorio Veneto 15/I, 07026, Olbia</p>
                    <p>CF e P.Iva: 02772380909</p>
                        </div>
        <div class="center bgRed">
            <div class="top">
                <h3>Categories</h3>
                <div class="col">
                    <ul>
                        <li>
                            <a href="#" class="estDynamic">On sale</a>
                        </li>
                        <li>
                            <a href="https://www.spesati.com/fruit-and-vegetables" class="estDynamic">Fruit and vegetables</a>
                        </li>
                        <li>
                            <a href="https://www.spesati.com/fresh-products" class="estDynamic">Fresh products</a>
                        </li>
                        <li>
                            <a href="https://www.spesati.com/frozen-foods" class="estDynamic">Frozen foods</a>
                        </li>
                        <li>
                            <a href="https://www.spesati.com/bread-and-pasta" class="estDynamic">Bread and pasta</a>
                        </li>
                        <li>
                            <a href="https://www.spesati.com/meat" class="estDynamic">Meat</a>
                        </li>
                        <li>
                            <a href="https://www.spesati.com/fish" class="estDynamic">Fish</a>
                        </li>
                    </ul>
                </div>
                <div class="col">
                    <ul>
                        <li>
                            <a href="https://www.spesati.com/wine-beer-and-spirits" class="estDynamic">Wine beer and spirits</a>
                        </li>
                        <li>
                            <a href="https://www.spesati.com/water-and-drinks" class="estDynamic">Water and drinks</a>
                        </li>
                        <li>
                            <a href="https://www.spesati.com/sweets" class="estDynamic">Sweets</a>
                        </li>
                        <li>
                            <a href="https://www.spesati.com/shelf" class="estDynamic">Cupboard</a>
                        </li>
                        <li>
                            <a href="https://www.spesati.com/personal-care" class="estDynamic">Personal care</a>
                        </li>
                        <li>
                            <a href="https://www.spesati.com/household-and-outdoors" class="estDynamic">Home and outdoors</a>
                        </li>
                        <li>
                            <a href="https://www.spesati.com/pet" class="estDynamic">Pets</a>
                        </li>
                    </ul>
                </div>
                <div class="col">
                    <ul>
                        <li>
                            <a href="https://www.spesati.com/technology" class="estDynamic">Technology</a>
                        </li>
                        <li>
                            <a href="https://www.spesati.com/gluten-free" class="estDynamic">Gluten free</a>
                        </li>
                        <li>
                            <a href="https://www.spesati.com/lactose-free" class="estDynamic">Lactose free</a>
                        </li>
                        <li>
                            <a href="https://www.spesati.com/special" class="estDynamic">Special</a>
                        </li>
                        <li>
                            <a href="https://www.spesati.com/sardinian-products" class="estDynamic">Sardinian products</a>
                        </li>
                    </ul>
                </div>
            </div>
            <div class="bottom bgRed">
                <div class="left">
                    <h3>Delivery payment</h3>
                    <div>
                        <i class="fa fa-money fa-3x" aria-hidden="true"></i>
                        <p>Cash</p>
                    </div>
                    <div>
                        <i class="fa fa-credit-card fa-3x" aria-hidden="true"></i>
                        <p>Bancomat or card</p>
                    </div>
                </div>
                <div class="right">
                    <h3>Online payment</h3>
                    <div>
                        <i class="fa fa-credit-card fa-3x" aria-hidden="true"></i>
                        <p>Credit or debit card <span class="red">online</span></p>
                    </div>
                    <div>
                        <i class="fa fa-paypal fa-3x" aria-hidden="true"></i>
                        <p>PayPal</p>
                    </div>
                    <div>
                        <i class="fa fa-university fa-3x" aria-hidden="true"></i>
                        <p>Bank transfer</p>
                    </div>
                </div>
            </div>
        </div>
        <div class="right bgRed">
            <div>
                <i class="fa fa-truck fa-flip-horizontal"></i>
                <a class="button bgYellow white" href="https://www.spesati.com/delivery-prices">Delivery prices</a>
                
                    <h3>Home delivery:</h3>
                    <p><b>Monday to Saturday</b></p>
                    <p><b>9:00 to 20:00</b></p>
                    <p><b>Minimum order:</b> 29€</p>
                    <p><b>Delivery starting from:</b> 3,50€</p>
                            </div>
            <ul>
                <li>
                    <a href="https://www.spesati.com/delivery-prices">Delivery prices</a>
                </li>
                <li>
                    <a href="https://www.spesati.com/about">About</a>
                </li>
                <li>
                    <a href="https://www.spesati.com/faq">Faq</a>
                </li>
                <li>
                    <a href="https://www.spesati.com/customer-care">Support</a>
                </li>
                <li>
                    <a href="https://www.spesati.com/news">Blog</a>
                </li>
                <li>
                    <a href="https://www.spesati.com/terms-and-conditions">Conditions</a>
                </li>
                <li>
                    <a href="https://www.spesati.com/privacy-policy">Privacy policy</a>
                </li>
                <li>
                    <a href="https://www.spesati.com/legal-warranty">Legal guarantee</a>
                </li>
            </ul>
        </div>
    </footer>
    <div class="bgRed"></div>
</div>
<!--Start of Tawk.to Script-->
<script data-cfasync="false" src="https://www.spesati.com/cdn-cgi/scripts/5c5dd728/cloudflare-static/email-decode.min.js"></script><script type="text/javascript">
var Tawk_API=Tawk_API||{}, Tawk_LoadStart=new Date();
(function(){
var s1=document.createElement("script"),s0=document.getElementsByTagName("script")[0];
s1.async=true;
s1.src='https://embed.tawk.to/59e86945c28eca75e4626ed9/default';
s1.charset='UTF-8';
s1.setAttribute('crossorigin','*');
s0.parentNode.insertBefore(s1,s0);
})();
</script>
<!--End of Tawk.to Script-->

<!-- Here are parked a few translatable strings, useful for Javascript rendering -->
<div id="js-texts" hidden>
    <input type="hidden" name="save_cart_notice" value="Saving your cart it will be possible to reload it next time you come for shopping">
    <input type="hidden" name="save_cart_notice_title" value="Want to save your cart?">
    <input type="hidden" name="save_cart_ok" value="Save">
    <input type="hidden" name="save_cart_ko" value="Don't Save">
    <input type="hidden" name="reload_cart" value="The Reload Order function allows you to top up your last cart to make a New Order. Warning: do not use this function to add products to the last order. At this time it is not possible to modify an order placed previously.">
</div>

<!-- new site and login popup -->
</body>
<!-- Mirrored from www.spesati.com/pets/pet-food-cats by HTTrack Website Copier/3.x [XR&CO'2014], Fri, 23 Feb 2024 18:50:17 GMT -->
</html>