<!DOCTYPE html><html lang="en">
<!-- Mirrored from www.spesati.com/pets/pet-food-dogs by HTTrack Website Copier/3.x [XR&CO'2014], Fri, 23 Feb 2024 18:50:17 GMT -->
<!-- Added by HTTrack --><meta http-equiv="content-type" content="text/html;charset=utf-8" /><!-- /Added by HTTrack -->
<head>
    <title>Pet food dogs - Pets - Spesati.com</title>
    <meta http-equiv="Content-Type" content="text/html; charset=UTF-8" />
    <meta name="description" content="" />
    <meta name="keywords" content="" />
    <link href="https://www.spesati.com/images/favicon.ico" rel="shortcut icon" type="image/x-icon" />
    <meta name="author" content="www.dodify.com" /><link rel="canonical" href="https://www.spesati.com/pets/pet-food-dogs" /><link rel="alternate" hreflang="en" href="https://www.spesati.com/pets/pet-food-dogs" /><link rel="alternate" hreflang="it" href="https://www.spesati.it/animali/alimenti-cane" /><link href="https://cdnjs.cloudflare.com/ajax/libs/meyer-reset/2.0/reset.min.css" rel="stylesheet" type="text/css" /><link href="https://cdnjs.cloudflare.com/ajax/libs/font-awesome/6.5.1/css/all.min.css" rel="stylesheet" type="text/css" /><link href="https://fonts.googleapis.com/css?family=Montserrat:400,700" rel="stylesheet" type="text/css" /><link href="http://cdnjs.cloudflare.com/ajax/libs/fancybox/2.1.5/jquery.fancybox.min.css" rel="stylesheet" type="text/css" /><link href="https://www.spesati.com/style/main.css?v=7" rel="stylesheet" type="text/css" /><link href="https://www.spesati.com/style/lightslider.css" rel="stylesheet" type="text/css" /><link href="https://www.spesati.com/style/categories.css" rel="stylesheet" type="text/css" /><script src="https://cdnjs.cloudflare.com/ajax/libs/jquery/3.6.1/jquery.min.js" type="text/javascript"></script><script src="http://ajax.googleapis.com/ajax/libs/jquery/1.11.0/jquery.min.js" type="text/javascript"></script><script src="http://unpkg.com/@floating-ui/core@0.4.0" type="text/javascript"></script><script src="http://unpkg.com/@floating-ui/dom@0.2.0" type="text/javascript"></script><script src="http://cdnjs.cloudflare.com/ajax/libs/fancybox/2.1.5/jquery.fancybox.min.js" type="text/javascript"></script><script src="https://www.spesati.com/js/menu.js" type="text/javascript"></script><script src="https://www.spesati.com/js/interface.js?v=10" type="text/javascript"></script><script src="https://www.spesati.com/js/spesati.lightslider.min.js" type="text/javascript"></script><meta name="viewport" content="width=device-width, initial-scale=1, maximum-scale=1" /><meta name = "format-detection" content = "telephone=no">
<!-- Facebook Pixel Code -->
<script>
  !function(f,b,e,v,n,t,s)
  {if(f.fbq)return;n=f.fbq=function(){n.callMethod?
  n.callMethod.apply(n,arguments):n.queue.push(arguments)};
  if(!f._fbq)f._fbq=n;n.push=n;n.loaded=!0;n.version='2.0';
  n.queue=[];t=b.createElement(e);t.async=!0;
  t.src=v;s=b.getElementsByTagName(e)[0];
  s.parentNode.insertBefore(t,s)}(window, document,'script',
  'https://connect.facebook.net/en_US/fbevents.js');
  fbq('init', '792335014180667');
  fbq('track', 'PageView');
</script>
<noscript>
    <img height="1" width="1" style="display:none" src="https://www.facebook.com/tr?id=792335014180667&amp;ev=PageView&amp;noscript=1" />
</noscript>
<!-- End Facebook Pixel Code -->

<!-- GA4 -->
<script async src="https://www.googletagmanager.com/gtag/js?id=G-SSS6NRNXL0"></script>
<script>
  window.dataLayer = window.dataLayer || [];
  function gtag(){dataLayer.push(arguments);}
  gtag('js', new Date());
  gtag('config', 'AW-976671669');
  gtag('config', 'G-SSS6NRNXL0');
</script>
<!-- Elements for PWA deploy -->
<link rel="manifest" href="https://www.spesati.com/manifest.json">
<meta name="theme-color" media="(prefers-color-scheme: light)" content="white">
<meta name="theme-color" media="(prefers-color-scheme: dark)"  content="black">
<link href=https://www.spesati.com/images/icon-192.png rel=apple-touch-icon sizes="192x192">
<!-- Establishment logic -->
<script>var pageEstablishment = "Olbia"; var estDefaultPages = true</script>
    <!--[if lt IE 9]>
        <script src="https://cdnjs.cloudflare.com/ajax/libs/html5shiv/3.7.3/html5shiv.min.js" type="text/javascript"></script>
    <![endif]--><script type="text/javascript">
$(document).ready(function() {
    // Check if exists cookie
    if(document.cookie.indexOf("cookieAccepted") < 0) {
        var cookieText = '<div id=\"cookie\"><p>This site uses cookies. Cookies are used for ads personalisation. <a href=\"/privacy-policy\">More info</a></p><button id=\"cookieConsent\" type=\"button\">Accept</button></div>';
        $("body").append($(
            cookieText
        ));
        $('#cookie').css({
            'width'           : '100%',
            'text-align'      : 'center',
            'color'           : '#FFFFFF',
            'background-color': '#000000', 
            'opacity'         : '.8', 
            'position'        : 'fixed', 
            'bottom'          : '0',
            'padding'         : '.5em 0',
            'z-index'         : '999'
        });
        $('#cookie > *').css({
            'display': 'inline'
        });
        $('#cookie a').css({
            'color'          : '#FFFFFF',
            'text-decoration': 'underline',
            'margin-right'   : '2%'
        });
        $('#cookieConsent').click(function() {
            // Set cookie
            var expiry = new Date();
            expiry.setTime(expiry.getTime() + (365 * 24 * 60 * 60 * 1000));
            document.cookie = "cookieAccepted=yes; expires=" + expiry.toGMTString() + "; path=/; domain=.spesati.com";
            $('#cookie').css({'display': 'none'});
        });
    }
});
</script></head><body><script type="text/javascript">
    var addText = "Add";
    var slider  = null;
    $(document).ready(function() {
        slider = $('#cartSlider').lightSlider({
            controls: false,
            item:13,
            loop:false,
            slideMove:1,
            easing: 'cubic-bezier(0.25, 0, 0.25, 1)',
            speed:600,
            responsive : [
                {
                    breakpoint:1400,
                    settings: {
                        item:12,
                        slideMove:1,
                    }
                },
                {
                    breakpoint:1200,
                    settings: {
                        item:11,
                        slideMove:1,
                    }
                },
                {
                    breakpoint:1080,
                    settings: {
                        item:14,
                        slideMove:1,
                    }
                },
                {
                    breakpoint:800,
                    settings: {
                        item:12,
                        slideMove:1,
                    }
                }
            ]
        });
        $('.lSPager').css("display","none");
        $('.lSAction').css("display","block");
        $('#goToPrevSlide').on('click', function () {
            slider.goToPrevSlide();
        });
        $('#goToNextSlide').on('click', function () {
            slider.goToNextSlide();
        });
    });

</script>
<div id="header" class="bgYellow">
    <header>
        <a class="menu" href="#"><i class="fa red fa-bars fa-2x"></i></a>
        <a id="logo" class="colLeft estDynamic" href="https://www.spesati.com/">
            <img src="http://cdn.spesati.com/images/layout/logo-eng.png" alt="Spesati.com" />
            <h2 class="red">Grocery Delivery</h2>
        </a>
        <div class="colRight">
            <div id="controls" class="right">
                <p id="establishmentControls">
                    <span class="establishmentWarning"><i class="fa-solid fa-triangle-exclamation red" title="Stai visualizzando i prodotti disponibili in una zona diversa. Se vuoi cambiare zona, cliccan qui"></i>&nbsp;&nbsp;</span>
                    Shopping from <b><a id="establishment" href="#"></a></b> <span id="estAddress">for </span> <a href="https://www.spesati.com/change-establishment">(<i class="fa-solid fa-pencil"></i> Change)</a> <span class="establishmentWarning">but viewing <b>Olbia</b></span>
                </p>
                <p><a href="https://www.spesati.it/animali/alimenti-cane" class="black switch-site">Versione italiana</a></p>                
            </div>
            <div>
                <form id="search" action="https://www.spesati.com/search" method="post" class="left">
                    <fieldset>
                        <div>
                            <input type="text" name="searchBox" id="searchBox" placeholder="Search for a product"></input>
                            <input id="searchButton" type="submit" name="searchButton" class="button bgRed white left" value="Find" />
                        </div>
                    </fieldset>
                </form>
                <div class="center left">
                    <a class="button bgRed white log-in" href="https://www.spesati.com/login">Login</a>
                    <a class="button bgRed white sign-up" href="https://www.spesati.com/sign-up">Sign up</a>
                    <a class="button bgRed white profile" href="https://www.spesati.com/profile">Profile</a>
                    <a class="button bgRed white log-out" href="https://www.spesati.com/logout" data-endpoint-check-cart="https://api.spesati.com/cart/check">Logout</a>
                </div>
                <div class="right user-function-icons">
                    <a class="red left account"><i class="fa fa-user fa-3x"></i></a>
                    <div id="dropdown">
                        <a class="log-in button bgRed white" href="https://www.spesati.com/login">Login</a>
                        <a class="sign-up button bgRed white" href="https://www.spesati.com/sign-up">Sign up</a>
                        <a class="profile button bgRed white" href="https://www.spesati.com/profile">Profile</a>
                        <a class="log-out button bgRed white" href="https://www.spesati.com/logout">Logout</a>
                    </div>

                    <div class="cart left">
                        <i class="fa fa-sm fa-shopping-cart red" aria-hidden="true" id="shipping-cart-button"></i>
                        <p id="cartQuantity"></p>
                    </div>

                    <a class="right" href="https://www.spesati.com/cart"><p class="black" id="cartTotal"></p></a>
                </div>
            </div>
                            <div id="previewCart">
                    <i id="goToPrevSlide" class="yellow fa fa-angle-left fa-2x" aria-hidden="true"></i>
                    <div><ul id="cartSlider"></ul></div>
                    <i id="goToNextSlide" class="yellow fa fa-angle-right fa-2x" aria-hidden="true"></i>
                </div>
                    </div>
    </header>

    <div id="shipping-cart-options" data-inited="false">
        <a href="https://www.spesati.com/cart" class="goto-cart">checkout</a>
        <a href="#" data-endpoint-auth="https://api.spesati.com/cart/save" data-endpoint-noauth="/login" class="save-cart">save</a>
        <a href="#" data-endpoint-auth="https://api.spesati.com/cart/load" class="load-cart">load</a>
    </div>
</div>
<div id="menuCategoriesMobile" class="mobile bgRed">
    <div class="closeMenu">
        <i class="fa fa-times fa-2x white"></i>
        Close
    </div>
    <ul class="bgRed white">
        <div id="langMobile" class="right">
        <a href="https://www.spesati.it/animali/alimenti-cane" class="white switch-site"><p>Versione italiana</p></a>    </div>
        <li><a>Categories</a>
            <ul class="bgWhite">
                <li>
                    <img src="http://cdn.spesati.com/images/menu/on-sale.png"/>
                    On sale                    <i class="fa fa-angle-down" aria-hidden="true"></i>
                    <ul class="sub-menu">
                    <li>
    <a href="https://www.spesati.com/tacchino-fesa-a-fette">Tacchino Fesa A Fette</a>
</li><li>
    <a href="https://www.spesati.com/amaro-montenegro-15lt">Amaro Montenegro 1,5lt</a>
</li><li>
    <a href="https://www.spesati.com/carbone-di-legna-sacco-10kg">Carbone Di Legna Sacco 10Kg</a>
</li><li>
    <a href="https://www.spesati.com/filu-e-ferru-silvio-carta-70cl">Filu E Ferru Silvio Carta 70Cl</a>
</li><li>
    <a href="https://www.spesati.com/braciole-suino-con-cotenna">Braciole Suino Con Cotenna</a>
</li><li>
    <a href="https://www.spesati.com/bovino-adulto-polpa">Bovino Adulto Polpa</a>
</li><li>
    <a href="https://www.spesati.com/vino-la-palma-cannonau-le-bombarde">Vino La Palma Cannonau Le Bombarde</a>
</li><li>
    <a href="https://www.spesati.com/fettine-sceltissime-bovino-adulto">Fettine Sceltissime Bovino Adulto</a>
</li><li>
    <a href="https://www.spesati.com/suino-fettine-scelte">Suino Fettine Scelte</a>
</li><li>
    <a href="https://www.spesati.com/lavazza-caffe-qualita-rossa-2x250gr">Lavazza Caffé Qualità Rossa 2x250gr</a>
</li>                        <li>
                            <a class="estDynamic" href="https://www.spesati.com/on-offer">All products on sale</a>
                        </li>
                    </ul>
                </li>
                <li>
                    <img src="http://cdn.spesati.com/images/menu/gift.png"/>
                    Gifts                    <i class="fa fa-angle-down" aria-hidden="true"></i>
                    <ul class="sub-menu">
                        <li>
    <a href="https://www.spesati.com/gift-card-da-150">Gift Card Da 150</a>
</li><li>
    <a href="https://www.spesati.com/gift-card-da-100">Gift Card Da 100</a>
</li><li>
    <a href="https://www.spesati.com/gift-card-da-50">Gift Card Da 50</a>
</li><li>
    <a href="https://www.spesati.com/gift-card-da-25">Gift Card Da 25</a>
</li>                        <li>
                            <a class="estDynamic" href="https://www.spesati.com/gift">All products in the gifts category</a>
                        </li>
                    </ul>
                </li>
                <li>
                    <img src="http://cdn.spesati.com/images/menu/gift-card.png"/>
                    Gift card and discounts                    <i class="fa fa-angle-down" aria-hidden="true"></i>
                    <ul class="sub-menu">
                        <li>
    <a href="https://www.spesati.com/gift-card-da-150">Gift Card Da 150</a>
</li><li>
    <a href="https://www.spesati.com/gift-card-da-100">Gift Card Da 100</a>
</li><li>
    <a href="https://www.spesati.com/gift-card-da-50">Gift Card Da 50</a>
</li><li>
    <a href="https://www.spesati.com/gift-card-da-25">Gift Card Da 25</a>
</li>                    </ul>
                </li>
                <li>
                    <img src="http://cdn.spesati.com/images/menu/fuit-and-vegetables.png"/>
                    Fruit and vegetables                    <i class="fa fa-angle-down" aria-hidden="true"></i>
                    <ul class="sub-menu">
                        <li>
                            <a class="estDynamic" href="https://www.spesati.com/fruit-and-vegetables/pulses-and-beans">Cereals and pulses and beans</a>
                        </li>
                        <li>
                            <a class="estDynamic" href="https://www.spesati.com/fruit-and-vegetables/fruit">Fruit</a>
                        </li>
                        <li>
                            <a class="estDynamic" href="https://www.spesati.com/fruit-and-vegetables/canned-fruit">Canned fruit</a>
                        </li>
                        <li>
                            <a class="estDynamic" href="https://www.spesati.com/fruit-and-vegetables/dried-fruit">Dried fruit</a>
                        </li>
                        <li>
                            <a class="estDynamic" href="https://www.spesati.com/fruit-and-vegetables/ready-salads">Ready salads</a>
                        </li>
                        <li>
                            <a class="estDynamic" href="https://www.spesati.com/fruit-and-vegetables/fresh-spices">Fresh spices</a>
                        </li>
                        <li>
                            <a class="estDynamic" href="https://www.spesati.com/fruit-and-vegetables/vegetables">Vegetables and soy</a>
                        </li>
                    </ul>
                </li>
                <li>
                    <img src="http://cdn.spesati.com/images/menu/fresh-products.png"/>
                    Fresh products                    <i class="fa fa-angle-down" aria-hidden="true"></i>
                    <ul class="sub-menu">
                        <li>
                            <a class="estDynamic" href="https://www.spesati.com/fresh-products/margarine-and-butter">Butter and margarine</a>
                        </li>
                        <li>
                            <a class="estDynamic" href="https://www.spesati.com/fresh-products/danone">Danone</a>
                        </li>
                        <li>
                            <a class="estDynamic" href="https://www.spesati.com/fresh-products/dessert">Dessert</a>
                        </li>
                        <li>
                            <a class="estDynamic" href="https://www.spesati.com/fresh-products/sweets">Sweets</a>
                        </li>
                        <li>
                            <a class="estDynamic" href="https://www.spesati.com/fresh-products/dairy-products">Dairy product</a>
                        </li>
                        <li>
                            <a class="estDynamic" href="https://www.spesati.com/fresh-products/bakery">Yeast</a>
                        </li>
                        <li>
                            <a class="estDynamic" href="https://www.spesati.com/fresh-products/mascarpone">Mascarpone</a>
                        </li>
                        <li>
                            <a class="estDynamic" href="https://www.spesati.com/fresh-products/snacks">Snacks</a>
                        </li>
                        <li>
                            <a class="estDynamic" href="https://www.spesati.com/fresh-products/mozzarella">Mozzarella</a>
                        </li>
                        <li>
                            <a class="estDynamic" href="https://www.spesati.com/fresh-products/pasta">Pasta</a>
                        </li>
                        <li>
                            <a class="estDynamic" href="https://www.spesati.com/fresh-products/pesto-and-sauces">Pesto and sauces</a>
                        </li>
                        <li>
                            <a class="estDynamic" href="https://www.spesati.com/fresh-products/ricotta-and-cheese">Ricotta and cheese</a>
                        </li>
                        <li>
                            <a class="estDynamic" href="https://www.spesati.com/fresh-products/cured-meat">Cured meat</a>
                        </li>
                        <li>
                            <a class="estDynamic" href="https://www.spesati.com/fresh-products/wurstel">Würstel</a>
                        </li>
                        <li>
                            <a class="estDynamic" href="https://www.spesati.com/fresh-products/yogurt">Yogurt</a>
                        </li>
                    </ul>
                </li>
                <li>
                    <img src="http://cdn.spesati.com/images/menu/frozen-foods.png"/>
                    Frozen foods                    <i class="fa fa-angle-down" aria-hidden="true"></i>
                    <ul class="sub-menu">
                        <li>
                            <a class="estDynamic" href="https://www.spesati.com/frozen-foods/meat">Meat</a>
                        </li>
                        <li>
                            <a class="estDynamic" href="https://www.spesati.com/frozen-foods/ice-creams">Ice cream and sweet</a>
                        </li>
                        <li>
                            <a class="estDynamic" href="https://www.spesati.com/frozen-foods/pasta">Pasta</a>
                        </li>
                        <li>
                            <a class="estDynamic" href="https://www.spesati.com/frozen-foods/fish">Fish</a>
                        </li>
                        <li>
                            <a class="estDynamic" href="https://www.spesati.com/frozen-foods/ready-meals">Ready meals</a>
                        </li>
                        <li>
                            <a class="estDynamic" href="https://www.spesati.com/frozen-foods/pizzas">Pizzas</a>
                        </li>
                        <li>
                            <a class="estDynamic" href="https://www.spesati.com/frozen-foods/vegetables">Vegetables and soy</a>
                        </li>
                    </ul>
                </li>
                <li>
                    <img src="http://cdn.spesati.com/images/menu/bread-and-pasta.png"/>
                    Bread and pasta                    <i class="fa fa-angle-down" aria-hidden="true"></i>
                    <ul class="sub-menu">
                        <li>
                            <a class="estDynamic" href="https://www.spesati.com/bread-and-pasta/crackers">Crackers</a>
                        </li>
                        <li>
                            <a class="estDynamic" href="https://www.spesati.com/bread-and-pasta/rusks">Rusks</a>
                        </li>
                        <li>
                            <a class="estDynamic" href="https://www.spesati.com/bread-and-pasta/white-bread">White bread</a>
                        </li>
                        <li>
                            <a class="estDynamic" href="https://www.spesati.com/bread-and-pasta/local-bread">Local bread</a>
                        </li>
                        <li>
                            <a class="estDynamic" href="https://www.spesati.com/bread-and-pasta/soft-bread">Soft bread</a>
                        </li>
                        <li>
                            <a class="estDynamic" href="https://www.spesati.com/bread-and-pasta/sardinian-bread">Sardinian bread</a>
                        </li>
                        <li>
                            <a class="estDynamic" href="https://www.spesati.com/bread-and-pasta/bakery">Bakery</a>
                        </li>
                        <li>
                            <a class="estDynamic" href="https://www.spesati.com/bread-and-pasta/pasta">Pasta</a>
                        </li>
                        <li>
                            <a class="estDynamic" href="https://www.spesati.com/bread-and-pasta/fresh-pasta">Fresh pasta</a>
                        </li>
                    </ul>
                </li>
                <li>
                    <img src="http://cdn.spesati.com/images/menu/meat.png"/>
                    Meat                    <i class="fa fa-angle-down" aria-hidden="true"></i>
                    <ul class="sub-menu">
                        <li>
                            <a class="estDynamic" href="https://www.spesati.com/meat/beef">Beef</a>
                        </li>
                        <li>
                            <a class="estDynamic" href="https://www.spesati.com/meat/goat">Goat</a>
                        </li>
                        <li>
                            <a class="estDynamic" href="https://www.spesati.com/meat/packaged-meat">Packaged meat</a>
                        </li>
                        <li>
                            <a class="estDynamic" href="https://www.spesati.com/meat/rabbit">Rabbit</a>
                        </li>
                        <li>
                            <a class="estDynamic" href="https://www.spesati.com/meat/horse">Horse</a>
                        </li>
                        <li>
                            <a class="estDynamic" href="https://www.spesati.com/meat/pork">Pork</a>
                        </li>
                        <li>
                            <a class="estDynamic" href="https://www.spesati.com/meat/lamb">Lamb</a>
                        </li>
                        <li>
                            <a class="estDynamic" href="https://www.spesati.com/meat/poultry">Poultry</a>
                        </li>
                    </ul>
                </li>
                <li>
                    <img src="http://cdn.spesati.com/images/menu/fish.png"/>
                    Fish                    <i class="fa fa-angle-down" aria-hidden="true"></i>
                    <ul class="sub-menu">
                        <li>
                            <a class="estDynamic" href="https://www.spesati.com/fish/fresh-water">Fresh water</a>
                        </li>
                        <li>
                            <a class="estDynamic" href="https://www.spesati.com/fish/salt-water">Salt water</a>
                        </li>
                        <li>
                            <a class="estDynamic" href="https://www.spesati.com/fish/mussels">Mussels</a>
                        </li>
                        <li>
                            <a class="estDynamic" href="https://www.spesati.com/fish/dried-and-salted">Dried and salted</a>
                        </li>
                        <li>
                            <a class="estDynamic" href="https://www.spesati.com/fish/seafood-salad">Seafood salad</a>
                        </li>
                        <li>
                            <a class="estDynamic" href="https://www.spesati.com/fish/prepared">Prepared</a>
                        </li>
                        <li>
                            <a class="estDynamic" href="https://www.spesati.com/fish/specialty">Specialty</a>
                        </li>   
                        <li>
                            <a class="estDynamic" href="https://www.spesati.com/fish/tuna-and-salmon">Tuna and salmon</a>
                        </li>
                    </ul>
                </li>
                <li>
                    <img src="http://cdn.spesati.com/images/menu/alcohol.png"/>
                    Wine beer and spirits                    <i class="fa fa-angle-down" aria-hidden="true"></i>
                    <ul class="sub-menu">
                        <li>
                            <a class="estDynamic" href="https://www.spesati.com/wine-beer-and-spirits/spirits-and-liquors">Alcohol</a>
                        </li>
                        <li>
                            <a class="estDynamic" href="https://www.spesati.com/wine-beer-and-spirits/bitters">Bitters</a>
                        </li>
                        <li>
                            <a class="estDynamic" href="https://www.spesati.com/wine-beer-and-spirits/aperatif">Aperatifs</a>
                        </li>
                        <li>
                            <a class="estDynamic" href="https://www.spesati.com/wine-beer-and-spirits/beer">Beer</a>
                        </li>
                        <li>
                            <a class="estDynamic" href="https://www.spesati.com/wine-beer-and-spirits/creams">Creams</a>
                        </li>
                        <li>
                            <a class="estDynamic" href="https://www.spesati.com/wine-beer-and-spirits/spirits">Spirits</a>
                        </li>
                        <li>
                            <a class="estDynamic" href="https://www.spesati.com/wine-beer-and-spirits/liquors">Liquors</a>
                        </li>
                        <li>
                            <a class="estDynamic" href="https://www.spesati.com/wine-beer-and-spirits/white-wine">White wine</a>
                        </li>
                        <li>
                            <a class="estDynamic" href="https://www.spesati.com/wine-beer-and-spirits/prosecco-wine">Prosecco wine</a>
                        </li>
                        <li>
                            <a class="estDynamic" href="https://www.spesati.com/wine-beer-and-spirits/rose-wine">Rose wine</a>
                        </li>
                        <li>
                            <a class="estDynamic" href="https://www.spesati.com/wine-beer-and-spirits/red-wine">Red wine</a>
                        </li>
                        <li>
                            <a class="estDynamic" href="https://www.spesati.com/wine-beer-and-spirits/specialty-wine">Special wine</a>
                        </li>
                        <li>
                            <a class="estDynamic" href="https://www.spesati.com/wine-beer-and-spirits/sparkling-wine">Sparkling wine</a>
                        </li>
                        <li>
                            <a class="estDynamic" href="https://www.spesati.com/wine-beer-and-spirits/vermentino-wine">Vermentino wine</a>
                        </li>
                    </ul>
                </li>
                <li>
                    <img src="http://cdn.spesati.com/images/menu/water-and-drinks.png"/>
                    Water and drinks                    <i class="fa fa-angle-down" aria-hidden="true"></i>
                    <ul class="sub-menu">
                        <li>
                            <a class="estDynamic" href="https://www.spesati.com/water-and-drinks/san-martino">San Martino</a>
                        </li>
                        <li>
                            <a class="estDynamic" href="https://www.spesati.com/water-and-drinks/water">Water</a>
                        </li>
                        <li>
                            <a class="estDynamic" href="https://www.spesati.com/water-and-drinks/alpro">Alpro</a>
                        </li>
                        <li>
                            <a class="estDynamic" href="https://www.spesati.com/water-and-drinks/fizzy-drinks">Fizzy drinks</a>
                        </li>
                        <li>
                            <a class="estDynamic" href="https://www.spesati.com/water-and-drinks/coca-cola">Coca-Cola</a>
                        </li>
                        <li>
                            <a class="estDynamic" href="https://www.spesati.com/water-and-drinks/energy-drink">Energy drink</a>
                        </li>
                        <li>
                            <a class="estDynamic" href="https://www.spesati.com/water-and-drinks/syrups">Syrups</a>
                        </li>
                        <li>
                            <a class="estDynamic" href="https://www.spesati.com/water-and-drinks/supplements">Supplements</a>
                        </li>
                        <li>
                            <a class="estDynamic" href="https://www.spesati.com/water-and-drinks/instant-drinks">Instant drinks</a>
                        </li>
                        <li>
                            <a class="estDynamic" href="https://www.spesati.com/water-and-drinks/juice">Juice</a>
                        </li>
                        <li>
                            <a class="estDynamic" href="https://www.spesati.com/water-and-drinks/tea">Tea</a>
                        </li>
                    </ul>
                </li>
                <li>
                    <img src="http://cdn.spesati.com/images/menu/sweets.png"/>
                    Sweets                    <i class="fa fa-angle-down" aria-hidden="true"></i>
                    <ul class="sub-menu">
                        <li>
                            <a class="estDynamic" href="https://www.spesati.com/sweets/bars-and-snacks">Bars and snacks</a>
                        </li>
                        <li>
                            <a class="estDynamic" href="https://www.spesati.com/sweets/biscuits">Biscuits</a>
                        </li>
                        <li>
                            <a class="estDynamic" href="https://www.spesati.com/sweets/brioches">Brioches</a>
                        </li>
                        <li>
                            <a class="estDynamic" href="https://www.spesati.com/sweets/candy-and-chewing-gum">Candy and chewing gum</a>
                        </li>
                        <li>
                            <a class="estDynamic" href="https://www.spesati.com/sweets/cereals">Cereals</a>
                        </li>
                        <li>
                            <a class="estDynamic" href="https://www.spesati.com/sweets/chocolate">Chocolate</a>
                        </li>
                        <li>
                            <a class="estDynamic" href="https://www.spesati.com/sweets/spreadable-creams">Spreads</a>
                        </li>
                        <li>
                            <a class="estDynamic" href="https://www.spesati.com/sweets/dessert-toppings">Dessert toppings</a>
                        </li>
                        <li>
                            <a class="estDynamic" href="https://www.spesati.com/sweets/jam">Jam</a>
                        </li>
                        <li>
                            <a class="estDynamic" href="https://www.spesati.com/sweets/honey">Honey</a>
                        </li>
                        <li>
                            <a class="estDynamic" href="https://www.spesati.com/sweets/panettoni-and-pandoro">Panettone and pandoro</a>
                        </li>
                        <li>
                            <a class="estDynamic" href="https://www.spesati.com/sweets/pastry">Pastry</a>
                        </li>
                        <li>
                            <a class="estDynamic" href="https://www.spesati.com/sweets/instant-dessert">Prepared</a>
                        </li>
                        <li>
                            <a class="estDynamic" href="https://www.spesati.com/sweets/cakes-and-pies">Cakes and pies</a>
                        </li>
                        <li>
                            <a class="estDynamic" href="https://www.spesati.com/sweets/easter-eggs-and-doves">Easter eggs and doves</a>
                        </li>
                    </ul>
                </li>
                <li>
                    <img src="http://cdn.spesati.com/images/menu/shelf.png"/>
                    Cupboard                    <i class="fa fa-angle-down" aria-hidden="true"></i>
                    <ul class="sub-menu">
                        <li>
                            <a class="estDynamic" href="https://www.spesati.com/shelf/coffee">Coffee</a>
                        </li>
                        <li>
                            <a class="estDynamic" href="https://www.spesati.com/shelf/gift-baskets">Gift baskets</a>
                        </li>
                        <li>
                            <a class="estDynamic" href="https://www.spesati.com/shelf/stock-cubes">Nuts and preparations</a>
                        </li>
                        <li>
                            <a class="estDynamic" href="https://www.spesati.com/shelf/flour-and-baking">Flour and baking</a>
                        </li>
                        <li>
                            <a class="estDynamic" href="https://www.spesati.com/shelf/milk">Milk</a>
                        </li>
                        <li>
                            <a class="estDynamic" href="https://www.spesati.com/shelf/oil-salt-vinegar">Oil, vinegar and salt</a>
                        </li>
                        <li>
                            <a class="estDynamic" href="https://www.spesati.com/shelf/cream-and-bechamel">Cream and bechamel</a>
                        </li>
                        <li>
                            <a class="estDynamic" href="https://www.spesati.com/shelf/crisps-and-pretzels">Crisps and pretzels</a>
                        </li>
                        <li>
                            <a class="estDynamic" href="https://www.spesati.com/shelf/baby-and-infants-products">Early childhood products</a>
                        </li>
                        <li>
                            <a class="estDynamic" href="https://www.spesati.com/shelf/rice">Rice</a>
                        </li>
                        <li>
                            <a class="estDynamic" href="https://www.spesati.com/shelf/tins-and-preserves">Tins and Preserves</a>
                        </li>
                        <li>
                            <a class="estDynamic" href="https://www.spesati.com/shelf/spices">Spices</a>
                        </li>
                        <li>
                            <a class="estDynamic" href="https://www.spesati.com/shelf/sauces">Sauces</a>
                        </li>
                        <li>
                            <a class="estDynamic" href="https://www.spesati.com/shelf/tea-and-infusions">Tea and infusions</a>
                        </li>
                        <li>
                            <a class="estDynamic" href="https://www.spesati.com/shelf/eggs">Eggs</a>
                        </li>
                        <li>
                            <a class="estDynamic" href="https://www.spesati.com/shelf/sugar-and-sweeteners">Sugar and sweeteners</a>
                        </li>
                    </ul>
                </li>
                <li>
                    <img src="http://cdn.spesati.com/images/menu/personal-care.png"/>
                    Personal care                    <i class="fa fa-angle-down" aria-hidden="true"></i>
                    <ul class="sub-menu">
                        <li>
                            <a class="estDynamic" href="https://www.spesati.com/personal-care/accessories-and-cotton">Accessories and cotton</a>
                        </li>
                        <li>
                            <a class="estDynamic" href="https://www.spesati.com/personal-care/feminine-care-incontinence-and-baby-diapers">Feminine incontinence and diapers</a>
                        </li>
                        <li>
                            <a class="estDynamic" href="https://www.spesati.com/personal-care/shower-gel">Shower gel</a>
                        </li>
                        <li>
                            <a class="estDynamic" href="https://www.spesati.com/personal-care/creams">Creams</a>
                        </li>
                        <li>
                            <a class="estDynamic" href="https://www.spesati.com/personal-care/deodorant">Deodorant</a>
                        </li>
                        <li>
                            <a class="estDynamic" href="https://www.spesati.com/personal-care/hair-removal">Hair removal</a>
                        </li>
                        <li>
                            <a class="estDynamic" href="https://www.spesati.com/personal-care/disinfectants">Disinfectants</a>
                        </li>
                        <li>
                            <a class="estDynamic" href="https://www.spesati.com/personal-care/oral-hygiene">Oral hygiene</a>
                        </li>
                        <li>
                            <a class="estDynamic" href="https://www.spesati.com/personal-care/supplements-and-multivitamins">Supplements and multivitamins</a>
                        </li>
                        <li>
                            <a class="estDynamic" href="https://www.spesati.com/personal-care/first-aid">First aid label</a>
                        </li>
                        <li>
                            <a class="estDynamic" href="https://www.spesati.com/personal-care/beard-products">Beard products</a>
                        </li>
                        <li>
                            <a class="estDynamic" href="https://www.spesati.com/personal-care/hairs-products">Hair products</a>
                        </li>
                        <li>
                            <a class="estDynamic" href="https://www.spesati.com/personal-care/perfume">Perfumes</a>
                        </li>
                        <li>
                            <a class="estDynamic" href="https://www.spesati.com/personal-care/wipes">Wipes</a>
                        </li>
                        <li>
                            <a class="estDynamic" href="https://www.spesati.com/personal-care/soaps-and-body-wash">Soaps and body wash</a>
                        </li>
                        <li>
                            <a class="estDynamic" href="https://www.spesati.com/personal-care/shampoo-and-conditioner">Shampoo and conditioner</a>
                        </li>
                    </ul>
                </li>
                <li>
                    <img src="http://cdn.spesati.com/images/menu/pellet-and-home.png"/>
                    Home and outdoors                    <i class="fa fa-angle-down" aria-hidden="true"></i>
                    <ul class="sub-menu">
                        <li>
                            <a class="estDynamic" href="https://www.spesati.com/household-and-outdoors/distilled-water">Distilled water</a>
                        </li>
                        <li>
                            <a class="estDynamic" href="https://www.spesati.com/household-and-outdoors/car-products">Cars</a>
                        </li>
                        <li>
                            <a class="estDynamic" href="https://www.spesati.com/household-and-outdoors/bin-bags-and-buckets">Bin bags and buckets</a>
                        </li>
                        <li>
                            <a class="estDynamic" href="https://www.spesati.com/household-and-outdoors/bleach-and-stain-removers">Bleach and stain removers</a>
                        </li>
                        <li>
                            <a class="estDynamic" href="https://www.spesati.com/household-and-outdoors/candles">Candles</a>
                        </li>
                        <li>
                            <a class="estDynamic" href="https://www.spesati.com/household-and-outdoors/kitchen-roll">Kitchen roll</a>
                        </li>
                        <li>
                            <a class="estDynamic" href="https://www.spesati.com/household-and-outdoors/air-fresheners">Air fresheners</a>
                        </li>
                        <li>
                            <a class="estDynamic" href="https://www.spesati.com/household-and-outdoors/laundry-accessories-and-detergent">Laundry detergent</a>
                        </li>
                        <li>
                            <a class="estDynamic" href="https://www.spesati.com/household-and-outdoors/dishwasher-and-washing-up">Dishwasher and washing up</a>
                        </li>
                        <li>
                            <a class="estDynamic" href="https://www.spesati.com/household-and-outdoors/gardening">Gardening</a>
                        </li>
                        <li>
                            <a class="estDynamic" href="https://www.spesati.com/household-and-outdoors/light-bulbs-and-batteries">Lightbulbs and batteries</a>
                        </li>
                        <li>
                            <a class="estDynamic" href="https://www.spesati.com/household-and-outdoors/pellet-and-bbq">Pellet and BBQ</a>
                        </li>
                        <li>
                            <a class="estDynamic" href="https://www.spesati.com/household-and-outdoors/bathroom-products">Bathroom products</a>
                        </li>
                        <li>
                            <a class="estDynamic" href="https://www.spesati.com/household-and-outdoors/home-and-furniture-products">Home and furniture products</a>
                        </li>
                        <li>
                            <a class="estDynamic" href="https://www.spesati.com/household-and-outdoors/kitchen-products">Kitchen products</a>
                        </li>
                        <li>
                            <a class="estDynamic" href="https://www.spesati.com/household-and-outdoors/window-and-floor-cleaners">Window and floor cleaner</a>
                        </li>
                        <li>
                            <a class="estDynamic" href="https://www.spesati.com/household-and-outdoors/repellents">Repellents</a>
                        </li>
                        <li>
                            <a class="estDynamic" href="https://www.spesati.com/household-and-outdoors/disposable-tableware">Disposable tableware</a>
                        </li>
                    </ul>
                </li>
                <li>
                    <img src="http://cdn.spesati.com/images/menu/animals.png"/>
                    Pets                    <i class="fa fa-angle-down" aria-hidden="true"></i>
                    <ul class="sub-menu">
                        <li>
                            <a class="estDynamic" href="https://www.spesati.com/pets/pet-food-other-animals">Other animals pet food</a>
                        </li>
                        <li>
                            <a class="estDynamic" href="https://www.spesati.com/pets/pet-food-dogs">Pet food dogs</a>
                        </li>
                        <li>
                            <a class="estDynamic" href="https://www.spesati.com/pets/pet-food-cats">Pet food cats</a>
                        </li>
                        <li>
                            <a class="estDynamic" href="https://www.spesati.com/pets/hygiene-and-cleaning">Hygiene and cleaning</a>
                        </li>
                    </ul>
                </li>
                <li>
                    <img src="http://cdn.spesati.com/images/menu/technology.png"/>
                    Technology                    <i class="fa fa-angle-down" aria-hidden="true"></i>
                    <ul class="sub-menu">
                        <li>
                            <a class="estDynamic" href="https://www.spesati.com/technology/accessories">Accessories</a>
                        </li>
                        <li>
                            <a class="estDynamic" href="https://www.spesati.com/technology/computer">Computer</a>
                        </li>
                        <li>
                            <a class="estDynamic" href="https://www.spesati.com/technology/telephones">Telephones</a>
                        </li>
                        <li>
                            <a class="estDynamic" href="https://www.spesati.com/technology/tv">TV</a>
                        </li>
                    </ul>
                </li>
                <li>
                    <img src="http://cdn.spesati.com/images/menu/gluten-free.png"/>
                    Gluten free                    <i class="fa fa-angle-down" aria-hidden="true"></i>
                    <ul class="sub-menu">
                        <li>
                            <a class="estDynamic" href="https://www.spesati.com/gluten-free/frozen-foods">Frozen foods</a>
                        </li>
                        <li>
                            <a class="estDynamic" href="https://www.spesati.com/gluten-free/beer">Beer</a>
                        </li>
                        <li>
                            <a class="estDynamic" href="https://www.spesati.com/gluten-free/sweets">Sweets</a>
                        </li>
                        <li>
                            <a class="estDynamic" href="https://www.spesati.com/gluten-free/bread-and-pasta">Bread and pasta</a>
                        </li>
                        <li>
                            <a class="estDynamic" href="https://www.spesati.com/gluten-free/shelf">Cupboard</a>
                        </li>
                    </ul>
                </li>
                <li>
                    <img src="http://cdn.spesati.com/images/menu/lactose-free.png"/>
                    Lactose free                    <i class="fa fa-angle-down" aria-hidden="true"></i>
                    <ul class="sub-menu">
                        <li>
                            <a class="estDynamic" href="https://www.spesati.com/lactose-free/frozen-foods">Frozen foods</a>
                        </li>
                        <li>
                            <a class="estDynamic" href="https://www.spesati.com/lactose-free/sweets">Sweets</a>
                        </li>
                        <li>
                            <a class="estDynamic" href="https://www.spesati.com/lactose-free/dairy-product">Dairy product</a>
                        </li>
                        <li>
                            <a class="estDynamic" href="https://www.spesati.com/lactose-free/shelf">Cupboard</a>
                        </li>
                    </ul>
                </li>
                <li>
                    <img src="http://cdn.spesati.com/images/menu/special.png"/>
                    Special                    <i class="fa fa-angle-down" aria-hidden="true"></i>
                    <ul class="sub-menu">
                        <li>
                            <a class="estDynamic" href="https://www.spesati.com/special/alpro">Alpro</a>
                        </li>
                        <li>
                            <a class="estDynamic" href="https://www.spesati.com/special/organic">Biological</a>
                        </li>
                        <li>
                            <a class="estDynamic" href="https://www.spesati.com/special/meat">Meat</a>
                        </li>
                        <li>
                            <a class="estDynamic" href="https://www.spesati.com/special/wholegrain">Wholegrain</a>
                        </li>
                        <li>
                            <a class="estDynamic" href="https://www.spesati.com/special/bread-and-pasta">Bread and pasta</a>
                        </li>
                        <li>
                            <a class="estDynamic" href="https://www.spesati.com/special/vegan">Vegan</a>
                        </li>
                    </ul>
                </li>
                <li>
                    <img src="http://cdn.spesati.com/images/menu/sardinian-products.png"/>
                    Sardinian products                    <i class="fa fa-angle-down" aria-hidden="true"></i>
                    <ul class="sub-menu">
                        <li>
                            <a class="estDynamic" href="https://www.spesati.com/sardinian-products/drinks">Drinks</a>
                        </li>
                        <li>
                            <a class="estDynamic" href="https://www.spesati.com/sardinian-products/meat">Meat</a>
                        </li>
                        <li>
                            <a class="estDynamic" href="https://www.spesati.com/sardinian-products/sweets">Sweets</a>
                        </li>
                        <li>
                            <a class="estDynamic" href="https://www.spesati.com/sardinian-products/fruit-and-vegetables">Fruit and vegetables</a>
                        </li>
                        <li>
                            <a class="estDynamic" href="https://www.spesati.com/sardinian-products/ichnusa">Ichnusa</a>
                        </li>
                        <li>
                            <a class="estDynamic" href="https://www.spesati.com/sardinian-products/dairy-product">Dairy product</a>
                        </li>
                        <li>
                            <a class="estDynamic" href="https://www.spesati.com/sardinian-products/bread-and-pasta">Bread and pasta</a>
                        </li>
                        <li>
                            <a class="estDynamic" href="https://www.spesati.com/sardinian-products/fish">Fish</a>
                        </li>
                        <li>
                            <a class="estDynamic" href="https://www.spesati.com/sardinian-products/cured-meat">Cured meat</a>
                        </li>
                        <li>
                            <a class="estDynamic" href="https://www.spesati.com/sardinian-products/shelf">Cupboard</a>
                        </li>
                        <li>
                            <a class="estDynamic" href="https://www.spesati.com/sardinian-products/vermentino-wine">Vermentino wine</a>
                        </li>
                        <li>
                            <a class="estDynamic" href="https://www.spesati.com/sardinian-products/wine-beer-and-spirits">Wine beer and spirits</a>
                        </li>
                    </ul>
                </li>
            </ul>
        </li>
        <li>
            <a href="https://www.spesati.com/about">About</a>
        </li>
        <li>
            <a href="https://www.spesati.com/faq">Faq</a>
        </li>
        <li>
            <a href="https://www.spesati.com/customer-care">Support</a>
        </li>
        <li>
            <a href="https://www.spesati.com/news">Blog</a>
        </li>
        <li>
            <a href="https://www.spesati.com/terms-and-conditions">Conditions</a>
        </li>
        <li>
            <a href="https://www.spesati.com/privacy-policy">Privacy policy</a>
        </li>
        <li>
            <a href="https://www.spesati.com/login">Login</a>
        </li>
        <li>
             <a href="https://www.spesati.com/sign-up">Sign up</a>
        </li>
    </ul>
</div><section class="first">
    <div id="menuCategories" class="colLeft">
    <ul id="main_nav" >
        <li>
            <a class="estDynamic" href="https://www.spesati.com/on-offer">
               <img src="http://cdn.spesati.com/images/menu/on-sale.png"/>
               On sale            </a>
            <i class="fa fa-angle-right" aria-hidden="true"></i>
            <ul class="sub-menu">
                <li>
    <a href="https://www.spesati.com/tacchino-fesa-a-fette" class="estDynamic">Tacchino Fesa A Fette</a>
</li><li>
    <a href="https://www.spesati.com/amaro-montenegro-15lt" class="estDynamic">Amaro Montenegro 1,5lt</a>
</li><li>
    <a href="https://www.spesati.com/carbone-di-legna-sacco-10kg" class="estDynamic">Carbone Di Legna Sacco 10Kg</a>
</li><li>
    <a href="https://www.spesati.com/filu-e-ferru-silvio-carta-70cl" class="estDynamic">Filu E Ferru Silvio Carta 70Cl</a>
</li><li>
    <a href="https://www.spesati.com/braciole-suino-con-cotenna" class="estDynamic">Braciole Suino Con Cotenna</a>
</li><li>
    <a href="https://www.spesati.com/bovino-adulto-polpa" class="estDynamic">Bovino Adulto Polpa</a>
</li><li>
    <a href="https://www.spesati.com/vino-la-palma-cannonau-le-bombarde" class="estDynamic">Vino La Palma Cannonau Le Bombarde</a>
</li><li>
    <a href="https://www.spesati.com/fettine-sceltissime-bovino-adulto" class="estDynamic">Fettine Sceltissime Bovino Adulto</a>
</li><li>
    <a href="https://www.spesati.com/suino-fettine-scelte" class="estDynamic">Suino Fettine Scelte</a>
</li><li>
    <a href="https://www.spesati.com/lavazza-caffe-qualita-rossa-2x250gr" class="estDynamic">Lavazza Caffé Qualità Rossa 2x250gr</a>
</li>                <li>
                    <a class="estDynamic" href="https://www.spesati.com/on-offer">All products on sale</a>
                </li>
            </ul>
        </li>
        <li>
            <a class="estDynamic" href="https://www.spesati.com/gift">
               <img src="http://cdn.spesati.com/images/menu/gift.png"/>
               Gifts            </a>
            <i class="fa fa-angle-right" aria-hidden="true"></i>
            <ul class="sub-menu">
                <li>
    <a href="https://www.spesati.com/gift-card-da-150" class="estDynamic">Gift Card Da 150</a>
</li><li>
    <a href="https://www.spesati.com/gift-card-da-100" class="estDynamic">Gift Card Da 100</a>
</li><li>
    <a href="https://www.spesati.com/gift-card-da-50" class="estDynamic">Gift Card Da 50</a>
</li><li>
    <a href="https://www.spesati.com/gift-card-da-25" class="estDynamic">Gift Card Da 25</a>
</li>                <li>
                    <a class="estDynamic" href="https://www.spesati.com/gift">All products in the gifts category</a>
                </li>
            </ul>
        </li>
        <li>
            <a class="estDynamic" href="https://www.spesati.com/gift-card">
               <img src="http://cdn.spesati.com/images/menu/gift-card.png"/>
               Gift card and discounts            </a>
            <i class="fa fa-angle-right" aria-hidden="true"></i>
            <ul class="sub-menu">
                <li>
    <a href="https://www.spesati.com/gift-card-da-150">Gift Card Da 150</a>
</li><li>
    <a href="https://www.spesati.com/gift-card-da-100">Gift Card Da 100</a>
</li><li>
    <a href="https://www.spesati.com/gift-card-da-50">Gift Card Da 50</a>
</li><li>
    <a href="https://www.spesati.com/gift-card-da-25">Gift Card Da 25</a>
</li>            </ul>
        </li>
        <li>
            <a class="estDynamic" href="https://www.spesati.com/fruit-and-vegetables">
               <img src="http://cdn.spesati.com/images/menu/fuit-and-vegetables.png"/>
               Fruit and vegetables           </a>
            <i class="fa fa-angle-right" aria-hidden="true"></i>
            <ul class="sub-menu">
                <li>
                    <a class="estDynamic" href="https://www.spesati.com/fruit-and-vegetables/pulses-and-beans">Cereals and pulses and beans</a>
                </li>
                <li>
                    <a class="estDynamic" href="https://www.spesati.com/fruit-and-vegetables/fruit">Fruit</a>
                </li>
                <li>
                    <a class="estDynamic" href="https://www.spesati.com/fruit-and-vegetables/canned-fruit">Canned fruit</a>
                </li>
                <li>
                    <a class="estDynamic" href="https://www.spesati.com/fruit-and-vegetables/dried-fruit">Dried fruit</a>
                </li>
                <li>
                    <a class="estDynamic" href="https://www.spesati.com/fruit-and-vegetables/ready-salads">Ready salads</a>
                </li>
                <li>
                    <a class="estDynamic" href="https://www.spesati.com/fruit-and-vegetables/fresh-spices">Fresh spices</a>
                </li>
                <li>
                    <a class="estDynamic" href="https://www.spesati.com/fruit-and-vegetables/vegetables">Vegetables and soy</a>
                </li>
            </ul>
        </li>
        <li>
            <a class="estDynamic" href="https://www.spesati.com/fresh-products">
                <img src="http://cdn.spesati.com/images/menu/fresh-products.png"/>
                Fresh products            </a>
            <i class="fa fa-angle-right" aria-hidden="true"></i>
            <ul class="sub-menu">
                <li>
                    <a class="estDynamic" href="https://www.spesati.com/fresh-products/margarine-and-butter">Butter and margarine</a>
                </li>
                <li>
                    <a class="estDynamic" href="https://www.spesati.com/fresh-products/danone">Danone</a>
                </li>
                <li>
                    <a class="estDynamic" href="https://www.spesati.com/fresh-products/dessert">Dessert</a>
                </li>
                <li>
                    <a class="estDynamic" href="https://www.spesati.com/fresh-products/sweets">Sweets</a>
                </li>
                <li>
                    <a class="estDynamic" href="https://www.spesati.com/fresh-products/dairy-products">Dairy product</a>
                </li>
                <li>
                    <a class="estDynamic" href="https://www.spesati.com/fresh-products/bakery">Yeast</a>
                </li>
                <li>
                    <a class="estDynamic" href="https://www.spesati.com/fresh-products/mascarpone">Mascarpone</a>
                </li>
                <li>
                    <a class="estDynamic" href="https://www.spesati.com/fresh-products/snacks">Snacks</a>
                </li>
                <li>
                    <a class="estDynamic" href="https://www.spesati.com/fresh-products/mozzarella">Mozzarella</a>
                </li>
                <li>
                    <a class="estDynamic" href="https://www.spesati.com/fresh-products/pasta">Pasta</a>
                </li>
                <li>
                    <a class="estDynamic" href="https://www.spesati.com/fresh-products/pesto-and-sauces">Pesto and sauces</a>
                </li>
                <li>
                    <a class="estDynamic" href="https://www.spesati.com/fresh-products/ricotta-and-cheese">Ricotta and cheese</a>
                </li>
                <li>
                    <a class="estDynamic" href="https://www.spesati.com/fresh-products/cured-meat">Cured meat</a>
                </li>
                <li>
                    <a class="estDynamic" href="https://www.spesati.com/fresh-products/wurstel">Würstel</a>
                </li>
                <li>
                    <a class="estDynamic" href="https://www.spesati.com/fresh-products/yogurt">Yogurt</a>
                </li>
            </ul>
        </li>
        <li>
            <a class="estDynamic" href="https://www.spesati.com/frozen-foods">
                <img src="http://cdn.spesati.com/images/menu/frozen-foods.png"/>
                Frozen foods            </a>
            <i class="fa fa-angle-right" aria-hidden="true"></i>
            <ul class="sub-menu">
                <li>
                    <a class="estDynamic" href="https://www.spesati.com/frozen-foods/meat">Meat</a>
                </li>
                <li>
                    <a class="estDynamic" href="https://www.spesati.com/frozen-foods/ice-creams">Ice cream and sweet</a>
                </li>
                <li>
                    <a class="estDynamic" href="https://www.spesati.com/frozen-foods/pasta">Pasta</a>
                </li>
                <li>
                    <a class="estDynamic" href="https://www.spesati.com/frozen-foods/fish">Fish</a>
                </li>
                <li>
                    <a class="estDynamic" href="https://www.spesati.com/frozen-foods/ready-meals">Ready meals</a>
                </li>
                <li>
                    <a class="estDynamic" href="https://www.spesati.com/frozen-foods/pizzas">Pizzas</a>
                </li>
                <li>
                    <a class="estDynamic" href="https://www.spesati.com/frozen-foods/vegetables">Vegetables and soy</a>
                </li>
            </ul>
        </li>
        <li>
            <a class="estDynamic" href="https://www.spesati.com/bread-and-pasta">
                <img src="http://cdn.spesati.com/images/menu/bread-and-pasta.png"/>
                Bread and pasta            </a>
            <i class="fa fa-angle-right" aria-hidden="true"></i>
            <ul class="sub-menu">
                <li>
                    <a class="estDynamic" href="https://www.spesati.com/bread-and-pasta/crackers">Crackers</a>
                </li>
                <li>
                    <a class="estDynamic" href="https://www.spesati.com/bread-and-pasta/rusks">Rusks</a>
                </li>
                <li>
                    <a class="estDynamic" href="https://www.spesati.com/bread-and-pasta/white-bread">White bread</a>
                </li>
                <li>
                    <a class="estDynamic" href="https://www.spesati.com/bread-and-pasta/local-bread">Local bread</a>
                </li>
                <li>
                    <a class="estDynamic" href="https://www.spesati.com/bread-and-pasta/soft-bread">Soft bread</a>
                </li>
                <li>
                    <a class="estDynamic" href="https://www.spesati.com/bread-and-pasta/sardinian-bread">Sardinian bread</a>
                </li>
                <li>
                    <a class="estDynamic" href="https://www.spesati.com/bread-and-pasta/bakery">Bakery</a>
                </li>
                <li>
                    <a class="estDynamic" href="https://www.spesati.com/bread-and-pasta/pasta">Pasta</a>
                </li>
                <li>
                    <a class="estDynamic" href="https://www.spesati.com/bread-and-pasta/fresh-pasta">Fresh pasta</a>
                </li>
            </ul>
        </li>
        <li>
            <a class="estDynamic" href="https://www.spesati.com/meat">
                <img src="http://cdn.spesati.com/images/menu/meat.png"/>
                Meat            </a>
            <i class="fa fa-angle-right" aria-hidden="true"></i>
            <ul class="sub-menu">
                <li>
                    <a class="estDynamic" href="https://www.spesati.com/meat/beef">Beef</a>
                </li>
                <li>
                    <a class="estDynamic" href="https://www.spesati.com/meat/goat">Goat</a>
                </li>
                <li>
                    <a class="estDynamic" href="https://www.spesati.com/meat/packaged-meat">Packaged meat</a>
                </li>
                <li>
                    <a class="estDynamic" href="https://www.spesati.com/meat/rabbit">Rabbit</a>
                </li>
                <li>
                    <a class="estDynamic" href="https://www.spesati.com/meat/horse">Horse</a>
                </li>
                <li>
                    <a class="estDynamic" href="https://www.spesati.com/meat/pork">Pork</a>
                </li>
                <li>
                    <a class="estDynamic" href="https://www.spesati.com/meat/lamb">Lamb</a>
                </li>
                <li>
                    <a class="estDynamic" href="https://www.spesati.com/meat/poultry">Poultry</a>
                </li>
            </ul>
        </li>
        <li>
            <a class="estDynamic" href="https://www.spesati.com/fish">
                <img src="http://cdn.spesati.com/images/menu/fish.png"/>
                Fish            </a>
            <i class="fa fa-angle-right" aria-hidden="true"></i>
            <ul class="sub-menu">
                <li>
                    <a class="estDynamic" href="https://www.spesati.com/fish/fresh-water">Fresh water</a>
                </li>
                <li>
                    <a class="estDynamic" href="https://www.spesati.com/fish/salt-water">Salt water</a>
                </li>
                <li>
                    <a class="estDynamic" href="https://www.spesati.com/fish/mussels">Mussels</a>
                </li>
                <li>
                    <a class="estDynamic" href="https://www.spesati.com/fish/dried-and-salted">Dried and salted</a>
                </li>
                <li>
                    <a class="estDynamic" href="https://www.spesati.com/fish/seafood-salad">Seafood salad</a>
                </li>
                <li>
                    <a class="estDynamic" href="https://www.spesati.com/fish/prepared">Prepared</a>
                </li>
                <li>
                    <a class="estDynamic" href="https://www.spesati.com/fish/specialty">Specialty</a>
                </li>   
                <li>
                    <a class="estDynamic" href="https://www.spesati.com/fish/tuna-and-salmon">Tuna and salmon</a>
                </li>
            </ul>
        </li>
        <li>
            <a class="estDynamic" href="https://www.spesati.com/wine-beer-and-spirits">
                <img src="http://cdn.spesati.com/images/menu/alcohol.png"/>
                Wine beer and spirits            </a>
            <i class="fa fa-angle-right" aria-hidden="true"></i>
            <ul class="sub-menu">
                <li>
                    <a class="estDynamic" href="https://www.spesati.com/wine-beer-and-spirits/spirits-and-liquors">Alcohol</a>
                </li>
                <li>
                    <a class="estDynamic" href="https://www.spesati.com/wine-beer-and-spirits/bitters">Bitters</a>
                </li>
                <li>
                    <a class="estDynamic" href="https://www.spesati.com/wine-beer-and-spirits/aperatif">Aperatifs</a>
                </li>
                <li>
                    <a class="estDynamic" href="https://www.spesati.com/wine-beer-and-spirits/beer">Beer</a>
                </li>
                <li>
                    <a class="estDynamic" href="https://www.spesati.com/wine-beer-and-spirits/creams">Creams</a>
                </li>
                <li>
                    <a class="estDynamic" href="https://www.spesati.com/wine-beer-and-spirits/spirits">Spirits</a>
                </li>
                <li>
                    <a class="estDynamic" href="https://www.spesati.com/wine-beer-and-spirits/liquors">Liquors</a>
                </li>
                <li>
                    <a class="estDynamic" href="https://www.spesati.com/wine-beer-and-spirits/white-wine">White wine</a>
                </li>
                <li>
                    <a class="estDynamic" href="https://www.spesati.com/wine-beer-and-spirits/prosecco-wine">Prosecco wine</a>
                </li>
                <li>
                    <a class="estDynamic" href="https://www.spesati.com/wine-beer-and-spirits/rose-wine">Rose wine</a>
                </li>
                <li>
                    <a class="estDynamic" href="https://www.spesati.com/wine-beer-and-spirits/red-wine">Red wine</a>
                </li>
                <li>
                    <a class="estDynamic" href="https://www.spesati.com/wine-beer-and-spirits/specialty-wine">Special wine</a>
                </li>
                <li>
                    <a class="estDynamic" href="https://www.spesati.com/wine-beer-and-spirits/sparkling-wine">Sparkling wine</a>
                </li>
                <li>
                    <a class="estDynamic" href="https://www.spesati.com/wine-beer-and-spirits/vermentino-wine">Vermentino wine</a>
                </li>
            </ul>
        </li>
        <li>
            <a class="estDynamic" href="https://www.spesati.com/water-and-drinks">
                <img src="http://cdn.spesati.com/images/menu/water-and-drinks.png"/>
                Water and drinks            </a>
            <i class="fa fa-angle-right" aria-hidden="true"></i>
            <ul class="sub-menu">
                <li>
                    <a class="estDynamic" href="https://www.spesati.com/water-and-drinks/san-martino">San Martino</a>
                </li>
                <li>
                    <a class="estDynamic" href="https://www.spesati.com/water-and-drinks/water">Water</a>
                </li>
                <li>
                    <a class="estDynamic" href="https://www.spesati.com/water-and-drinks/alpro">Alpro</a>
                </li>
                <li>
                    <a class="estDynamic" href="https://www.spesati.com/water-and-drinks/fizzy-drinks">Fizzy drinks</a>
                </li>
                <li>
                    <a class="estDynamic" href="https://www.spesati.com/water-and-drinks/coca-cola">Coca-Cola</a>
                </li>
                <li>
                    <a class="estDynamic" href="https://www.spesati.com/water-and-drinks/energy-drink">Energy drink</a>
                </li>
                <li>
                    <a class="estDynamic" href="https://www.spesati.com/water-and-drinks/syrups">Syrups</a>
                </li>
                <li>
                    <a class="estDynamic" href="https://www.spesati.com/water-and-drinks/supplements">Supplements</a>
                </li>
                <li>
                    <a class="estDynamic" href="https://www.spesati.com/water-and-drinks/instant-drinks">Instant drinks</a>
                </li>
                <li>
                    <a class="estDynamic" href="https://www.spesati.com/water-and-drinks/juice">Juice</a>
                </li>
                <li>
                    <a class="estDynamic" href="https://www.spesati.com/water-and-drinks/tea">Tea</a>
                </li>
            </ul>
        </li>
        <li>
            <a class="estDynamic" href="https://www.spesati.com/sweets">
                <img src="http://cdn.spesati.com/images/menu/sweets.png"/>
                Sweets            </a>
            <i class="fa fa-angle-right" aria-hidden="true"></i>
            <ul class="sub-menu">
                <li>
                    <a class="estDynamic" href="https://www.spesati.com/sweets/bars-and-snacks">Bars and snacks</a>
                </li>
                <li>
                    <a class="estDynamic" href="https://www.spesati.com/sweets/biscuits">Biscuits</a>
                </li>
                <li>
                    <a class="estDynamic" href="https://www.spesati.com/sweets/brioches">Brioches</a>
                </li>
                <li>
                    <a class="estDynamic" href="https://www.spesati.com/sweets/candy-and-chewing-gum">Candy and chewing gum</a>
                </li>
                <li>
                    <a class="estDynamic" href="https://www.spesati.com/sweets/cereals">Cereals</a>
                </li>
                <li>
                    <a class="estDynamic" href="https://www.spesati.com/sweets/chocolate">Chocolate</a>
                </li>
                <li>
                    <a class="estDynamic" href="https://www.spesati.com/sweets/spreadable-creams">Spreads</a>
                </li>
                <li>
                    <a class="estDynamic" href="https://www.spesati.com/sweets/dessert-toppings">Dessert toppings</a>
                </li>
                <li>
                    <a class="estDynamic" href="https://www.spesati.com/sweets/jam">Jam</a>
                </li>
                <li>
                    <a class="estDynamic" href="https://www.spesati.com/sweets/honey">Honey</a>
                </li>
                <li>
                    <a class="estDynamic" href="https://www.spesati.com/sweets/panettoni-and-pandoro">Panettone and pandoro</a>
                </li>
                <li>
                    <a class="estDynamic" href="https://www.spesati.com/sweets/pastry">Pastry</a>
                </li>
                <li>
                    <a class="estDynamic" href="https://www.spesati.com/sweets/instant-dessert">Prepared</a>
                </li>
                <li>
                    <a class="estDynamic" href="https://www.spesati.com/sweets/cakes-and-pies">Cakes and pies</a>
                </li>
                <li>
                    <a class="estDynamic" href="https://www.spesati.com/sweets/easter-eggs-and-doves">Easter eggs and doves</a>
                </li>
            </ul>
        </li>
        <li>
            <a class="estDynamic" href="https://www.spesati.com/shelf">
                <img src="http://cdn.spesati.com/images/menu/shelf.png"/>
                Cupboard            </a>
            <i class="fa fa-angle-right" aria-hidden="true"></i>
            <ul class="sub-menu">
                <li>
                    <a class="estDynamic" href="https://www.spesati.com/shelf/coffee">Coffee</a>
                </li>
                <li>
                    <a class="estDynamic" href="https://www.spesati.com/shelf/gift-baskets">Gift baskets</a>
                </li>
                <li>
                    <a class="estDynamic" href="https://www.spesati.com/shelf/stock-cubes">Nuts and preparations</a>
                </li>
                <li>
                    <a class="estDynamic" href="https://www.spesati.com/shelf/flour-and-baking">Flour and baking</a>
                </li>
                <li>
                    <a class="estDynamic" href="https://www.spesati.com/shelf/milk">Milk</a>
                </li>
                <li>
                    <a class="estDynamic" href="https://www.spesati.com/shelf/oil-salt-vinegar">Oil, vinegar and salt</a>
                </li>
                <li>
                    <a class="estDynamic" href="https://www.spesati.com/shelf/cream-and-bechamel">Cream and bechamel</a>
                </li>
                <li>
                    <a class="estDynamic" href="https://www.spesati.com/shelf/crisps-and-pretzels">Crisps and pretzels</a>
                </li>
                <li>
                    <a class="estDynamic" href="https://www.spesati.com/shelf/baby-and-infants-products">Early childhood products</a>
                </li>
                <li>
                    <a class="estDynamic" href="https://www.spesati.com/shelf/rice">Rice</a>
                </li>
                <li>
                    <a class="estDynamic" href="https://www.spesati.com/shelf/tins-and-preserves">Tins and Preserves</a>
                </li>
                <li>
                    <a class="estDynamic" href="https://www.spesati.com/shelf/spices">Spices</a>
                </li>
                <li>
                    <a class="estDynamic" href="https://www.spesati.com/shelf/sauces">Sauces</a>
                </li>
                <li>
                    <a class="estDynamic" href="https://www.spesati.com/shelf/tea-and-infusions">Tea and infusions</a>
                </li>
                <li>
                    <a class="estDynamic" href="https://www.spesati.com/shelf/eggs">Eggs</a>
                </li>
                <li>
                    <a class="estDynamic" href="https://www.spesati.com/shelf/sugar-and-sweeteners">Sugar and sweeteners</a>
                </li>
            </ul>
        </li>
        <li>
            <a class="estDynamic" href="https://www.spesati.com/personal-care">
                <img src="http://cdn.spesati.com/images/menu/personal-care.png"/>
                Personal care            </a>
            <i class="fa fa-angle-right" aria-hidden="true"></i>
            <ul class="sub-menu">
                <li>
                    <a class="estDynamic" href="https://www.spesati.com/personal-care/accessories-and-cotton">Accessories and cotton</a>
                </li>
                <li>
                    <a class="estDynamic" href="https://www.spesati.com/personal-care/feminine-care-incontinence-and-baby-diapers">Feminine incontinence and diapers</a>
                </li>
                <li>
                    <a class="estDynamic" href="https://www.spesati.com/personal-care/shower-gel">Shower gel</a>
                </li>
                <li>
                    <a class="estDynamic" href="https://www.spesati.com/personal-care/creams">Creams</a>
                </li>
                <li>
                    <a class="estDynamic" href="https://www.spesati.com/personal-care/deodorant">Deodorant</a>
                </li>
                <li>
                    <a class="estDynamic" href="https://www.spesati.com/personal-care/hair-removal">Hair removal</a>
                </li>
                <li>
                    <a class="estDynamic" href="https://www.spesati.com/personal-care/disinfectants">Disinfectants</a>
                </li>
                <li>
                    <a class="estDynamic" href="https://www.spesati.com/personal-care/oral-hygiene">Oral hygiene</a>
                </li>
                <li>
                    <a class="estDynamic" href="https://www.spesati.com/personal-care/supplements-and-multivitamins">Supplements and multivitamins</a>
                </li>
                <li>
                    <a class="estDynamic" href="https://www.spesati.com/personal-care/first-aid">First aid label</a>
                </li>
                <li>
                    <a class="estDynamic" href="https://www.spesati.com/personal-care/beard-products">Beard products</a>
                </li>
                <li>
                    <a class="estDynamic" href="https://www.spesati.com/personal-care/hairs-products">Hair products</a>
                </li>
                <li>
                    <a class="estDynamic" href="https://www.spesati.com/personal-care/perfume">Perfumes</a>
                </li>
                <li>
                    <a class="estDynamic" href="https://www.spesati.com/personal-care/wipes">Wipes</a>
                </li>
                <li>
                    <a class="estDynamic" href="https://www.spesati.com/personal-care/soaps-and-body-wash">Soaps and body wash</a>
                </li>
                <li>
                    <a class="estDynamic" href="https://www.spesati.com/personal-care/shampoo-and-conditioner">Shampoo and conditioner</a>
                </li>
            </ul>
        </li>
        <li>
            <a class="estDynamic" href="https://www.spesati.com/household-and-outdoors">
                <img src="http://cdn.spesati.com/images/menu/pellet-and-home.png"/>
                Home and outdoors 
            </a>
            <i class="fa fa-angle-right" aria-hidden="true"></i>
            <ul class="sub-menu">
                <li>
                    <a class="estDynamic" href="https://www.spesati.com/household-and-outdoors/distilled-water">Distilled water</a>
                </li>
                <li>
                    <a class="estDynamic" href="https://www.spesati.com/household-and-outdoors/car-products">Cars</a>
                </li>
                <li>
                    <a class="estDynamic" href="https://www.spesati.com/household-and-outdoors/bin-bags-and-buckets">Bin bags and buckets</a>
                </li>
                <li>
                    <a class="estDynamic" href="https://www.spesati.com/household-and-outdoors/bleach-and-stain-removers">Bleach and stain removers</a>
                </li>
                <li>
                    <a class="estDynamic" href="https://www.spesati.com/household-and-outdoors/candles">Candles</a>
                </li>
                <li>
                    <a class="estDynamic" href="https://www.spesati.com/household-and-outdoors/kitchen-roll">Kitchen roll</a>
                </li>
                <li>
                    <a class="estDynamic" href="https://www.spesati.com/household-and-outdoors/air-fresheners">Air fresheners</a>
                </li>
                <li>
                    <a class="estDynamic" href="https://www.spesati.com/household-and-outdoors/laundry-accessories-and-detergent">Laundry detergent</a>
                </li>
                <li>
                    <a class="estDynamic" href="https://www.spesati.com/household-and-outdoors/dishwasher-and-washing-up">Dishwasher and washing up</a>
                </li>
                <li>
                    <a class="estDynamic" href="https://www.spesati.com/household-and-outdoors/gardening">Gardening</a>
                </li>
                <li>
                    <a class="estDynamic" href="https://www.spesati.com/household-and-outdoors/light-bulbs-and-batteries">Lightbulbs and batteries</a>
                </li>
                <li>
                    <a class="estDynamic" href="https://www.spesati.com/household-and-outdoors/pellet-and-bbq">Pellet and BBQ</a>
                </li>
                <li>
                    <a class="estDynamic" href="https://www.spesati.com/household-and-outdoors/bathroom-products">Bathroom products</a>
                </li>
                <li>
                    <a class="estDynamic" href="https://www.spesati.com/household-and-outdoors/home-and-furniture-products">Home and furniture products</a>
                </li>
                <li>
                    <a class="estDynamic" href="https://www.spesati.com/household-and-outdoors/kitchen-products">Kitchen products</a>
                </li>
                <li>
                    <a class="estDynamic" href="https://www.spesati.com/household-and-outdoors/window-and-floor-cleaners">Window and floor cleaner</a>
                </li>
                <li>
                    <a class="estDynamic" href="https://www.spesati.com/household-and-outdoors/repellents">Repellents</a>
                </li>
                <li>
                    <a class="estDynamic" href="https://www.spesati.com/household-and-outdoors/disposable-tableware">Disposable tableware</a>
                </li>
            </ul>
        </li>
        <li>
            <a class="estDynamic" href="https://www.spesati.com/pet">
                <img src="http://cdn.spesati.com/images/menu/animals.png"/>
                Pets            </a>
            <i class="fa fa-angle-right" aria-hidden="true"></i>
            <ul class="sub-menu">
                <li>
                    <a class="estDynamic" href="https://www.spesati.com/pets/pet-food-other-animals">Other animals pet food</a>
                </li>
                <li>
                    <a class="estDynamic" href="https://www.spesati.com/pets/pet-food-dogs">Pet food dogs</a>
                </li>
                <li>
                    <a class="estDynamic" href="https://www.spesati.com/pets/pet-food-cats">Pet food cats</a>
                </li>
                <li>
                    <a class="estDynamic" href="https://www.spesati.com/pets/hygiene-and-cleaning">Hygiene and cleaning</a>
                </li>
            </ul>
        </li>
        <li>
            <a class="estDynamic" href="https://www.spesati.com/technology">
                <img src="http://cdn.spesati.com/images/menu/technology.png"/>
                Technology            </a>
            <i class="fa fa-angle-right" aria-hidden="true"></i>
            <ul class="sub-menu">
                <li>
                    <a class="estDynamic" href="https://www.spesati.com/technology/accessories">Accessories</a>
                </li>
                <li>
                    <a class="estDynamic" href="https://www.spesati.com/technology/computer">Computer</a>
                </li>
                <li>
                    <a class="estDynamic" href="https://www.spesati.com/technology/telephones">Telephones</a>
                </li>
                <li>
                    <a class="estDynamic" href="https://www.spesati.com/technology/tv">TV</a>
                </li>
            </ul>
        </li>
        <li>
            <a class="estDynamic" href="https://www.spesati.com/gluten-free">
                <img src="http://cdn.spesati.com/images/menu/gluten-free.png"/>
                Gluten free            </a>
            <i class="fa fa-angle-right" aria-hidden="true"></i>
            <ul class="sub-menu">
                <li>
                    <a class="estDynamic" href="https://www.spesati.com/gluten-free/frozen-foods">Frozen foods</a>
                </li>
                <li>
                    <a class="estDynamic" href="https://www.spesati.com/gluten-free/beer">Beer</a>
                </li>
                <li>
                    <a class="estDynamic" href="https://www.spesati.com/gluten-free/sweets">Sweets</a>
                </li>
                <li>
                    <a class="estDynamic" href="https://www.spesati.com/gluten-free/bread-and-pasta">Bread and pasta</a>
                </li>
                <li>
                    <a class="estDynamic" href="https://www.spesati.com/gluten-free/shelf">Cupboard</a>
                </li>
            </ul>
        </li>
        <li>
            <a class="estDynamic" href="https://www.spesati.com/lactose-free">
                <img src="http://cdn.spesati.com/images/menu/lactose-free.png"/>
                Lactose free            </a>
            <i class="fa fa-angle-right" aria-hidden="true"></i>
            <ul class="sub-menu">
                <li>
                    <a class="estDynamic" href="https://www.spesati.com/lactose-free/frozen-foods">Frozen foods</a>
                </li>
                <li>
                    <a class="estDynamic" href="https://www.spesati.com/lactose-free/sweets">Sweets</a>
                </li>
                <li>
                    <a class="estDynamic" href="https://www.spesati.com/lactose-free/dairy-product">Dairy product</a>
                </li>
                <li>
                    <a class="estDynamic" href="https://www.spesati.com/lactose-free/shelf">Cupboard</a>
                </li>
            </ul>
        </li>
        <li>
            <a class="estDynamic" href="https://www.spesati.com/special">
                <img src="http://cdn.spesati.com/images/menu/special.png"/>
                Special            </a>
            <i class="fa fa-angle-right" aria-hidden="true"></i>
            <ul class="sub-menu">
                <li>
                    <a class="estDynamic" href="https://www.spesati.com/special/alpro">Alpro</a>
                </li>
                <li>
                    <a class="estDynamic" href="https://www.spesati.com/special/organic">Biological</a>
                </li>
                <li>
                    <a class="estDynamic" href="https://www.spesati.com/special/meat">Meat</a>
                </li>
                <li>
                    <a class="estDynamic" href="https://www.spesati.com/special/wholegrain">Wholegrain</a>
                </li>
                <li>
                    <a class="estDynamic" href="https://www.spesati.com/special/bread-and-pasta">Bread and pasta</a>
                </li>
                <li>
                    <a class="estDynamic" href="https://www.spesati.com/special/vegan">Vegan</a>
                </li>
            </ul>
        </li>
        <li>
            <a class="estDynamic" href="https://www.spesati.com/sardinian-products">
                <img src="http://cdn.spesati.com/images/menu/sardinian-products.png"/>
                Sardinian products            </a>
            <i class="fa fa-angle-right" aria-hidden="true"></i>
            <ul class="sub-menu">
                <li>
                    <a class="estDynamic" href="https://www.spesati.com/sardinian-products/drinks">Drinks</a>
                </li>
                <li>
                    <a class="estDynamic" href="https://www.spesati.com/sardinian-products/meat">Meat</a>
                </li>
                <li>
                    <a class="estDynamic" href="https://www.spesati.com/sardinian-products/sweets">Sweets</a>
                </li>
                <li>
                    <a class="estDynamic" href="https://www.spesati.com/sardinian-products/fruit-and-vegetables">Fruit and vegetables</a>
                </li>
                <li>
                    <a class="estDynamic" href="https://www.spesati.com/sardinian-products/ichnusa">Ichnusa</a>
                </li>
                <li>
                    <a class="estDynamic" href="https://www.spesati.com/sardinian-products/dairy-product">Dairy product</a>
                </li>
                <li>
                    <a class="estDynamic" href="https://www.spesati.com/sardinian-products/bread-and-pasta">Bread and pasta</a>
                </li>
                <li>
                    <a class="estDynamic" href="https://www.spesati.com/sardinian-products/fish">Fish</a>
                </li>
                <li>
                    <a class="estDynamic" href="https://www.spesati.com/sardinian-products/cured-meat">Cured meat</a>
                </li>
                <li>
                    <a class="estDynamic" href="https://www.spesati.com/sardinian-products/shelf">Cupboard</a>
                </li>
                <li>
                    <a class="estDynamic" href="https://www.spesati.com/sardinian-products/vermentino-wine">Vermentino wine</a>
                </li>
                <li>
                    <a class="estDynamic" href="https://www.spesati.com/sardinian-products/wine-beer-and-spirits">Wine beer and spirits</a>
                </li>
            </ul>
        </li>
    </ul>
</div>    <div class="colRight">
        <div class="title mobile">
	<a href="https://www.spesati.com/pet"><i class="fa red fa-angle-left fa-3x mobile" aria-hidden="true"></i></a>
	<h2>
		<b>
			pet food dogs		</b>
	</h2>
</div>

<div class="breadcrumb bgGrey internal">
	<p>
		<b>
			<a href="https://www.spesati.com/">Home</a>
												&gt; <a href="https://www.spesati.com/pet">Pets</a>
																&gt; Pet food dogs									</b>
	</p>
	<div>
		<p>Order by</p>
		<select name="orderProd" id="orderProd">
			<option disabled="disabled" selected="selected">- Choose -</option>
			<option value="nameAsc">Name (A - Z)</option>
			<option value="nameDes">Name (Z - A)</option>
			<option value="priceHigh">Price - High to low</option>
			<option value="priceLow">Price - Low to high</option>
			<option value="soldAsc">Best Selling</option>
			<option value="available">Availability</option>
		</select>
	</div>
</div>
        <div class="containerProduct">
            <div class="left product prod1"
        data-name="Simba Cane Crocchette Manzo 4 Kg"
        data-price="7.65"
        data-id="5494"
        data-available="yes"
        data-category="1"
        data-bestselling="1">
    <a href="https://www.spesati.com/simba-cane-crocchette-manzo-4-kg">
        <div style="background-image: url('https://cdn.spesati.com/images/products/6843402/simba-cane-crocchette-01.jpg')">
            <div class="hover"></div>
            <p class="arrow bgRed white">Best Seller</p>
            <div class="stickers"></div>
        </div>
    </a>
    <div>
        <h4><a href="https://www.spesati.com/simba-cane-crocchette-manzo-4-kg"><b>Simba Cane Crocchette Manzo 4 Kg</b></a></h4>
        <p class="description">4 Kg</p>
        <p class="right price"><b>7.65 €</b></p>
        <p class="right unitPrice">1.92 € per kg</p>
    </div>
    <div class="contButton">
    <a class="button bgRed white addToCart" href="#">Add</a>
</div>
</div><div class="left product prod2"
        data-name="Riso Soffiato Cane Della Sardegna 1Kg"
        data-price="5.49"
        data-id="6480"
        data-available="yes"
        data-category="1"
        data-bestselling="">
    <a href="https://www.spesati.com/riso-soffiato-cane-della-sardegna-1kg">
        <div style="background-image: url('https://cdn.spesati.com/images/products/116302/riso-soffiato-cane-01.jpg')">
            <div class="hover"></div>
            
            <div class="stickers"></div>
        </div>
    </a>
    <div>
        <h4><a href="https://www.spesati.com/riso-soffiato-cane-della-sardegna-1kg"><b>Riso Soffiato Cane Della Sardegna 1Kg</b></a></h4>
        <p class="description">1 Kg</p>
        <p class="right price"><b>5.49 €</b></p>
        <p class="right unitPrice">5.49 € per kg</p>
    </div>
    <div class="contButton">
    <a class="button bgRed white addToCart" href="#">Add</a>
</div>
</div><div class="left product prod3"
        data-name="Adoc Dog Natural Ton/car 100g"
        data-price="1.69"
        data-id="86563"
        data-available="yes"
        data-category="1"
        data-bestselling="">
    <a href="https://www.spesati.com/adoc-dog-natural-toncar-100g">
        <div style="background-image: url('https://cdn.spesati.com/images/products/000446522/adoc-naturally-premium-filetti-di-tonnetto-con-carote-100-g-01.png')">
            <div class="hover"></div>
            
            <div class="stickers"></div>
        </div>
    </a>
    <div>
        <h4><a href="https://www.spesati.com/adoc-dog-natural-toncar-100g"><b>Adoc Dog Natural Ton/car 100g</b></a></h4>
        <p class="description">ADoC Naturally Premium Filetti di Tonnetto con Carote 100 g</p>
        <p class="right price"><b>1.69 €</b></p>
        <p class="right unitPrice">16.90 € per kg</p>
    </div>
    <div class="contButton">
    <a class="button bgRed white addToCart" href="#">Add</a>
</div>
</div><div class="left product prod4"
        data-name="Adoc Dog Wild Selvaggina 100gr"
        data-price="1.23"
        data-id="65256"
        data-available="yes"
        data-category="1"
        data-bestselling="">
    <a href="https://www.spesati.com/adoc-dog-wild-selvaggina-100gr">
        <div style="background-image: url('https://cdn.spesati.com/images/products/000435806/adoc-day-by-day-wild-con-selvaggina-ed-erbe-di-montagna-100-g-01.png')">
            <div class="hover"></div>
            
            <div class="stickers"></div>
        </div>
    </a>
    <div>
        <h4><a href="https://www.spesati.com/adoc-dog-wild-selvaggina-100gr"><b>Adoc Dog Wild Selvaggina 100gr</b></a></h4>
        <p class="description">ADoC Day by Day Wild con Selvaggina ed erbe di montagna 100 g</p>
        <p class="right price"><b>1.23 €</b></p>
        <p class="right unitPrice">12.29 € per kg</p>
    </div>
    <div class="contButton">
    <a class="button bgRed white addToCart" href="#">Add</a>
</div>
</div><div class="left product prod5"
        data-name="Adoc Dog Wild Anatra 100gr"
        data-price="1.23"
        data-id="65253"
        data-available="yes"
        data-category="1"
        data-bestselling="">
    <a href="https://www.spesati.com/adoc-dog-wild-anatra-100gr">
        <div style="background-image: url('https://cdn.spesati.com/images/products/000435758/adoc-day-by-day-wild-con-anatra-ed-erbe-di-montagna-100-g-01.png')">
            <div class="hover"></div>
            
            <div class="stickers"></div>
        </div>
    </a>
    <div>
        <h4><a href="https://www.spesati.com/adoc-dog-wild-anatra-100gr"><b>Adoc Dog Wild Anatra 100gr</b></a></h4>
        <p class="description">ADoC Day by Day Wild con Anatra ed erbe di montagna 100 g</p>
        <p class="right price"><b>1.23 €</b></p>
        <p class="right unitPrice">12.29 € per kg</p>
    </div>
    <div class="contButton">
    <a class="button bgRed white addToCart" href="#">Add</a>
</div>
</div><div class="left product prod6"
        data-name="Adoc Dog Manzo Bio 100gr"
        data-price="2.09"
        data-id="65250"
        data-available="yes"
        data-category="1"
        data-bestselling="">
    <a href="https://www.spesati.com/adoc-dog-manzo-bio-100gr">
        <div style="background-image: url('https://cdn.spesati.com/images/products/000435757/adoc-naturally-premium-filetti-pollo-170-g-01.png')">
            <div class="hover"></div>
            
            <div class="stickers"></div>
        </div>
    </a>
    <div>
        <h4><a href="https://www.spesati.com/adoc-dog-manzo-bio-100gr"><b>Adoc Dog Manzo Bio 100gr</b></a></h4>
        <p class="description">ADoC Naturally Premium Filetti Pollo 170 g</p>
        <p class="right price"><b>2.09 €</b></p>
        <p class="right unitPrice">20.90 € per kg</p>
    </div>
    <div class="contButton">
    <a class="button bgRed white addToCart" href="#">Add</a>
</div>
</div><div class="left product prod7"
        data-name="Adoc Dog Maiale Bio 100gr"
        data-price="2.09"
        data-id="65247"
        data-available="yes"
        data-category="1"
        data-bestselling="">
    <a href="https://www.spesati.com/adoc-dog-maiale-bio-100gr">
        <div style="background-image: url('https://cdn.spesati.com/images/products/000435756/adoc-naturally-premium-trancetti-di-tonnetto-170-g-01.png')">
            <div class="hover"></div>
            
            <div class="stickers"></div>
        </div>
    </a>
    <div>
        <h4><a href="https://www.spesati.com/adoc-dog-maiale-bio-100gr"><b>Adoc Dog Maiale Bio 100gr</b></a></h4>
        <p class="description">ADoC Naturally Premium Trancetti di Tonnetto 170 g</p>
        <p class="right price"><b>2.09 €</b></p>
        <p class="right unitPrice">20.90 € per kg</p>
    </div>
    <div class="contButton">
    <a class="button bgRed white addToCart" href="#">Add</a>
</div>
</div><div class="left product prod8"
        data-name="Crocchette Simba Cane Pollo Sacco 20kg"
        data-price="34.50"
        data-id="32752"
        data-available="yes"
        data-category="1"
        data-bestselling="">
    <a href="https://www.spesati.com/crocchette-simba-cane-pollo-sacco-20kg">
        <div style="background-image: url('https://cdn.spesati.com/images/products/000402799/simba-crocchette-con-pollo-20-kg-01.png')">
            <div class="hover"></div>
            
            <div class="stickers"></div>
        </div>
    </a>
    <div>
        <h4><a href="https://www.spesati.com/crocchette-simba-cane-pollo-sacco-20kg"><b>Crocchette Simba Cane Pollo Sacco 20kg</b></a></h4>
        <p class="description">Simba Crocchette con Pollo 20 kg</p>
        <p class="right price"><b>34.50 €</b></p>
        <p class="right unitPrice">1.72 € per kg</p>
    </div>
    <div class="contButton">
    <a class="button bgRed white addToCart" href="#">Add</a>
</div>
</div><div class="left product prod9"
        data-name="Crocchette Simba Cane Manzo Sacco 20kg"
        data-price="34.50"
        data-id="32751"
        data-available="yes"
        data-category="1"
        data-bestselling="">
    <a href="https://www.spesati.com/crocchette-simba-cane-manzo-sacco-20kg">
        <div style="background-image: url('https://cdn.spesati.com/images/products/000402798/simba-crocchette-con-manzo-20-kg-01.png')">
            <div class="hover"></div>
            
            <div class="stickers"></div>
        </div>
    </a>
    <div>
        <h4><a href="https://www.spesati.com/crocchette-simba-cane-manzo-sacco-20kg"><b>Crocchette Simba Cane Manzo Sacco 20kg</b></a></h4>
        <p class="description">Simba Crocchette con Manzo 20 kg</p>
        <p class="right price"><b>34.50 €</b></p>
        <p class="right unitPrice">1.72 € per kg</p>
    </div>
    <div class="contButton">
    <a class="button bgRed white addToCart" href="#">Add</a>
</div>
</div><div class="left product prod10"
        data-name="Crocc Ultima Dog Mini Chih 800"
        data-price="4.15"
        data-id="32746"
        data-available="yes"
        data-category="1"
        data-bestselling="">
    <a href="https://www.spesati.com/crocc-ultima-dog-mini-chih-800">
        <div style="background-image: url('https://cdn.spesati.com/images/products/000402781/ultima-dog-chihuahua-800-g-01.png')">
            <div class="hover"></div>
            
            <div class="stickers"></div>
        </div>
    </a>
    <div>
        <h4><a href="https://www.spesati.com/crocc-ultima-dog-mini-chih-800"><b>Crocc Ultima Dog Mini Chih 800</b></a></h4>
        <p class="description">ultima Dog Chihuahua 800 g</p>
        <p class="right price"><b>4.15 €</b></p>
        <p class="right unitPrice">5.19 € per kg</p>
    </div>
    <div class="contButton">
    <a class="button bgRed white addToCart" href="#">Add</a>
</div>
</div><div class="left product prod11"
        data-name="Crocc Ultima Dog Mini York 800"
        data-price="4.15"
        data-id="32745"
        data-available="yes"
        data-category="1"
        data-bestselling="">
    <a href="https://www.spesati.com/crocc-ultima-dog-mini-york-800">
        <div style="background-image: url('https://cdn.spesati.com/images/products/000402779/ultima-yorkshire-terrier-pollo-800-g-01.png')">
            <div class="hover"></div>
            
            <div class="stickers"></div>
        </div>
    </a>
    <div>
        <h4><a href="https://www.spesati.com/crocc-ultima-dog-mini-york-800"><b>Crocc Ultima Dog Mini York 800</b></a></h4>
        <p class="description">ultima Yorkshire Terrier Pollo 800 g</p>
        <p class="right price"><b>4.15 €</b></p>
        <p class="right unitPrice">5.19 € per kg</p>
    </div>
    <div class="contButton">
    <a class="button bgRed white addToCart" href="#">Add</a>
</div>
</div><div class="left product prod12"
        data-name="Crancy Puffy Dog 60Gr"
        data-price="1.79"
        data-id="4414"
        data-available="yes"
        data-category="1"
        data-bestselling="1">
    <a href="https://www.spesati.com/crancy-puffy-dog-60gr">
        <div style="background-image: url('https://cdn.spesati.com/images/products/000402759/giuntini-crancy-puffydog-60-g-01.png')">
            <div class="hover"></div>
            <p class="arrow bgRed white">Best Seller</p>
            <div class="stickers"></div>
        </div>
    </a>
    <div>
        <h4><a href="https://www.spesati.com/crancy-puffy-dog-60gr"><b>Crancy Puffy Dog 60Gr</b></a></h4>
        <p class="description">Giuntini Crancy PuffyDog 60 g</p>
        <p class="right price"><b>1.79 €</b></p>
        <p class="right unitPrice">29.83 € per kg</p>
    </div>
    <div class="contButton">
    <a class="button bgRed white addToCart" href="#">Add</a>
</div>
</div><div class="left product prod13"
        data-name="Biscot Crancy Plus 12 Vit 500g"
        data-price="3.05"
        data-id="32737"
        data-available="yes"
        data-category="1"
        data-bestselling="">
    <a href="https://www.spesati.com/biscot-crancy-plus-12-vit-500g">
        <div style="background-image: url('https://cdn.spesati.com/images/products/000402758/giuntini-crancy-biscotti-plus-dog-500-g-01.png')">
            <div class="hover"></div>
            
            <div class="stickers"></div>
        </div>
    </a>
    <div>
        <h4><a href="https://www.spesati.com/biscot-crancy-plus-12-vit-500g"><b>Biscot Crancy Plus 12 Vit 500g</b></a></h4>
        <p class="description">Giuntini Crancy Biscotti plus dog 500 g</p>
        <p class="right price"><b>3.05 €</b></p>
        <p class="right unitPrice">6.10 € per kg</p>
    </div>
    <div class="contButton">
    <a class="button bgRed white addToCart" href="#">Add</a>
</div>
</div><div class="left product prod14"
        data-name="Simba Cane Pollo Tacchino"
        data-price="1.69"
        data-id="4285"
        data-available="yes"
        data-category="1"
        data-bestselling="4">
    <a href="https://www.spesati.com/simba-cane-pollo-tacchino">
        <div style="background-image: url('https://cdn.spesati.com/images/products/000402739/simba-bocconi-con-pollo-e-tacchino-1230-g-01.png')">
            <div class="hover"></div>
            <p class="arrow bgRed white">Best Seller</p>
            <div class="stickers"></div>
        </div>
    </a>
    <div>
        <h4><a href="https://www.spesati.com/simba-cane-pollo-tacchino"><b>Simba Cane Pollo Tacchino</b></a></h4>
        <p class="description">Simba Bocconi con Pollo e Tacchino 1230 g</p>
        <p class="right price"><b>1.69 €</b></p>
        <p class="right unitPrice">1.38 € per kg</p>
    </div>
    <div class="contButton">
    <a class="button bgRed white addToCart" href="#">Add</a>
</div>
</div><div class="left product prod15"
        data-name="Simba Cane Vitello"
        data-price="1.69"
        data-id="104"
        data-available="yes"
        data-category="1"
        data-bestselling="4">
    <a href="https://www.spesati.com/simba-cane-vitello">
        <div style="background-image: url('https://cdn.spesati.com/images/products/000402738/simba-bocconi-con-carne-1230-g-01.png')">
            <div class="hover"></div>
            <p class="arrow bgRed white">Best Seller</p>
            <div class="stickers"></div>
        </div>
    </a>
    <div>
        <h4><a href="https://www.spesati.com/simba-cane-vitello"><b>Simba Cane Vitello</b></a></h4>
        <p class="description">Simba Bocconi con Carne 1230 g</p>
        <p class="right price"><b>1.69 €</b></p>
        <p class="right unitPrice">1.38 € per kg</p>
    </div>
    <div class="contButton">
    <a class="button bgRed white addToCart" href="#">Add</a>
</div>
</div><div class="left product prod16"
        data-name="Simba Cane Pollo Tacchino Gr 400"
        data-price="0.89"
        data-id="5489"
        data-available="yes"
        data-category="1"
        data-bestselling="">
    <a href="https://www.spesati.com/simba-cane-pollo-tacchino-gr-400">
        <div style="background-image: url('https://cdn.spesati.com/images/products/000402737/simba-bocconi-con-pollo-e-tacchino-415-g-01.png')">
            <div class="hover"></div>
            
            <div class="stickers"></div>
        </div>
    </a>
    <div>
        <h4><a href="https://www.spesati.com/simba-cane-pollo-tacchino-gr-400"><b>Simba Cane Pollo Tacchino Gr 400</b></a></h4>
        <p class="description">Simba Bocconi con Pollo e Tacchino 415 g</p>
        <p class="right price"><b>0.89 €</b></p>
        <p class="right unitPrice">2.15 € per kg</p>
    </div>
    <div class="contButton">
    <a class="button bgRed white addToCart" href="#">Add</a>
</div>
</div><div class="left product prod17"
        data-name="Simba Cane Vitello Gr 400"
        data-price="0.89"
        data-id="5488"
        data-available="yes"
        data-category="1"
        data-bestselling="">
    <a href="https://www.spesati.com/simba-cane-vitello-gr-400">
        <div style="background-image: url('https://cdn.spesati.com/images/products/000402736/simba-bocconi-con-carne-415-g-01.png')">
            <div class="hover"></div>
            
            <div class="stickers"></div>
        </div>
    </a>
    <div>
        <h4><a href="https://www.spesati.com/simba-cane-vitello-gr-400"><b>Simba Cane Vitello Gr 400</b></a></h4>
        <p class="description">Simba Bocconi con Carne 415 g</p>
        <p class="right price"><b>0.89 €</b></p>
        <p class="right unitPrice">2.23 € per kg</p>
    </div>
    <div class="contButton">
    <a class="button bgRed white addToCart" href="#">Add</a>
</div>
</div><div class="left product prod18"
        data-name="Cesar Vaschetta Cane Manzo E Verdurine 150Gr"
        data-price="1.39"
        data-id="4393"
        data-available="yes"
        data-category="1"
        data-bestselling="8">
    <a href="https://www.spesati.com/cesar-vaschetta-cane-manzo-e-verdurine-150gr">
        <div style="background-image: url('https://cdn.spesati.com/images/products/000402649/cesar-selezioni-dellorto-cibo-umido-cane-in-vaschetta-con-manzo-e-verdure-dellorto-150-g-01.png')">
            <div class="hover"></div>
            <p class="arrow bgRed white">Best Seller</p>
            <div class="stickers"></div>
        </div>
    </a>
    <div>
        <h4><a href="https://www.spesati.com/cesar-vaschetta-cane-manzo-e-verdurine-150gr"><b>Cesar Vaschetta Cane Manzo E Verdurine 150Gr</b></a></h4>
        <p class="description">Cesar Selezioni dell'Orto Cibo Umido Cane in Vaschetta con Manzo e Verdure dell'Orto 150 g</p>
        <p class="right price"><b>1.39 €</b></p>
        <p class="right unitPrice">9.26 € per kg</p>
    </div>
    <div class="contButton">
    <a class="button bgRed white addToCart" href="#">Add</a>
</div>
</div><div class="left product prod19"
        data-name="Crocc Special Dog Exc Mini 800"
        data-price="6.49"
        data-id="32720"
        data-available="yes"
        data-category="1"
        data-bestselling="">
    <a href="https://www.spesati.com/crocc-special-dog-exc-mini-800">
        <div style="background-image: url('https://cdn.spesati.com/images/products/000402613/special-dog-excellence-mini-adult-pollo-800-g-01.png')">
            <div class="hover"></div>
            
            <div class="stickers"></div>
        </div>
    </a>
    <div>
        <h4><a href="https://www.spesati.com/crocc-special-dog-exc-mini-800"><b>Crocc Special Dog Exc Mini 800</b></a></h4>
        <p class="description">Special Dog Excellence Mini Adult Pollo 800 g</p>
        <p class="right price"><b>6.49 €</b></p>
        <p class="right unitPrice">8.11 € per kg</p>
    </div>
    <div class="contButton">
    <a class="button bgRed white addToCart" href="#">Add</a>
</div>
</div><div class="left product prod20"
        data-name="Pedigree Multi Biscrok 500Gr"
        data-price="3.49"
        data-id="6591"
        data-available="yes"
        data-category="1"
        data-bestselling="1">
    <a href="https://www.spesati.com/pedigree-multi-biscrok-500gr">
        <div style="background-image: url('https://cdn.spesati.com/images/products/000402542/pedigree-biscrok-biscotti-cane-multi-mix-500-g-01.png')">
            <div class="hover"></div>
            <p class="arrow bgRed white">Best Seller</p>
            <div class="stickers"></div>
        </div>
    </a>
    <div>
        <h4><a href="https://www.spesati.com/pedigree-multi-biscrok-500gr"><b>Pedigree Multi Biscrok 500Gr</b></a></h4>
        <p class="description">Pedigree Biscrok Biscotti Cane Multi Mix 500 g</p>
        <p class="right price"><b>3.49 €</b></p>
        <p class="right unitPrice">6.98 € per kg</p>
    </div>
    <div class="contButton">
    <a class="button bgRed white addToCart" href="#">Add</a>
</div>
</div><div class="left product prod21"
        data-name="Special Dog Crocchette 10Kg"
        data-price="26.90"
        data-id="6509"
        data-available="yes"
        data-category="1"
        data-bestselling="">
    <a href="https://www.spesati.com/special-dog-crocchette-10kg">
        <div style="background-image: url('https://cdn.spesati.com/images/products/000402521/special-dog-classic-10-kg-01.png')">
            <div class="hover"></div>
            
            <div class="stickers"></div>
        </div>
    </a>
    <div>
        <h4><a href="https://www.spesati.com/special-dog-crocchette-10kg"><b>Special Dog Crocchette 10Kg</b></a></h4>
        <p class="description">Special Dog Classic 10 kg</p>
        <p class="right price"><b>26.90 €</b></p>
        <p class="right unitPrice">2.68 € per kg</p>
    </div>
    <div class="contButton">
    <a class="button bgRed white addToCart" href="#">Add</a>
</div>
</div><div class="left product prod22"
        data-name="Special Dog Crocchette 5kg"
        data-price="16.23"
        data-id="32716"
        data-available="yes"
        data-category="1"
        data-bestselling="">
    <a href="https://www.spesati.com/special-dog-crocchette-5kg">
        <div style="background-image: url('https://cdn.spesati.com/images/products/000402497/special-dog-classic-adult-con-pollo-5-kg-01.png')">
            <div class="hover"></div>
            
            <div class="stickers"></div>
        </div>
    </a>
    <div>
        <h4><a href="https://www.spesati.com/special-dog-crocchette-5kg"><b>Special Dog Crocchette 5kg</b></a></h4>
        <p class="description">Special Dog Classic Adult con Pollo 5 kg</p>
        <p class="right price"><b>16.23 €</b></p>
        <p class="right unitPrice">3.25 € per kg</p>
    </div>
    <div class="contButton">
    <a class="button bgRed white addToCart" href="#">Add</a>
</div>
</div><div class="left product prod23"
        data-name="Special Dog Pate Agnello Tacchino 400gr"
        data-price="0.95"
        data-id="14606"
        data-available="yes"
        data-category="1"
        data-bestselling="">
    <a href="https://www.spesati.com/special-dog-pate-agnello-tacchino-400gr">
        <div style="background-image: url('https://cdn.spesati.com/images/products/000402487/special-dog-pate-con-agnello-e-tacchino-400-g-01.png')">
            <div class="hover"></div>
            
            <div class="stickers"></div>
        </div>
    </a>
    <div>
        <h4><a href="https://www.spesati.com/special-dog-pate-agnello-tacchino-400gr"><b>Special Dog Pate Agnello Tacchino 400gr</b></a></h4>
        <p class="description">Special Dog Patè con Agnello e Tacchino 400 g</p>
        <p class="right price"><b>0.95 €</b></p>
        <p class="right unitPrice">2.38 € per kg</p>
    </div>
    <div class="contButton">
    <a class="button bgRed white addToCart" href="#">Add</a>
</div>
</div><div class="left product prod24"
        data-name="Special Dog Pate Pollo 400Gr"
        data-price="0.95"
        data-id="6372"
        data-available="yes"
        data-category="1"
        data-bestselling="">
    <a href="https://www.spesati.com/special-dog-pate-pollo-400gr">
        <div style="background-image: url('https://cdn.spesati.com/images/products/000402486/special-dog-pate-con-pollo-e-coniglio-400-g-01.png')">
            <div class="hover"></div>
            
            <div class="stickers"></div>
        </div>
    </a>
    <div>
        <h4><a href="https://www.spesati.com/special-dog-pate-pollo-400gr"><b>Special Dog Pate Pollo 400Gr</b></a></h4>
        <p class="description">Special Dog Patè con pollo e coniglio 400 g</p>
        <p class="right price"><b>0.95 €</b></p>
        <p class="right unitPrice">2.38 € per kg</p>
    </div>
    <div class="contButton">
    <a class="button bgRed white addToCart" href="#">Add</a>
</div>
</div><div class="left product prod25"
        data-name="Special Dog Pollo 1275 Gr"
        data-price="2.29"
        data-id="32712"
        data-available="yes"
        data-category="1"
        data-bestselling="">
    <a href="https://www.spesati.com/special-dog-pollo-1275-gr">
        <div style="background-image: url('https://cdn.spesati.com/images/products/000402484/special-dog-bocconi-cotti-al-forno-con-pollo-1275-g-01.png')">
            <div class="hover"></div>
            
            <div class="stickers"></div>
        </div>
    </a>
    <div>
        <h4><a href="https://www.spesati.com/special-dog-pollo-1275-gr"><b>Special Dog Pollo 1275 Gr</b></a></h4>
        <p class="description">Special Dog Bocconi cotti al forno con pollo 1275 g</p>
        <p class="right price"><b>2.29 €</b></p>
        <p class="right unitPrice">1.79 € per kg</p>
    </div>
    <div class="contButton">
    <a class="button bgRed white addToCart" href="#">Add</a>
</div>
</div><div class="left product prod26"
        data-name="Cesar Cane Pollo Verdure Busta 100 Gr"
        data-price="1.59"
        data-id="5497"
        data-available="yes"
        data-category="1"
        data-bestselling="">
    <a href="https://www.spesati.com/cesar-cane-pollo-verdure-busta-100-gr">
        <div style="background-image: url('https://cdn.spesati.com/images/products/000402459/cesar-con-pollo-e-verdure-in-salsa-100-g-01.png')">
            <div class="hover"></div>
            
            <div class="stickers"></div>
        </div>
    </a>
    <div>
        <h4><a href="https://www.spesati.com/cesar-cane-pollo-verdure-busta-100-gr"><b>Cesar Cane Pollo Verdure Busta 100 Gr</b></a></h4>
        <p class="description">Cesar con Pollo e Verdure in Salsa 100 g</p>
        <p class="right price"><b>1.59 €</b></p>
        <p class="right unitPrice">15.90 € per kg</p>
    </div>
    <div class="contButton">
    <a class="button bgRed white addToCart" href="#">Add</a>
</div>
</div><div class="left product prod27"
        data-name="Cesar Cane Manzo E Carote Bs 100Gr"
        data-price="1.59"
        data-id="4391"
        data-available="yes"
        data-category="1"
        data-bestselling="">
    <a href="https://www.spesati.com/cesar-cane-manzo-e-carote-bs-100gr">
        <div style="background-image: url('https://cdn.spesati.com/images/products/000402457/cesar-con-manzo-e-carote-in-salsa-100-g-01.png')">
            <div class="hover"></div>
            
            <div class="stickers"></div>
        </div>
    </a>
    <div>
        <h4><a href="https://www.spesati.com/cesar-cane-manzo-e-carote-bs-100gr"><b>Cesar Cane Manzo E Carote Bs 100Gr</b></a></h4>
        <p class="description">Cesar con Manzo e Carote in Salsa 100 g</p>
        <p class="right price"><b>1.59 €</b></p>
        <p class="right unitPrice">15.90 € per kg</p>
    </div>
    <div class="contButton">
    <a class="button bgRed white addToCart" href="#">Add</a>
</div>
</div><div class="left product prod28"
        data-name="Cesar Vaschetta Cane Vitello E Pollo 150Gr"
        data-price="1.39"
        data-id="4396"
        data-available="yes"
        data-category="1"
        data-bestselling="6">
    <a href="https://www.spesati.com/cesar-vaschetta-cane-vitello-e-pollo-150gr">
        <div style="background-image: url('https://cdn.spesati.com/images/products/000402434/cesar-ricette-classiche-cibo-umido-cane-in-vaschetta-con-tenero-vitello-e-pollo-150-g-01.png')">
            <div class="hover"></div>
            <p class="arrow bgRed white">Best Seller</p>
            <div class="stickers"></div>
        </div>
    </a>
    <div>
        <h4><a href="https://www.spesati.com/cesar-vaschetta-cane-vitello-e-pollo-150gr"><b>Cesar Vaschetta Cane Vitello E Pollo 150Gr</b></a></h4>
        <p class="description">Cesar Ricette Classiche Cibo Umido Cane in Vaschetta con Tenero Vitello e Pollo 150 g</p>
        <p class="right price"><b>1.39 €</b></p>
        <p class="right unitPrice">9.26 € per kg</p>
    </div>
    <div class="contButton">
    <a class="button bgRed white addToCart" href="#">Add</a>
</div>
</div><div class="left product prod29"
        data-name="Cesar Vaschetta Cane Pollo Sevaggina Verdure 150Gr"
        data-price="1.39"
        data-id="5496"
        data-available="yes"
        data-category="1"
        data-bestselling="6">
    <a href="https://www.spesati.com/cesar-vaschetta-cane-pollo-sevaggina-verdure-150gr">
        <div style="background-image: url('https://cdn.spesati.com/images/products/000402432/cesar-selezione-dellorto-cibo-umido-cane-in-vaschetta-con-selvaggina-pollo-e-verdurine-150-g-01.png')">
            <div class="hover"></div>
            <p class="arrow bgRed white">Best Seller</p>
            <div class="stickers"></div>
        </div>
    </a>
    <div>
        <h4><a href="https://www.spesati.com/cesar-vaschetta-cane-pollo-sevaggina-verdure-150gr"><b>Cesar Vaschetta Cane Pollo Sevaggina Verdure 150Gr</b></a></h4>
        <p class="description">Cesar Selezione dell'Orto Cibo Umido Cane in Vaschetta con Selvaggina, Pollo e Verdurine 150 g</p>
        <p class="right price"><b>1.39 €</b></p>
        <p class="right unitPrice">9.26 € per kg</p>
    </div>
    <div class="contButton">
    <a class="button bgRed white addToCart" href="#">Add</a>
</div>
</div><div class="left product prod30"
        data-name="Cesar Vaschetta Cane Manzo E Pollo 150Gr"
        data-price="1.39"
        data-id="4392"
        data-available="yes"
        data-category="1"
        data-bestselling="">
    <a href="https://www.spesati.com/cesar-vaschetta-cane-manzo-e-pollo-150gr">
        <div style="background-image: url('https://cdn.spesati.com/images/products/000402430/cesar-ricette-classiche-cibo-umido-cane-in-vaschetta-con-manzo-succulento-e-pollo-150-g-01.png')">
            <div class="hover"></div>
            
            <div class="stickers"></div>
        </div>
    </a>
    <div>
        <h4><a href="https://www.spesati.com/cesar-vaschetta-cane-manzo-e-pollo-150gr"><b>Cesar Vaschetta Cane Manzo E Pollo 150Gr</b></a></h4>
        <p class="description">Cesar Ricette Classiche Cibo Umido Cane in Vaschetta con Manzo Succulento e Pollo 150 g</p>
        <p class="right price"><b>1.39 €</b></p>
        <p class="right unitPrice">9.26 € per kg</p>
    </div>
    <div class="contButton">
    <a class="button bgRed white addToCart" href="#">Add</a>
</div>
</div><div class="left product prod31"
        data-name="Crocch Migliorcane Pol-ver 10k"
        data-price="23.38"
        data-id="32700"
        data-available="yes"
        data-category="1"
        data-bestselling="">
    <a href="https://www.spesati.com/crocch-migliorcane-pol-ver-10k">
        <div style="background-image: url('https://cdn.spesati.com/images/products/000402350/migliorcane-special-menu-crocchette-con-pollo-e-verdure-10-kg-01.png')">
            <div class="hover"></div>
            
            <div class="stickers"></div>
        </div>
    </a>
    <div>
        <h4><a href="https://www.spesati.com/crocch-migliorcane-pol-ver-10k"><b>Crocch Migliorcane Pol-ver 10k</b></a></h4>
        <p class="description">Migliorcane Special Menù Crocchette con Pollo e Verdure 10 Kg</p>
        <p class="right price"><b>23.38 €</b></p>
        <p class="right unitPrice">2.34 € per kg</p>
    </div>
    <div class="contButton">
    <a class="button bgRed white addToCart" href="#">Add</a>
</div>
</div><div class="left product prod32"
        data-name="Bocc Migliorcan Pref Ma-ve 300"
        data-price="1.42"
        data-id="32697"
        data-available="yes"
        data-category="1"
        data-bestselling="">
    <a href="https://www.spesati.com/bocc-migliorcan-pref-ma-ve-300">
        <div style="background-image: url('https://cdn.spesati.com/images/products/000402343/migliorcane-i-preferiti-bocconi-in-salsa-con-manzo-e-verdure-300-g-01.png')">
            <div class="hover"></div>
            
            <div class="stickers"></div>
        </div>
    </a>
    <div>
        <h4><a href="https://www.spesati.com/bocc-migliorcan-pref-ma-ve-300"><b>Bocc Migliorcan Pref Ma-ve 300</b></a></h4>
        <p class="description">Migliorcane I Preferiti Bocconi in Salsa con Manzo e Verdure 300 g</p>
        <p class="right price"><b>1.42 €</b></p>
        <p class="right unitPrice">4.73 € per kg</p>
    </div>
    <div class="contButton">
    <a class="button bgRed white addToCart" href="#">Add</a>
</div>
</div><div class="left product prod33"
        data-name="Bocc Migliorcan Pref Po-ta 300"
        data-price="1.42"
        data-id="32696"
        data-available="yes"
        data-category="1"
        data-bestselling="">
    <a href="https://www.spesati.com/bocc-migliorcan-pref-po-ta-300">
        <div style="background-image: url('https://cdn.spesati.com/images/products/000402341/migliorcane-i-preferiti-bocconi-in-gelatina-con-pollo-e-tacchino-300-g-01.png')">
            <div class="hover"></div>
            
            <div class="stickers"></div>
        </div>
    </a>
    <div>
        <h4><a href="https://www.spesati.com/bocc-migliorcan-pref-po-ta-300"><b>Bocc Migliorcan Pref Po-ta 300</b></a></h4>
        <p class="description">Migliorcane I Preferiti Bocconi in Gelatina con Pollo e Tacchino 300 g</p>
        <p class="right price"><b>1.42 €</b></p>
        <p class="right unitPrice">4.73 € per kg</p>
    </div>
    <div class="contButton">
    <a class="button bgRed white addToCart" href="#">Add</a>
</div>
</div><div class="left product prod34"
        data-name="Croc Miglior Pref Min Adul 1.5"
        data-price="5.89"
        data-id="32693"
        data-available="yes"
        data-category="1"
        data-bestselling="1">
    <a href="https://www.spesati.com/croc-miglior-pref-min-adul-15">
        <div style="background-image: url('https://cdn.spesati.com/images/products/000402333/migliorcane-i-preferiti-adult-mini-1-10-kg-energia-e-vitalita-con-manzo-15-kg-01.png')">
            <div class="hover"></div>
            <p class="arrow bgRed white">Best Seller</p>
            <div class="stickers"></div>
        </div>
    </a>
    <div>
        <h4><a href="https://www.spesati.com/croc-miglior-pref-min-adul-15"><b>Croc Miglior Pref Min Adul 1.5</b></a></h4>
        <p class="description">Migliorcane I Preferiti Adult Mini 1-10 Kg Energia e Vitalità con Manzo 1,5 Kg</p>
        <p class="right price"><b>5.89 €</b></p>
        <p class="right unitPrice">3.93 € per kg</p>
    </div>
    <div class="contButton">
    <a class="button bgRed white addToCart" href="#">Add</a>
</div>
</div><div class="left product prod35"
        data-name="Friskies Cane Secco Active 4Kg"
        data-price="12.90"
        data-id="6510"
        data-available="yes"
        data-category="1"
        data-bestselling="">
    <a href="https://www.spesati.com/friskies-cane-secco-active-4kg">
        <div style="background-image: url('https://cdn.spesati.com/images/products/000402332/purina-friskies-cane-active-con-manzo-4-kg-01.png')">
            <div class="hover"></div>
            
            <div class="stickers"></div>
        </div>
    </a>
    <div>
        <h4><a href="https://www.spesati.com/friskies-cane-secco-active-4kg"><b>Friskies Cane Secco Active 4Kg</b></a></h4>
        <p class="description">PURINA FRISKIES Cane Active con Manzo 4 kg</p>
        <p class="right price"><b>12.90 €</b></p>
        <p class="right unitPrice">3.22 € per kg</p>
    </div>
    <div class="contButton">
    <a class="button bgRed white addToCart" href="#">Add</a>
</div>
</div><div class="left product prod36"
        data-name="Bocconcini Migliorcane Pollo Tacchino 1250Gr"
        data-price="2.45"
        data-id="5472"
        data-available="yes"
        data-category="1"
        data-bestselling="">
    <a href="https://www.spesati.com/bocconcini-migliorcane-pollo-tacchino-1250gr">
        <div style="background-image: url('https://cdn.spesati.com/images/products/000402313/migliorcane-bocconi-con-pollo-riso-e-verdure-1250-g-01.png')">
            <div class="hover"></div>
            
            <div class="stickers"></div>
        </div>
    </a>
    <div>
        <h4><a href="https://www.spesati.com/bocconcini-migliorcane-pollo-tacchino-1250gr"><b>Bocconcini Migliorcane Pollo Tacchino 1250Gr</b></a></h4>
        <p class="description">Migliorcane Bocconi con Pollo, Riso e Verdure 1250 g</p>
        <p class="right price"><b>2.45 €</b></p>
        <p class="right unitPrice">1.96 € per kg</p>
    </div>
    <div class="contButton">
    <a class="button bgRed white addToCart" href="#">Add</a>
</div>
</div><div class="left product prod37"
        data-name="Bocconi Migliorcane Manzo 1250Gr"
        data-price="2.45"
        data-id="5866"
        data-available="yes"
        data-category="1"
        data-bestselling="">
    <a href="https://www.spesati.com/bocconi-migliorcane-manzo-1250gr">
        <div style="background-image: url('https://cdn.spesati.com/images/products/000402311/migliorcane-bocconi-con-manzo-1250-g-01.png')">
            <div class="hover"></div>
            
            <div class="stickers"></div>
        </div>
    </a>
    <div>
        <h4><a href="https://www.spesati.com/bocconi-migliorcane-manzo-1250gr"><b>Bocconi Migliorcane Manzo 1250Gr</b></a></h4>
        <p class="description">Migliorcane Bocconi con Manzo 1250 g</p>
        <p class="right price"><b>2.45 €</b></p>
        <p class="right unitPrice">1.96 € per kg</p>
    </div>
    <div class="contButton">
    <a class="button bgRed white addToCart" href="#">Add</a>
</div>
</div><div class="left product prod38"
        data-name="Bocc Migliorcane Pol-tacc 405g"
        data-price="0.94"
        data-id="32691"
        data-available="yes"
        data-category="1"
        data-bestselling="">
    <a href="https://www.spesati.com/bocc-migliorcane-pol-tacc-405g">
        <div style="background-image: url('https://cdn.spesati.com/images/products/000402309/migliorcane-bocconi-con-pollo-e-tacchino-405-g-01.png')">
            <div class="hover"></div>
            
            <div class="stickers"></div>
        </div>
    </a>
    <div>
        <h4><a href="https://www.spesati.com/bocc-migliorcane-pol-tacc-405g"><b>Bocc Migliorcane Pol-tacc 405g</b></a></h4>
        <p class="description">Migliorcane Bocconi con Pollo e Tacchino 405 g</p>
        <p class="right price"><b>0.94 €</b></p>
        <p class="right unitPrice">2.32 € per kg</p>
    </div>
    <div class="contButton">
    <a class="button bgRed white addToCart" href="#">Add</a>
</div>
</div><div class="left product prod39"
        data-name="Bocc Migliorcane Manzo 405g"
        data-price="0.94"
        data-id="32690"
        data-available="yes"
        data-category="1"
        data-bestselling="">
    <a href="https://www.spesati.com/bocc-migliorcane-manzo-405g">
        <div style="background-image: url('https://cdn.spesati.com/images/products/000402308/migliorcane-bocconi-con-manzo-e-ortaggi-405-g-01.png')">
            <div class="hover"></div>
            
            <div class="stickers"></div>
        </div>
    </a>
    <div>
        <h4><a href="https://www.spesati.com/bocc-migliorcane-manzo-405g"><b>Bocc Migliorcane Manzo 405g</b></a></h4>
        <p class="description">Migliorcane Bocconi con Manzo e Ortaggi 405 g</p>
        <p class="right price"><b>0.94 €</b></p>
        <p class="right unitPrice">2.32 € per kg</p>
    </div>
    <div class="contButton">
    <a class="button bgRed white addToCart" href="#">Add</a>
</div>
</div><div class="left product prod40"
        data-name="Crocchette migliorcane 4 kg"
        data-price="7.65"
        data-id="5175"
        data-available="yes"
        data-category="1"
        data-bestselling="">
    <a href="https://www.spesati.com/crocchette-migliorcane-4-kg">
        <div style="background-image: url('https://cdn.spesati.com/images/products/000402301/migliorcane-active-crocchette-con-manzo-4-kg-01.png')">
            <div class="hover"></div>
            
            <div class="stickers"></div>
        </div>
    </a>
    <div>
        <h4><a href="https://www.spesati.com/crocchette-migliorcane-4-kg"><b>Crocchette migliorcane 4 kg</b></a></h4>
        <p class="description">Migliorcane Active Crocchette con Manzo 4 kg</p>
        <p class="right price"><b>7.65 €</b></p>
        <p class="right unitPrice">1.92 € per kg</p>
    </div>
    <div class="contButton">
    <a class="button bgRed white addToCart" href="#">Add</a>
</div>
</div><div class="left product prod41"
        data-name="Friskies Cane Junior"
        data-price="6.99"
        data-id="4248"
        data-available="yes"
        data-category="1"
        data-bestselling="">
    <a href="https://www.spesati.com/friskies-cane-junior">
        <div style="background-image: url('https://cdn.spesati.com/images/products/000402248/purina-friskies-cane-junior-con-pollo-e-verdure-e-con-latte-15-kg-01.png')">
            <div class="hover"></div>
            
            <div class="stickers"></div>
        </div>
    </a>
    <div>
        <h4><a href="https://www.spesati.com/friskies-cane-junior"><b>Friskies Cane Junior</b></a></h4>
        <p class="description">PURINA FRISKIES Cane Junior Con Pollo e Verdure e con Latte 1,5 Kg</p>
        <p class="right price"><b>6.99 €</b></p>
        <p class="right unitPrice">4.66 € per kg</p>
    </div>
    <div class="contButton">
    <a class="button bgRed white addToCart" href="#">Add</a>
</div>
</div><div class="left product prod42"
        data-name="Croc Migliorcane Pref Ri-po 10"
        data-price="19.90"
        data-id="32676"
        data-available="yes"
        data-category="1"
        data-bestselling="">
    <a href="https://www.spesati.com/croc-migliorcane-pref-ri-po-10">
        <div style="background-image: url('https://cdn.spesati.com/images/products/000402229/migliorcane-i-preferiti-adult-alta-digeribilita-con-pollo-e-riso-10-kg-01.png')">
            <div class="hover"></div>
            
            <div class="stickers"></div>
        </div>
    </a>
    <div>
        <h4><a href="https://www.spesati.com/croc-migliorcane-pref-ri-po-10"><b>Croc Migliorcane Pref Ri-po 10</b></a></h4>
        <p class="description">Migliorcane I Preferiti Adult Alta Digeribilità con Pollo e Riso 10 kg</p>
        <p class="right price"><b>19.90 €</b></p>
        <p class="right unitPrice">1.99 € per kg</p>
    </div>
    <div class="contButton">
    <a class="button bgRed white addToCart" href="#">Add</a>
</div>
</div><div class="left product prod43"
        data-name="Adoc Dog Pollo Zucca-carot 100"
        data-price="1.85"
        data-id="32674"
        data-available="yes"
        data-category="1"
        data-bestselling="">
    <a href="https://www.spesati.com/adoc-dog-pollo-zucca-carot-100">
        <div style="background-image: url('https://cdn.spesati.com/images/products/000402145/adoc-naturally-premium-filetti-di-pollo-con-zucca-e-carote-100-g-01.png')">
            <div class="hover"></div>
            
            <div class="stickers"></div>
        </div>
    </a>
    <div>
        <h4><a href="https://www.spesati.com/adoc-dog-pollo-zucca-carot-100"><b>Adoc Dog Pollo Zucca-carot 100</b></a></h4>
        <p class="description">ADoC Naturally Premium Filetti di Pollo con Zucca e Carote 100 g</p>
        <p class="right price"><b>1.85 €</b></p>
        <p class="right unitPrice">18.50 € per kg</p>
    </div>
    <div class="contButton">
    <a class="button bgRed white addToCart" href="#">Add</a>
</div>
</div><div class="left product prod44"
        data-name="Adoc Dog Pollo Fegatini 100gr"
        data-price="1.85"
        data-id="32673"
        data-available="yes"
        data-category="1"
        data-bestselling="">
    <a href="https://www.spesati.com/adoc-dog-pollo-fegatini-100gr">
        <div style="background-image: url('https://cdn.spesati.com/images/products/000402144/adoc-naturally-premium-filetti-di-pollo-con-fegatini-100-g-01.png')">
            <div class="hover"></div>
            
            <div class="stickers"></div>
        </div>
    </a>
    <div>
        <h4><a href="https://www.spesati.com/adoc-dog-pollo-fegatini-100gr"><b>Adoc Dog Pollo Fegatini 100gr</b></a></h4>
        <p class="description">ADoC Naturally Premium Filetti di Pollo con Fegatini 100 g</p>
        <p class="right price"><b>1.85 €</b></p>
        <p class="right unitPrice">18.50 € per kg</p>
    </div>
    <div class="contButton">
    <a class="button bgRed white addToCart" href="#">Add</a>
</div>
</div><div class="left product prod45"
        data-name="Pasta cani ciuffi precotta ortaggi 3kg"
        data-price="7.99"
        data-id="5129"
        data-available="yes"
        data-category="1"
        data-bestselling="">
    <a href="https://www.spesati.com/pasta-cani-ciuffi-precotta-ortaggi-3kg">
        <div style="background-image: url('https://cdn.spesati.com/images/products/000402136/ciuffi-pasta-precotta-con-ortaggi-3-kg-01.png')">
            <div class="hover"></div>
            
            <div class="stickers"></div>
        </div>
    </a>
    <div>
        <h4><a href="https://www.spesati.com/pasta-cani-ciuffi-precotta-ortaggi-3kg"><b>Pasta cani ciuffi precotta ortaggi 3kg</b></a></h4>
        <p class="description">Ciuffi Pasta Precotta con Ortaggi 3 kg</p>
        <p class="right price"><b>7.99 €</b></p>
        <p class="right unitPrice">2.66 € per kg</p>
    </div>
    <div class="contButton">
    <a class="button bgRed white addToCart" href="#">Add</a>
</div>
</div><div class="left product prod46"
        data-name="Pasta cani ciuffi precotta 3kg"
        data-price="7.39"
        data-id="5128"
        data-available="yes"
        data-category="1"
        data-bestselling="">
    <a href="https://www.spesati.com/pasta-cani-ciuffi-precotta-3kg">
        <div style="background-image: url('https://cdn.spesati.com/images/products/000402135/ciuffi-pasta-cotta-3-kg-01.png')">
            <div class="hover"></div>
            
            <div class="stickers"></div>
        </div>
    </a>
    <div>
        <h4><a href="https://www.spesati.com/pasta-cani-ciuffi-precotta-3kg"><b>Pasta cani ciuffi precotta 3kg</b></a></h4>
        <p class="description">Ciuffi Pasta Cotta 3 kg</p>
        <p class="right price"><b>7.39 €</b></p>
        <p class="right unitPrice">2.46 € per kg</p>
    </div>
    <div class="contButton">
    <a class="button bgRed white addToCart" href="#">Add</a>
</div>
</div><div class="left product prod47"
        data-name="Sheba Selvaggina Vasch 85gr"
        data-price="1.17"
        data-id="32670"
        data-available="yes"
        data-category="1"
        data-bestselling="">
    <a href="https://www.spesati.com/sheba-selvaggina-vasch-85gr">
        <div style="background-image: url('https://cdn.spesati.com/images/products/000402087/sheba-pate-classics-cibo-umido-gatto-in-vaschetta-con-selvaggina-85-g-01.png')">
            <div class="hover"></div>
            
            <div class="stickers"></div>
        </div>
    </a>
    <div>
        <h4><a href="https://www.spesati.com/sheba-selvaggina-vasch-85gr"><b>Sheba Selvaggina Vasch 85gr</b></a></h4>
        <p class="description">Sheba Paté Classics Cibo Umido Gatto in Vaschetta con Selvaggina 85 g</p>
        <p class="right price"><b>1.17 €</b></p>
        <p class="right unitPrice">13.77 € per kg</p>
    </div>
    <div class="contButton">
    <a class="button bgRed white addToCart" href="#">Add</a>
</div>
</div><div class="left product prod48"
        data-name="Sheba Pollo Vaschetta 85Gr"
        data-price="1.17"
        data-id="6370"
        data-available="yes"
        data-category="1"
        data-bestselling="">
    <a href="https://www.spesati.com/sheba-pollo-vaschetta-85gr">
        <div style="background-image: url('https://cdn.spesati.com/images/products/000402086/sheba-pate-classics-cibo-umido-gatto-in-vaschetta-con-pollo-85-g-01.png')">
            <div class="hover"></div>
            
            <div class="stickers"></div>
        </div>
    </a>
    <div>
        <h4><a href="https://www.spesati.com/sheba-pollo-vaschetta-85gr"><b>Sheba Pollo Vaschetta 85Gr</b></a></h4>
        <p class="description">Sheba Paté Classics Cibo Umido Gatto in Vaschetta con Pollo 85 g</p>
        <p class="right price"><b>1.17 €</b></p>
        <p class="right unitPrice">13.77 € per kg</p>
    </div>
    <div class="contButton">
    <a class="button bgRed white addToCart" href="#">Add</a>
</div>
</div><div class="left product prod49"
        data-name="Sheba Manzo Vasch 85gr"
        data-price="1.17"
        data-id="32669"
        data-available="yes"
        data-category="1"
        data-bestselling="">
    <a href="https://www.spesati.com/sheba-manzo-vasch-85gr">
        <div style="background-image: url('https://cdn.spesati.com/images/products/000402085/sheba-pate-classics-cibo-umido-gatto-in-vaschetta-con-manzo-85-g-01.png')">
            <div class="hover"></div>
            
            <div class="stickers"></div>
        </div>
    </a>
    <div>
        <h4><a href="https://www.spesati.com/sheba-manzo-vasch-85gr"><b>Sheba Manzo Vasch 85gr</b></a></h4>
        <p class="description">Sheba Paté Classics Cibo Umido Gatto in Vaschetta con Manzo 85 g</p>
        <p class="right price"><b>1.17 €</b></p>
        <p class="right unitPrice">13.77 € per kg</p>
    </div>
    <div class="contButton">
    <a class="button bgRed white addToCart" href="#">Add</a>
</div>
</div><div class="left product prod50"
        data-name="Sheba Vitello Vasch 85gr"
        data-price="1.17"
        data-id="32668"
        data-available="yes"
        data-category="1"
        data-bestselling="">
    <a href="https://www.spesati.com/sheba-vitello-vasch-85gr">
        <div style="background-image: url('https://cdn.spesati.com/images/products/000402084/sheba-pate-classics-cibo-umido-gatto-in-vaschetta-con-vitello-85-g-01.png')">
            <div class="hover"></div>
            
            <div class="stickers"></div>
        </div>
    </a>
    <div>
        <h4><a href="https://www.spesati.com/sheba-vitello-vasch-85gr"><b>Sheba Vitello Vasch 85gr</b></a></h4>
        <p class="description">Sheba Paté Classics Cibo Umido Gatto in Vaschetta con Vitello 85 g</p>
        <p class="right price"><b>1.17 €</b></p>
        <p class="right unitPrice">13.77 € per kg</p>
    </div>
    <div class="contButton">
    <a class="button bgRed white addToCart" href="#">Add</a>
</div>
</div><div class="left product prod51"
        data-name="Almo Nat Dog Dail Manz-pat 300"
        data-price="2.09"
        data-id="32667"
        data-available="yes"
        data-category="1"
        data-bestselling="">
    <a href="https://www.spesati.com/almo-nat-dog-dail-manz-pat-300">
        <div style="background-image: url('https://cdn.spesati.com/images/products/000402022/almo-nature-daily-adult-dog-con-manzo-e-patate-300-g-01.png')">
            <div class="hover"></div>
            
            <div class="stickers"></div>
        </div>
    </a>
    <div>
        <h4><a href="https://www.spesati.com/almo-nat-dog-dail-manz-pat-300"><b>Almo Nat Dog Dail Manz-pat 300</b></a></h4>
        <p class="description">almo nature Daily Adult Dog con Manzo e Patate 300 g</p>
        <p class="right price"><b>2.09 €</b></p>
        <p class="right unitPrice">6.97 € per kg</p>
    </div>
    <div class="contButton">
    <a class="button bgRed white addToCart" href="#">Add</a>
</div>
</div><div class="left product prod52"
        data-name="Almo Nat Dog Daily Pol-pis 300"
        data-price="2.09"
        data-id="32666"
        data-available="yes"
        data-category="1"
        data-bestselling="">
    <a href="https://www.spesati.com/almo-nat-dog-daily-pol-pis-300">
        <div style="background-image: url('https://cdn.spesati.com/images/products/000402021/almo-nature-daily-adult-dog-con-pollo-e-piselli-300-g-01.png')">
            <div class="hover"></div>
            
            <div class="stickers"></div>
        </div>
    </a>
    <div>
        <h4><a href="https://www.spesati.com/almo-nat-dog-daily-pol-pis-300"><b>Almo Nat Dog Daily Pol-pis 300</b></a></h4>
        <p class="description">almo nature Daily Adult Dog con Pollo e Piselli 300 g</p>
        <p class="right price"><b>2.09 €</b></p>
        <p class="right unitPrice">6.97 € per kg</p>
    </div>
    <div class="contButton">
    <a class="button bgRed white addToCart" href="#">Add</a>
</div>
</div><div class="left product prod53"
        data-name="Zuppa Crancy Dog Mix Verdure Carote 4Kg"
        data-price="8.59"
        data-id="6564"
        data-available="yes"
        data-category="1"
        data-bestselling="">
    <a href="https://www.spesati.com/zuppa-crancy-dog-mix-verdure-carote-4kg">
        <div style="background-image: url('https://cdn.spesati.com/images/products/missing-image/missing-image.jpg')">
            <div class="hover"></div>
            
            <div class="stickers"></div>
        </div>
    </a>
    <div>
        <h4><a href="https://www.spesati.com/zuppa-crancy-dog-mix-verdure-carote-4kg"><b>Zuppa Crancy Dog Mix Verdure Carote 4Kg</b></a></h4>
        <p class="description">4 Kg</p>
        <p class="right price"><b>8.59 €</b></p>
        <p class="right unitPrice">2.15 € per kg</p>
    </div>
    <div class="contButton">
    <a class="button bgRed white addToCart" href="#">Add</a>
</div>
</div><div class="left product prod54"
        data-name="Rottura Di Riso Della Sard 5kg"
        data-price="7.55"
        data-id="26364"
        data-available="yes"
        data-category="1"
        data-bestselling="">
    <a href="https://www.spesati.com/rottura-di-riso-della-sard-5kg">
        <div style="background-image: url('https://cdn.spesati.com/images/products/missing-image/missing-image.jpg')">
            <div class="hover"></div>
            
            <div class="stickers"></div>
        </div>
    </a>
    <div>
        <h4><a href="https://www.spesati.com/rottura-di-riso-della-sard-5kg"><b>Rottura Di Riso Della Sard 5kg</b></a></h4>
        <p class="description">5 Kg</p>
        <p class="right price"><b>7.55 €</b></p>
        <p class="right unitPrice">1.51 € per kg</p>
    </div>
    <div class="contButton">
    <a class="button bgRed white addToCart" href="#">Add</a>
</div>
</div><div class="left product prod55"
        data-name="Pasta Per Cani E Gatti 3 Kg"
        data-price="8.24"
        data-id="27762"
        data-available="yes"
        data-category="1"
        data-bestselling="">
    <a href="https://www.spesati.com/pasta-per-cani-e-gatti-3-kg">
        <div style="background-image: url('https://cdn.spesati.com/images/products/missing-image/missing-image.jpg')">
            <div class="hover"></div>
            
            <div class="stickers"></div>
        </div>
    </a>
    <div>
        <h4><a href="https://www.spesati.com/pasta-per-cani-e-gatti-3-kg"><b>Pasta Per Cani E Gatti 3 Kg</b></a></h4>
        <p class="description">3 Kg</p>
        <p class="right price"><b>8.24 €</b></p>
        <p class="right unitPrice">2.75 € per kg</p>
    </div>
    <div class="contButton">
    <a class="button bgRed white addToCart" href="#">Add</a>
</div>
</div><div class="left product prod56"
        data-name="Adoc Dog Wild Cinghiale 400gr"
        data-price="3.52"
        data-id="65262"
        data-available="no"
        data-category="1"
        data-bestselling="">
    <a href="https://www.spesati.com/adoc-dog-wild-cinghiale-400gr">
        <div style="background-image: url('https://cdn.spesati.com/images/products/000435808/adoc-day-by-day-wild-con-cinghiale-ed-erbe-di-montagna-400-g-01.png')">
            <div class="hover"></div>
            
            <div class="stickers"></div>
        </div>
    </a>
    <div>
        <h4><a href="https://www.spesati.com/adoc-dog-wild-cinghiale-400gr"><b>Adoc Dog Wild Cinghiale 400gr</b></a></h4>
        <p class="description">ADoC Day by Day Wild con Cinghiale ed erbe di montagna 400 g</p>
        <p class="right price"><b>3.52 €</b></p>
        <p class="right unitPrice">8.81 € per kg</p>
    </div>
    <div class="notAvailable">
    <a class="button bgDarkGrey white" href="https://www.spesati.com/adoc-dog-wild-cinghiale-400gr">Not available</a>
</div>
</div><div class="left product prod57"
        data-name="Adoc Dog Wild Cervo 400gr"
        data-price="3.52"
        data-id="65259"
        data-available="no"
        data-category="1"
        data-bestselling="">
    <a href="https://www.spesati.com/adoc-dog-wild-cervo-400gr">
        <div style="background-image: url('https://cdn.spesati.com/images/products/000435807/adoc-day-by-day-wild-con-cervo-ed-erbe-di-montagna-400-g-01.png')">
            <div class="hover"></div>
            
            <div class="stickers"></div>
        </div>
    </a>
    <div>
        <h4><a href="https://www.spesati.com/adoc-dog-wild-cervo-400gr"><b>Adoc Dog Wild Cervo 400gr</b></a></h4>
        <p class="description">ADoC Day by Day Wild con Cervo ed erbe di montagna 400 g</p>
        <p class="right price"><b>3.52 €</b></p>
        <p class="right unitPrice">8.81 € per kg</p>
    </div>
    <div class="notAvailable">
    <a class="button bgDarkGrey white" href="https://www.spesati.com/adoc-dog-wild-cervo-400gr">Not available</a>
</div>
</div><div class="left product prod58"
        data-name="Salamotto Per Cani"
        data-price="1.99"
        data-id="101"
        data-available="no"
        data-category="1"
        data-bestselling="">
    <a href="https://www.spesati.com/salamotto-per-cani">
        <div style="background-image: url('https://cdn.spesati.com/images/products/000402757/giuntini-crancy-il-polpettone-con-manzo-e-pollo-800-g-01.png')">
            <div class="hover"></div>
            
            <div class="stickers"></div>
        </div>
    </a>
    <div>
        <h4><a href="https://www.spesati.com/salamotto-per-cani"><b>Salamotto Per Cani</b></a></h4>
        <p class="description">Giuntini Crancy il Polpettone con Manzo e Pollo 800 g</p>
        <p class="right price"><b>1.99 €</b></p>
        <p class="right unitPrice">2.49 € per kg</p>
    </div>
    <div class="notAvailable">
    <a class="button bgDarkGrey white" href="https://www.spesati.com/salamotto-per-cani">Not available</a>
</div>
</div><div class="left product prod59"
        data-name="Special Dog Vitello 1275 Gr"
        data-price="2.29"
        data-id="32711"
        data-available="no"
        data-category="1"
        data-bestselling="">
    <a href="https://www.spesati.com/special-dog-vitello-1275-gr">
        <div style="background-image: url('https://cdn.spesati.com/images/products/000402483/special-dog-bocconi-cotti-al-forno-con-vitello-1275-g-01.png')">
            <div class="hover"></div>
            
            <div class="stickers"></div>
        </div>
    </a>
    <div>
        <h4><a href="https://www.spesati.com/special-dog-vitello-1275-gr"><b>Special Dog Vitello 1275 Gr</b></a></h4>
        <p class="description">Special Dog Bocconi cotti al forno con vitello 1275 g</p>
        <p class="right price"><b>2.29 €</b></p>
        <p class="right unitPrice">1.79 € per kg</p>
    </div>
    <div class="notAvailable">
    <a class="button bgDarkGrey white" href="https://www.spesati.com/special-dog-vitello-1275-gr">Not available</a>
</div>
</div><div class="left product prod60"
        data-name="Friskies cane biscotti delimix 500gr."
        data-price="2.79"
        data-id="5099"
        data-available="no"
        data-category="1"
        data-bestselling="">
    <a href="https://www.spesati.com/friskies-cane-biscotti-delimix-500gr">
        <div style="background-image: url('https://cdn.spesati.com/images/products/000402283/purina-friskies-deli-mix-biscotti-croccanti-cane-3-varieta-manzo-pollo-e-selvaggina-scatola-500g-01.png')">
            <div class="hover"></div>
            
            <div class="stickers"></div>
        </div>
    </a>
    <div>
        <h4><a href="https://www.spesati.com/friskies-cane-biscotti-delimix-500gr"><b>Friskies cane biscotti delimix 500gr.</b></a></h4>
        <p class="description">PURINA FRISKIES Deli Mix Biscotti croccanti Cane 3 varietà Manzo, Pollo e Selvaggina scatola 500g</p>
        <p class="right price"><b>2.79 €</b></p>
        <p class="right unitPrice">5.58 € per kg</p>
    </div>
    <div class="notAvailable">
    <a class="button bgDarkGrey white" href="https://www.spesati.com/friskies-cane-biscotti-delimix-500gr">Not available</a>
</div>
</div>        </div>
    </div>
</section>
<div class="footer">
    <div class="bgDarkGrey"></div>
    <footer>
        <div class="left bgDarkGrey">
            <a id="logoFooter" href="https://www.spesati.com/" class="estDynamic">
                <img src="http://cdn.spesati.com/images/layout/logo-eng.png" alt="Spesati.com" />
                <h2 class="red">Grocery Delivery</h2>
            </a>
            <a class="button bgRed white mobile" href="tel:390707968318">Phone order</a>
            <a class="button bgRed white desktop" href="https://www.spesati.com/news/2020-04-07/news-on-spesati-the-telephone-order-service-is-active">Phone order</a>
            <a class="button bgRed white" href="https://www.spesati.com/cdn-cgi/l/email-protection#83eaede5ecc3f0f3e6f0e2f7eaade0ecee">Send mail</a>
            <div id="social">
                <a class="left" href="https://www.facebook.com/spesati/" rel="external" target="_blank">
                    <span class="facebook bgRed fa-stack fa-lg">
                        <i class="fa fa-facebook fa-stack-1x "></i>
                    </span>
                </a>
                <a class="right" href="https://twitter.com/spesati" rel="external" target="_blank">
                    <span class="twitter bgRed fa-stack fa-lg">
                        <i class="fa fa-twitter fa-stack-1x "></i>
                    </span>
                </a>
            </div>
            <p>Copyright 2024 Spesati.com </p>
            
                    <p>All rights reserved</p>
                    <p>SPESATI SRL</p>
                    <p>Corso Vittorio Veneto 15/I, 07026, Olbia</p>
                    <p>CF e P.Iva: 02772380909</p>
                        </div>
        <div class="center bgRed">
            <div class="top">
                <h3>Categories</h3>
                <div class="col">
                    <ul>
                        <li>
                            <a href="#" class="estDynamic">On sale</a>
                        </li>
                        <li>
                            <a href="https://www.spesati.com/fruit-and-vegetables" class="estDynamic">Fruit and vegetables</a>
                        </li>
                        <li>
                            <a href="https://www.spesati.com/fresh-products" class="estDynamic">Fresh products</a>
                        </li>
                        <li>
                            <a href="https://www.spesati.com/frozen-foods" class="estDynamic">Frozen foods</a>
                        </li>
                        <li>
                            <a href="https://www.spesati.com/bread-and-pasta" class="estDynamic">Bread and pasta</a>
                        </li>
                        <li>
                            <a href="https://www.spesati.com/meat" class="estDynamic">Meat</a>
                        </li>
                        <li>
                            <a href="https://www.spesati.com/fish" class="estDynamic">Fish</a>
                        </li>
                    </ul>
                </div>
                <div class="col">
                    <ul>
                        <li>
                            <a href="https://www.spesati.com/wine-beer-and-spirits" class="estDynamic">Wine beer and spirits</a>
                        </li>
                        <li>
                            <a href="https://www.spesati.com/water-and-drinks" class="estDynamic">Water and drinks</a>
                        </li>
                        <li>
                            <a href="https://www.spesati.com/sweets" class="estDynamic">Sweets</a>
                        </li>
                        <li>
                            <a href="https://www.spesati.com/shelf" class="estDynamic">Cupboard</a>
                        </li>
                        <li>
                            <a href="https://www.spesati.com/personal-care" class="estDynamic">Personal care</a>
                        </li>
                        <li>
                            <a href="https://www.spesati.com/household-and-outdoors" class="estDynamic">Home and outdoors</a>
                        </li>
                        <li>
                            <a href="https://www.spesati.com/pet" class="estDynamic">Pets</a>
                        </li>
                    </ul>
                </div>
                <div class="col">
                    <ul>
                        <li>
                            <a href="https://www.spesati.com/technology" class="estDynamic">Technology</a>
                        </li>
                        <li>
                            <a href="https://www.spesati.com/gluten-free" class="estDynamic">Gluten free</a>
                        </li>
                        <li>
                            <a href="https://www.spesati.com/lactose-free" class="estDynamic">Lactose free</a>
                        </li>
                        <li>
                            <a href="https://www.spesati.com/special" class="estDynamic">Special</a>
                        </li>
                        <li>
                            <a href="https://www.spesati.com/sardinian-products" class="estDynamic">Sardinian products</a>
                        </li>
                    </ul>
                </div>
            </div>
            <div class="bottom bgRed">
                <div class="left">
                    <h3>Delivery payment</h3>
                    <div>
                        <i class="fa fa-money fa-3x" aria-hidden="true"></i>
                        <p>Cash</p>
                    </div>
                    <div>
                        <i class="fa fa-credit-card fa-3x" aria-hidden="true"></i>
                        <p>Bancomat or card</p>
                    </div>
                </div>
                <div class="right">
                    <h3>Online payment</h3>
                    <div>
                        <i class="fa fa-credit-card fa-3x" aria-hidden="true"></i>
                        <p>Credit or debit card <span class="red">online</span></p>
                    </div>
                    <div>
                        <i class="fa fa-paypal fa-3x" aria-hidden="true"></i>
                        <p>PayPal</p>
                    </div>
                    <div>
                        <i class="fa fa-university fa-3x" aria-hidden="true"></i>
                        <p>Bank transfer</p>
                    </div>
                </div>
            </div>
        </div>
        <div class="right bgRed">
            <div>
                <i class="fa fa-truck fa-flip-horizontal"></i>
                <a class="button bgYellow white" href="https://www.spesati.com/delivery-prices">Delivery prices</a>
                
                    <h3>Home delivery:</h3>
                    <p><b>Monday to Saturday</b></p>
                    <p><b>9:00 to 20:00</b></p>
                    <p><b>Minimum order:</b> 29€</p>
                    <p><b>Delivery starting from:</b> 3,50€</p>
                            </div>
            <ul>
                <li>
                    <a href="https://www.spesati.com/delivery-prices">Delivery prices</a>
                </li>
                <li>
                    <a href="https://www.spesati.com/about">About</a>
                </li>
                <li>
                    <a href="https://www.spesati.com/faq">Faq</a>
                </li>
                <li>
                    <a href="https://www.spesati.com/customer-care">Support</a>
                </li>
                <li>
                    <a href="https://www.spesati.com/news">Blog</a>
                </li>
                <li>
                    <a href="https://www.spesati.com/terms-and-conditions">Conditions</a>
                </li>
                <li>
                    <a href="https://www.spesati.com/privacy-policy">Privacy policy</a>
                </li>
                <li>
                    <a href="https://www.spesati.com/legal-warranty">Legal guarantee</a>
                </li>
            </ul>
        </div>
    </footer>
    <div class="bgRed"></div>
</div>
<!--Start of Tawk.to Script-->
<script data-cfasync="false" src="https://www.spesati.com/cdn-cgi/scripts/5c5dd728/cloudflare-static/email-decode.min.js"></script><script type="text/javascript">
var Tawk_API=Tawk_API||{}, Tawk_LoadStart=new Date();
(function(){
var s1=document.createElement("script"),s0=document.getElementsByTagName("script")[0];
s1.async=true;
s1.src='https://embed.tawk.to/59e86945c28eca75e4626ed9/default';
s1.charset='UTF-8';
s1.setAttribute('crossorigin','*');
s0.parentNode.insertBefore(s1,s0);
})();
</script>
<!--End of Tawk.to Script-->

<!-- Here are parked a few translatable strings, useful for Javascript rendering -->
<div id="js-texts" hidden>
    <input type="hidden" name="save_cart_notice" value="Saving your cart it will be possible to reload it next time you come for shopping">
    <input type="hidden" name="save_cart_notice_title" value="Want to save your cart?">
    <input type="hidden" name="save_cart_ok" value="Save">
    <input type="hidden" name="save_cart_ko" value="Don't Save">
    <input type="hidden" name="reload_cart" value="The Reload Order function allows you to top up your last cart to make a New Order. Warning: do not use this function to add products to the last order. At this time it is not possible to modify an order placed previously.">
</div>

<!-- new site and login popup -->
</body>
<!-- Mirrored from www.spesati.com/pets/pet-food-dogs by HTTrack Website Copier/3.x [XR&CO'2014], Fri, 23 Feb 2024 18:50:17 GMT -->
</html>