<!DOCTYPE html><html lang="en">
<!-- Mirrored from www.spesati.com/personal-care/creams by HTTrack Website Copier/3.x [XR&CO'2014], Fri, 23 Feb 2024 18:50:11 GMT -->
<!-- Added by HTTrack --><meta http-equiv="content-type" content="text/html;charset=utf-8" /><!-- /Added by HTTrack -->
<head>
    <title>Creams - Personal care - Spesati.com</title>
    <meta http-equiv="Content-Type" content="text/html; charset=UTF-8" />
    <meta name="description" content="" />
    <meta name="keywords" content="" />
    <link href="https://www.spesati.com/images/favicon.ico" rel="shortcut icon" type="image/x-icon" />
    <meta name="author" content="www.dodify.com" /><link rel="canonical" href="https://www.spesati.com/personal-care/creams" /><link rel="alternate" hreflang="en" href="https://www.spesati.com/personal-care/creams" /><link rel="alternate" hreflang="it" href="https://www.spesati.it/cura-della-persona/creme" /><link href="https://cdnjs.cloudflare.com/ajax/libs/meyer-reset/2.0/reset.min.css" rel="stylesheet" type="text/css" /><link href="https://cdnjs.cloudflare.com/ajax/libs/font-awesome/6.5.1/css/all.min.css" rel="stylesheet" type="text/css" /><link href="https://fonts.googleapis.com/css?family=Montserrat:400,700" rel="stylesheet" type="text/css" /><link href="http://cdnjs.cloudflare.com/ajax/libs/fancybox/2.1.5/jquery.fancybox.min.css" rel="stylesheet" type="text/css" /><link href="https://www.spesati.com/style/main.css?v=7" rel="stylesheet" type="text/css" /><link href="https://www.spesati.com/style/lightslider.css" rel="stylesheet" type="text/css" /><link href="https://www.spesati.com/style/categories.css" rel="stylesheet" type="text/css" /><script src="https://cdnjs.cloudflare.com/ajax/libs/jquery/3.6.1/jquery.min.js" type="text/javascript"></script><script src="http://ajax.googleapis.com/ajax/libs/jquery/1.11.0/jquery.min.js" type="text/javascript"></script><script src="http://unpkg.com/@floating-ui/core@0.4.0" type="text/javascript"></script><script src="http://unpkg.com/@floating-ui/dom@0.2.0" type="text/javascript"></script><script src="http://cdnjs.cloudflare.com/ajax/libs/fancybox/2.1.5/jquery.fancybox.min.js" type="text/javascript"></script><script src="https://www.spesati.com/js/menu.js" type="text/javascript"></script><script src="https://www.spesati.com/js/interface.js?v=10" type="text/javascript"></script><script src="https://www.spesati.com/js/spesati.lightslider.min.js" type="text/javascript"></script><meta name="viewport" content="width=device-width, initial-scale=1, maximum-scale=1" /><meta name = "format-detection" content = "telephone=no">
<!-- Facebook Pixel Code -->
<script>
  !function(f,b,e,v,n,t,s)
  {if(f.fbq)return;n=f.fbq=function(){n.callMethod?
  n.callMethod.apply(n,arguments):n.queue.push(arguments)};
  if(!f._fbq)f._fbq=n;n.push=n;n.loaded=!0;n.version='2.0';
  n.queue=[];t=b.createElement(e);t.async=!0;
  t.src=v;s=b.getElementsByTagName(e)[0];
  s.parentNode.insertBefore(t,s)}(window, document,'script',
  'https://connect.facebook.net/en_US/fbevents.js');
  fbq('init', '792335014180667');
  fbq('track', 'PageView');
</script>
<noscript>
    <img height="1" width="1" style="display:none" src="https://www.facebook.com/tr?id=792335014180667&amp;ev=PageView&amp;noscript=1" />
</noscript>
<!-- End Facebook Pixel Code -->

<!-- GA4 -->
<script async src="https://www.googletagmanager.com/gtag/js?id=G-SSS6NRNXL0"></script>
<script>
  window.dataLayer = window.dataLayer || [];
  function gtag(){dataLayer.push(arguments);}
  gtag('js', new Date());
  gtag('config', 'AW-976671669');
  gtag('config', 'G-SSS6NRNXL0');
</script>
<!-- Elements for PWA deploy -->
<link rel="manifest" href="https://www.spesati.com/manifest.json">
<meta name="theme-color" media="(prefers-color-scheme: light)" content="white">
<meta name="theme-color" media="(prefers-color-scheme: dark)"  content="black">
<link href=https://www.spesati.com/images/icon-192.png rel=apple-touch-icon sizes="192x192">
<!-- Establishment logic -->
<script>var pageEstablishment = "Olbia"; var estDefaultPages = true</script>
    <!--[if lt IE 9]>
        <script src="https://cdnjs.cloudflare.com/ajax/libs/html5shiv/3.7.3/html5shiv.min.js" type="text/javascript"></script>
    <![endif]--><script type="text/javascript">
$(document).ready(function() {
    // Check if exists cookie
    if(document.cookie.indexOf("cookieAccepted") < 0) {
        var cookieText = '<div id=\"cookie\"><p>This site uses cookies. Cookies are used for ads personalisation. <a href=\"/privacy-policy\">More info</a></p><button id=\"cookieConsent\" type=\"button\">Accept</button></div>';
        $("body").append($(
            cookieText
        ));
        $('#cookie').css({
            'width'           : '100%',
            'text-align'      : 'center',
            'color'           : '#FFFFFF',
            'background-color': '#000000', 
            'opacity'         : '.8', 
            'position'        : 'fixed', 
            'bottom'          : '0',
            'padding'         : '.5em 0',
            'z-index'         : '999'
        });
        $('#cookie > *').css({
            'display': 'inline'
        });
        $('#cookie a').css({
            'color'          : '#FFFFFF',
            'text-decoration': 'underline',
            'margin-right'   : '2%'
        });
        $('#cookieConsent').click(function() {
            // Set cookie
            var expiry = new Date();
            expiry.setTime(expiry.getTime() + (365 * 24 * 60 * 60 * 1000));
            document.cookie = "cookieAccepted=yes; expires=" + expiry.toGMTString() + "; path=/; domain=.spesati.com";
            $('#cookie').css({'display': 'none'});
        });
    }
});
</script></head><body><script type="text/javascript">
    var addText = "Add";
    var slider  = null;
    $(document).ready(function() {
        slider = $('#cartSlider').lightSlider({
            controls: false,
            item:13,
            loop:false,
            slideMove:1,
            easing: 'cubic-bezier(0.25, 0, 0.25, 1)',
            speed:600,
            responsive : [
                {
                    breakpoint:1400,
                    settings: {
                        item:12,
                        slideMove:1,
                    }
                },
                {
                    breakpoint:1200,
                    settings: {
                        item:11,
                        slideMove:1,
                    }
                },
                {
                    breakpoint:1080,
                    settings: {
                        item:14,
                        slideMove:1,
                    }
                },
                {
                    breakpoint:800,
                    settings: {
                        item:12,
                        slideMove:1,
                    }
                }
            ]
        });
        $('.lSPager').css("display","none");
        $('.lSAction').css("display","block");
        $('#goToPrevSlide').on('click', function () {
            slider.goToPrevSlide();
        });
        $('#goToNextSlide').on('click', function () {
            slider.goToNextSlide();
        });
    });

</script>
<div id="header" class="bgYellow">
    <header>
        <a class="menu" href="#"><i class="fa red fa-bars fa-2x"></i></a>
        <a id="logo" class="colLeft estDynamic" href="https://www.spesati.com/">
            <img src="http://cdn.spesati.com/images/layout/logo-eng.png" alt="Spesati.com" />
            <h2 class="red">Grocery Delivery</h2>
        </a>
        <div class="colRight">
            <div id="controls" class="right">
                <p id="establishmentControls">
                    <span class="establishmentWarning"><i class="fa-solid fa-triangle-exclamation red" title="Stai visualizzando i prodotti disponibili in una zona diversa. Se vuoi cambiare zona, cliccan qui"></i>&nbsp;&nbsp;</span>
                    Shopping from <b><a id="establishment" href="#"></a></b> <span id="estAddress">for </span> <a href="https://www.spesati.com/change-establishment">(<i class="fa-solid fa-pencil"></i> Change)</a> <span class="establishmentWarning">but viewing <b>Olbia</b></span>
                </p>
                <p><a href="https://www.spesati.it/cura-della-persona/creme" class="black switch-site">Versione italiana</a></p>                
            </div>
            <div>
                <form id="search" action="https://www.spesati.com/search" method="post" class="left">
                    <fieldset>
                        <div>
                            <input type="text" name="searchBox" id="searchBox" placeholder="Search for a product"></input>
                            <input id="searchButton" type="submit" name="searchButton" class="button bgRed white left" value="Find" />
                        </div>
                    </fieldset>
                </form>
                <div class="center left">
                    <a class="button bgRed white log-in" href="https://www.spesati.com/login">Login</a>
                    <a class="button bgRed white sign-up" href="https://www.spesati.com/sign-up">Sign up</a>
                    <a class="button bgRed white profile" href="https://www.spesati.com/profile">Profile</a>
                    <a class="button bgRed white log-out" href="https://www.spesati.com/logout" data-endpoint-check-cart="https://api.spesati.com/cart/check">Logout</a>
                </div>
                <div class="right user-function-icons">
                    <a class="red left account"><i class="fa fa-user fa-3x"></i></a>
                    <div id="dropdown">
                        <a class="log-in button bgRed white" href="https://www.spesati.com/login">Login</a>
                        <a class="sign-up button bgRed white" href="https://www.spesati.com/sign-up">Sign up</a>
                        <a class="profile button bgRed white" href="https://www.spesati.com/profile">Profile</a>
                        <a class="log-out button bgRed white" href="https://www.spesati.com/logout">Logout</a>
                    </div>

                    <div class="cart left">
                        <i class="fa fa-sm fa-shopping-cart red" aria-hidden="true" id="shipping-cart-button"></i>
                        <p id="cartQuantity"></p>
                    </div>

                    <a class="right" href="https://www.spesati.com/cart"><p class="black" id="cartTotal"></p></a>
                </div>
            </div>
                            <div id="previewCart">
                    <i id="goToPrevSlide" class="yellow fa fa-angle-left fa-2x" aria-hidden="true"></i>
                    <div><ul id="cartSlider"></ul></div>
                    <i id="goToNextSlide" class="yellow fa fa-angle-right fa-2x" aria-hidden="true"></i>
                </div>
                    </div>
    </header>

    <div id="shipping-cart-options" data-inited="false">
        <a href="https://www.spesati.com/cart" class="goto-cart">checkout</a>
        <a href="#" data-endpoint-auth="https://api.spesati.com/cart/save" data-endpoint-noauth="/login" class="save-cart">save</a>
        <a href="#" data-endpoint-auth="https://api.spesati.com/cart/load" class="load-cart">load</a>
    </div>
</div>
<div id="menuCategoriesMobile" class="mobile bgRed">
    <div class="closeMenu">
        <i class="fa fa-times fa-2x white"></i>
        Close
    </div>
    <ul class="bgRed white">
        <div id="langMobile" class="right">
        <a href="https://www.spesati.it/cura-della-persona/creme" class="white switch-site"><p>Versione italiana</p></a>    </div>
        <li><a>Categories</a>
            <ul class="bgWhite">
                <li>
                    <img src="http://cdn.spesati.com/images/menu/on-sale.png"/>
                    On sale                    <i class="fa fa-angle-down" aria-hidden="true"></i>
                    <ul class="sub-menu">
                    <li>
    <a href="https://www.spesati.com/tacchino-fesa-a-fette">Tacchino Fesa A Fette</a>
</li><li>
    <a href="https://www.spesati.com/amaro-montenegro-15lt">Amaro Montenegro 1,5lt</a>
</li><li>
    <a href="https://www.spesati.com/carbone-di-legna-sacco-10kg">Carbone Di Legna Sacco 10Kg</a>
</li><li>
    <a href="https://www.spesati.com/filu-e-ferru-silvio-carta-70cl">Filu E Ferru Silvio Carta 70Cl</a>
</li><li>
    <a href="https://www.spesati.com/braciole-suino-con-cotenna">Braciole Suino Con Cotenna</a>
</li><li>
    <a href="https://www.spesati.com/bovino-adulto-polpa">Bovino Adulto Polpa</a>
</li><li>
    <a href="https://www.spesati.com/vino-la-palma-cannonau-le-bombarde">Vino La Palma Cannonau Le Bombarde</a>
</li><li>
    <a href="https://www.spesati.com/fettine-sceltissime-bovino-adulto">Fettine Sceltissime Bovino Adulto</a>
</li><li>
    <a href="https://www.spesati.com/suino-fettine-scelte">Suino Fettine Scelte</a>
</li><li>
    <a href="https://www.spesati.com/lavazza-caffe-qualita-rossa-2x250gr">Lavazza Caffé Qualità Rossa 2x250gr</a>
</li>                        <li>
                            <a class="estDynamic" href="https://www.spesati.com/on-offer">All products on sale</a>
                        </li>
                    </ul>
                </li>
                <li>
                    <img src="http://cdn.spesati.com/images/menu/gift.png"/>
                    Gifts                    <i class="fa fa-angle-down" aria-hidden="true"></i>
                    <ul class="sub-menu">
                        <li>
    <a href="https://www.spesati.com/gift-card-da-150">Gift Card Da 150</a>
</li><li>
    <a href="https://www.spesati.com/gift-card-da-100">Gift Card Da 100</a>
</li><li>
    <a href="https://www.spesati.com/gift-card-da-50">Gift Card Da 50</a>
</li><li>
    <a href="https://www.spesati.com/gift-card-da-25">Gift Card Da 25</a>
</li>                        <li>
                            <a class="estDynamic" href="https://www.spesati.com/gift">All products in the gifts category</a>
                        </li>
                    </ul>
                </li>
                <li>
                    <img src="http://cdn.spesati.com/images/menu/gift-card.png"/>
                    Gift card and discounts                    <i class="fa fa-angle-down" aria-hidden="true"></i>
                    <ul class="sub-menu">
                        <li>
    <a href="https://www.spesati.com/gift-card-da-150">Gift Card Da 150</a>
</li><li>
    <a href="https://www.spesati.com/gift-card-da-100">Gift Card Da 100</a>
</li><li>
    <a href="https://www.spesati.com/gift-card-da-50">Gift Card Da 50</a>
</li><li>
    <a href="https://www.spesati.com/gift-card-da-25">Gift Card Da 25</a>
</li>                    </ul>
                </li>
                <li>
                    <img src="http://cdn.spesati.com/images/menu/fuit-and-vegetables.png"/>
                    Fruit and vegetables                    <i class="fa fa-angle-down" aria-hidden="true"></i>
                    <ul class="sub-menu">
                        <li>
                            <a class="estDynamic" href="https://www.spesati.com/fruit-and-vegetables/pulses-and-beans">Cereals and pulses and beans</a>
                        </li>
                        <li>
                            <a class="estDynamic" href="https://www.spesati.com/fruit-and-vegetables/fruit">Fruit</a>
                        </li>
                        <li>
                            <a class="estDynamic" href="https://www.spesati.com/fruit-and-vegetables/canned-fruit">Canned fruit</a>
                        </li>
                        <li>
                            <a class="estDynamic" href="https://www.spesati.com/fruit-and-vegetables/dried-fruit">Dried fruit</a>
                        </li>
                        <li>
                            <a class="estDynamic" href="https://www.spesati.com/fruit-and-vegetables/ready-salads">Ready salads</a>
                        </li>
                        <li>
                            <a class="estDynamic" href="https://www.spesati.com/fruit-and-vegetables/fresh-spices">Fresh spices</a>
                        </li>
                        <li>
                            <a class="estDynamic" href="https://www.spesati.com/fruit-and-vegetables/vegetables">Vegetables and soy</a>
                        </li>
                    </ul>
                </li>
                <li>
                    <img src="http://cdn.spesati.com/images/menu/fresh-products.png"/>
                    Fresh products                    <i class="fa fa-angle-down" aria-hidden="true"></i>
                    <ul class="sub-menu">
                        <li>
                            <a class="estDynamic" href="https://www.spesati.com/fresh-products/margarine-and-butter">Butter and margarine</a>
                        </li>
                        <li>
                            <a class="estDynamic" href="https://www.spesati.com/fresh-products/danone">Danone</a>
                        </li>
                        <li>
                            <a class="estDynamic" href="https://www.spesati.com/fresh-products/dessert">Dessert</a>
                        </li>
                        <li>
                            <a class="estDynamic" href="https://www.spesati.com/fresh-products/sweets">Sweets</a>
                        </li>
                        <li>
                            <a class="estDynamic" href="https://www.spesati.com/fresh-products/dairy-products">Dairy product</a>
                        </li>
                        <li>
                            <a class="estDynamic" href="https://www.spesati.com/fresh-products/bakery">Yeast</a>
                        </li>
                        <li>
                            <a class="estDynamic" href="https://www.spesati.com/fresh-products/mascarpone">Mascarpone</a>
                        </li>
                        <li>
                            <a class="estDynamic" href="https://www.spesati.com/fresh-products/snacks">Snacks</a>
                        </li>
                        <li>
                            <a class="estDynamic" href="https://www.spesati.com/fresh-products/mozzarella">Mozzarella</a>
                        </li>
                        <li>
                            <a class="estDynamic" href="https://www.spesati.com/fresh-products/pasta">Pasta</a>
                        </li>
                        <li>
                            <a class="estDynamic" href="https://www.spesati.com/fresh-products/pesto-and-sauces">Pesto and sauces</a>
                        </li>
                        <li>
                            <a class="estDynamic" href="https://www.spesati.com/fresh-products/ricotta-and-cheese">Ricotta and cheese</a>
                        </li>
                        <li>
                            <a class="estDynamic" href="https://www.spesati.com/fresh-products/cured-meat">Cured meat</a>
                        </li>
                        <li>
                            <a class="estDynamic" href="https://www.spesati.com/fresh-products/wurstel">Würstel</a>
                        </li>
                        <li>
                            <a class="estDynamic" href="https://www.spesati.com/fresh-products/yogurt">Yogurt</a>
                        </li>
                    </ul>
                </li>
                <li>
                    <img src="http://cdn.spesati.com/images/menu/frozen-foods.png"/>
                    Frozen foods                    <i class="fa fa-angle-down" aria-hidden="true"></i>
                    <ul class="sub-menu">
                        <li>
                            <a class="estDynamic" href="https://www.spesati.com/frozen-foods/meat">Meat</a>
                        </li>
                        <li>
                            <a class="estDynamic" href="https://www.spesati.com/frozen-foods/ice-creams">Ice cream and sweet</a>
                        </li>
                        <li>
                            <a class="estDynamic" href="https://www.spesati.com/frozen-foods/pasta">Pasta</a>
                        </li>
                        <li>
                            <a class="estDynamic" href="https://www.spesati.com/frozen-foods/fish">Fish</a>
                        </li>
                        <li>
                            <a class="estDynamic" href="https://www.spesati.com/frozen-foods/ready-meals">Ready meals</a>
                        </li>
                        <li>
                            <a class="estDynamic" href="https://www.spesati.com/frozen-foods/pizzas">Pizzas</a>
                        </li>
                        <li>
                            <a class="estDynamic" href="https://www.spesati.com/frozen-foods/vegetables">Vegetables and soy</a>
                        </li>
                    </ul>
                </li>
                <li>
                    <img src="http://cdn.spesati.com/images/menu/bread-and-pasta.png"/>
                    Bread and pasta                    <i class="fa fa-angle-down" aria-hidden="true"></i>
                    <ul class="sub-menu">
                        <li>
                            <a class="estDynamic" href="https://www.spesati.com/bread-and-pasta/crackers">Crackers</a>
                        </li>
                        <li>
                            <a class="estDynamic" href="https://www.spesati.com/bread-and-pasta/rusks">Rusks</a>
                        </li>
                        <li>
                            <a class="estDynamic" href="https://www.spesati.com/bread-and-pasta/white-bread">White bread</a>
                        </li>
                        <li>
                            <a class="estDynamic" href="https://www.spesati.com/bread-and-pasta/local-bread">Local bread</a>
                        </li>
                        <li>
                            <a class="estDynamic" href="https://www.spesati.com/bread-and-pasta/soft-bread">Soft bread</a>
                        </li>
                        <li>
                            <a class="estDynamic" href="https://www.spesati.com/bread-and-pasta/sardinian-bread">Sardinian bread</a>
                        </li>
                        <li>
                            <a class="estDynamic" href="https://www.spesati.com/bread-and-pasta/bakery">Bakery</a>
                        </li>
                        <li>
                            <a class="estDynamic" href="https://www.spesati.com/bread-and-pasta/pasta">Pasta</a>
                        </li>
                        <li>
                            <a class="estDynamic" href="https://www.spesati.com/bread-and-pasta/fresh-pasta">Fresh pasta</a>
                        </li>
                    </ul>
                </li>
                <li>
                    <img src="http://cdn.spesati.com/images/menu/meat.png"/>
                    Meat                    <i class="fa fa-angle-down" aria-hidden="true"></i>
                    <ul class="sub-menu">
                        <li>
                            <a class="estDynamic" href="https://www.spesati.com/meat/beef">Beef</a>
                        </li>
                        <li>
                            <a class="estDynamic" href="https://www.spesati.com/meat/goat">Goat</a>
                        </li>
                        <li>
                            <a class="estDynamic" href="https://www.spesati.com/meat/packaged-meat">Packaged meat</a>
                        </li>
                        <li>
                            <a class="estDynamic" href="https://www.spesati.com/meat/rabbit">Rabbit</a>
                        </li>
                        <li>
                            <a class="estDynamic" href="https://www.spesati.com/meat/horse">Horse</a>
                        </li>
                        <li>
                            <a class="estDynamic" href="https://www.spesati.com/meat/pork">Pork</a>
                        </li>
                        <li>
                            <a class="estDynamic" href="https://www.spesati.com/meat/lamb">Lamb</a>
                        </li>
                        <li>
                            <a class="estDynamic" href="https://www.spesati.com/meat/poultry">Poultry</a>
                        </li>
                    </ul>
                </li>
                <li>
                    <img src="http://cdn.spesati.com/images/menu/fish.png"/>
                    Fish                    <i class="fa fa-angle-down" aria-hidden="true"></i>
                    <ul class="sub-menu">
                        <li>
                            <a class="estDynamic" href="https://www.spesati.com/fish/fresh-water">Fresh water</a>
                        </li>
                        <li>
                            <a class="estDynamic" href="https://www.spesati.com/fish/salt-water">Salt water</a>
                        </li>
                        <li>
                            <a class="estDynamic" href="https://www.spesati.com/fish/mussels">Mussels</a>
                        </li>
                        <li>
                            <a class="estDynamic" href="https://www.spesati.com/fish/dried-and-salted">Dried and salted</a>
                        </li>
                        <li>
                            <a class="estDynamic" href="https://www.spesati.com/fish/seafood-salad">Seafood salad</a>
                        </li>
                        <li>
                            <a class="estDynamic" href="https://www.spesati.com/fish/prepared">Prepared</a>
                        </li>
                        <li>
                            <a class="estDynamic" href="https://www.spesati.com/fish/specialty">Specialty</a>
                        </li>   
                        <li>
                            <a class="estDynamic" href="https://www.spesati.com/fish/tuna-and-salmon">Tuna and salmon</a>
                        </li>
                    </ul>
                </li>
                <li>
                    <img src="http://cdn.spesati.com/images/menu/alcohol.png"/>
                    Wine beer and spirits                    <i class="fa fa-angle-down" aria-hidden="true"></i>
                    <ul class="sub-menu">
                        <li>
                            <a class="estDynamic" href="https://www.spesati.com/wine-beer-and-spirits/spirits-and-liquors">Alcohol</a>
                        </li>
                        <li>
                            <a class="estDynamic" href="https://www.spesati.com/wine-beer-and-spirits/bitters">Bitters</a>
                        </li>
                        <li>
                            <a class="estDynamic" href="https://www.spesati.com/wine-beer-and-spirits/aperatif">Aperatifs</a>
                        </li>
                        <li>
                            <a class="estDynamic" href="https://www.spesati.com/wine-beer-and-spirits/beer">Beer</a>
                        </li>
                        <li>
                            <a class="estDynamic" href="https://www.spesati.com/wine-beer-and-spirits/creams">Creams</a>
                        </li>
                        <li>
                            <a class="estDynamic" href="https://www.spesati.com/wine-beer-and-spirits/spirits">Spirits</a>
                        </li>
                        <li>
                            <a class="estDynamic" href="https://www.spesati.com/wine-beer-and-spirits/liquors">Liquors</a>
                        </li>
                        <li>
                            <a class="estDynamic" href="https://www.spesati.com/wine-beer-and-spirits/white-wine">White wine</a>
                        </li>
                        <li>
                            <a class="estDynamic" href="https://www.spesati.com/wine-beer-and-spirits/prosecco-wine">Prosecco wine</a>
                        </li>
                        <li>
                            <a class="estDynamic" href="https://www.spesati.com/wine-beer-and-spirits/rose-wine">Rose wine</a>
                        </li>
                        <li>
                            <a class="estDynamic" href="https://www.spesati.com/wine-beer-and-spirits/red-wine">Red wine</a>
                        </li>
                        <li>
                            <a class="estDynamic" href="https://www.spesati.com/wine-beer-and-spirits/specialty-wine">Special wine</a>
                        </li>
                        <li>
                            <a class="estDynamic" href="https://www.spesati.com/wine-beer-and-spirits/sparkling-wine">Sparkling wine</a>
                        </li>
                        <li>
                            <a class="estDynamic" href="https://www.spesati.com/wine-beer-and-spirits/vermentino-wine">Vermentino wine</a>
                        </li>
                    </ul>
                </li>
                <li>
                    <img src="http://cdn.spesati.com/images/menu/water-and-drinks.png"/>
                    Water and drinks                    <i class="fa fa-angle-down" aria-hidden="true"></i>
                    <ul class="sub-menu">
                        <li>
                            <a class="estDynamic" href="https://www.spesati.com/water-and-drinks/san-martino">San Martino</a>
                        </li>
                        <li>
                            <a class="estDynamic" href="https://www.spesati.com/water-and-drinks/water">Water</a>
                        </li>
                        <li>
                            <a class="estDynamic" href="https://www.spesati.com/water-and-drinks/alpro">Alpro</a>
                        </li>
                        <li>
                            <a class="estDynamic" href="https://www.spesati.com/water-and-drinks/fizzy-drinks">Fizzy drinks</a>
                        </li>
                        <li>
                            <a class="estDynamic" href="https://www.spesati.com/water-and-drinks/coca-cola">Coca-Cola</a>
                        </li>
                        <li>
                            <a class="estDynamic" href="https://www.spesati.com/water-and-drinks/energy-drink">Energy drink</a>
                        </li>
                        <li>
                            <a class="estDynamic" href="https://www.spesati.com/water-and-drinks/syrups">Syrups</a>
                        </li>
                        <li>
                            <a class="estDynamic" href="https://www.spesati.com/water-and-drinks/supplements">Supplements</a>
                        </li>
                        <li>
                            <a class="estDynamic" href="https://www.spesati.com/water-and-drinks/instant-drinks">Instant drinks</a>
                        </li>
                        <li>
                            <a class="estDynamic" href="https://www.spesati.com/water-and-drinks/juice">Juice</a>
                        </li>
                        <li>
                            <a class="estDynamic" href="https://www.spesati.com/water-and-drinks/tea">Tea</a>
                        </li>
                    </ul>
                </li>
                <li>
                    <img src="http://cdn.spesati.com/images/menu/sweets.png"/>
                    Sweets                    <i class="fa fa-angle-down" aria-hidden="true"></i>
                    <ul class="sub-menu">
                        <li>
                            <a class="estDynamic" href="https://www.spesati.com/sweets/bars-and-snacks">Bars and snacks</a>
                        </li>
                        <li>
                            <a class="estDynamic" href="https://www.spesati.com/sweets/biscuits">Biscuits</a>
                        </li>
                        <li>
                            <a class="estDynamic" href="https://www.spesati.com/sweets/brioches">Brioches</a>
                        </li>
                        <li>
                            <a class="estDynamic" href="https://www.spesati.com/sweets/candy-and-chewing-gum">Candy and chewing gum</a>
                        </li>
                        <li>
                            <a class="estDynamic" href="https://www.spesati.com/sweets/cereals">Cereals</a>
                        </li>
                        <li>
                            <a class="estDynamic" href="https://www.spesati.com/sweets/chocolate">Chocolate</a>
                        </li>
                        <li>
                            <a class="estDynamic" href="https://www.spesati.com/sweets/spreadable-creams">Spreads</a>
                        </li>
                        <li>
                            <a class="estDynamic" href="https://www.spesati.com/sweets/dessert-toppings">Dessert toppings</a>
                        </li>
                        <li>
                            <a class="estDynamic" href="https://www.spesati.com/sweets/jam">Jam</a>
                        </li>
                        <li>
                            <a class="estDynamic" href="https://www.spesati.com/sweets/honey">Honey</a>
                        </li>
                        <li>
                            <a class="estDynamic" href="https://www.spesati.com/sweets/panettoni-and-pandoro">Panettone and pandoro</a>
                        </li>
                        <li>
                            <a class="estDynamic" href="https://www.spesati.com/sweets/pastry">Pastry</a>
                        </li>
                        <li>
                            <a class="estDynamic" href="https://www.spesati.com/sweets/instant-dessert">Prepared</a>
                        </li>
                        <li>
                            <a class="estDynamic" href="https://www.spesati.com/sweets/cakes-and-pies">Cakes and pies</a>
                        </li>
                        <li>
                            <a class="estDynamic" href="https://www.spesati.com/sweets/easter-eggs-and-doves">Easter eggs and doves</a>
                        </li>
                    </ul>
                </li>
                <li>
                    <img src="http://cdn.spesati.com/images/menu/shelf.png"/>
                    Cupboard                    <i class="fa fa-angle-down" aria-hidden="true"></i>
                    <ul class="sub-menu">
                        <li>
                            <a class="estDynamic" href="https://www.spesati.com/shelf/coffee">Coffee</a>
                        </li>
                        <li>
                            <a class="estDynamic" href="https://www.spesati.com/shelf/gift-baskets">Gift baskets</a>
                        </li>
                        <li>
                            <a class="estDynamic" href="https://www.spesati.com/shelf/stock-cubes">Nuts and preparations</a>
                        </li>
                        <li>
                            <a class="estDynamic" href="https://www.spesati.com/shelf/flour-and-baking">Flour and baking</a>
                        </li>
                        <li>
                            <a class="estDynamic" href="https://www.spesati.com/shelf/milk">Milk</a>
                        </li>
                        <li>
                            <a class="estDynamic" href="https://www.spesati.com/shelf/oil-salt-vinegar">Oil, vinegar and salt</a>
                        </li>
                        <li>
                            <a class="estDynamic" href="https://www.spesati.com/shelf/cream-and-bechamel">Cream and bechamel</a>
                        </li>
                        <li>
                            <a class="estDynamic" href="https://www.spesati.com/shelf/crisps-and-pretzels">Crisps and pretzels</a>
                        </li>
                        <li>
                            <a class="estDynamic" href="https://www.spesati.com/shelf/baby-and-infants-products">Early childhood products</a>
                        </li>
                        <li>
                            <a class="estDynamic" href="https://www.spesati.com/shelf/rice">Rice</a>
                        </li>
                        <li>
                            <a class="estDynamic" href="https://www.spesati.com/shelf/tins-and-preserves">Tins and Preserves</a>
                        </li>
                        <li>
                            <a class="estDynamic" href="https://www.spesati.com/shelf/spices">Spices</a>
                        </li>
                        <li>
                            <a class="estDynamic" href="https://www.spesati.com/shelf/sauces">Sauces</a>
                        </li>
                        <li>
                            <a class="estDynamic" href="https://www.spesati.com/shelf/tea-and-infusions">Tea and infusions</a>
                        </li>
                        <li>
                            <a class="estDynamic" href="https://www.spesati.com/shelf/eggs">Eggs</a>
                        </li>
                        <li>
                            <a class="estDynamic" href="https://www.spesati.com/shelf/sugar-and-sweeteners">Sugar and sweeteners</a>
                        </li>
                    </ul>
                </li>
                <li>
                    <img src="http://cdn.spesati.com/images/menu/personal-care.png"/>
                    Personal care                    <i class="fa fa-angle-down" aria-hidden="true"></i>
                    <ul class="sub-menu">
                        <li>
                            <a class="estDynamic" href="https://www.spesati.com/personal-care/accessories-and-cotton">Accessories and cotton</a>
                        </li>
                        <li>
                            <a class="estDynamic" href="https://www.spesati.com/personal-care/feminine-care-incontinence-and-baby-diapers">Feminine incontinence and diapers</a>
                        </li>
                        <li>
                            <a class="estDynamic" href="https://www.spesati.com/personal-care/shower-gel">Shower gel</a>
                        </li>
                        <li>
                            <a class="estDynamic" href="https://www.spesati.com/personal-care/creams">Creams</a>
                        </li>
                        <li>
                            <a class="estDynamic" href="https://www.spesati.com/personal-care/deodorant">Deodorant</a>
                        </li>
                        <li>
                            <a class="estDynamic" href="https://www.spesati.com/personal-care/hair-removal">Hair removal</a>
                        </li>
                        <li>
                            <a class="estDynamic" href="https://www.spesati.com/personal-care/disinfectants">Disinfectants</a>
                        </li>
                        <li>
                            <a class="estDynamic" href="https://www.spesati.com/personal-care/oral-hygiene">Oral hygiene</a>
                        </li>
                        <li>
                            <a class="estDynamic" href="https://www.spesati.com/personal-care/supplements-and-multivitamins">Supplements and multivitamins</a>
                        </li>
                        <li>
                            <a class="estDynamic" href="https://www.spesati.com/personal-care/first-aid">First aid label</a>
                        </li>
                        <li>
                            <a class="estDynamic" href="https://www.spesati.com/personal-care/beard-products">Beard products</a>
                        </li>
                        <li>
                            <a class="estDynamic" href="https://www.spesati.com/personal-care/hairs-products">Hair products</a>
                        </li>
                        <li>
                            <a class="estDynamic" href="https://www.spesati.com/personal-care/perfume">Perfumes</a>
                        </li>
                        <li>
                            <a class="estDynamic" href="https://www.spesati.com/personal-care/wipes">Wipes</a>
                        </li>
                        <li>
                            <a class="estDynamic" href="https://www.spesati.com/personal-care/soaps-and-body-wash">Soaps and body wash</a>
                        </li>
                        <li>
                            <a class="estDynamic" href="https://www.spesati.com/personal-care/shampoo-and-conditioner">Shampoo and conditioner</a>
                        </li>
                    </ul>
                </li>
                <li>
                    <img src="http://cdn.spesati.com/images/menu/pellet-and-home.png"/>
                    Home and outdoors                    <i class="fa fa-angle-down" aria-hidden="true"></i>
                    <ul class="sub-menu">
                        <li>
                            <a class="estDynamic" href="https://www.spesati.com/household-and-outdoors/distilled-water">Distilled water</a>
                        </li>
                        <li>
                            <a class="estDynamic" href="https://www.spesati.com/household-and-outdoors/car-products">Cars</a>
                        </li>
                        <li>
                            <a class="estDynamic" href="https://www.spesati.com/household-and-outdoors/bin-bags-and-buckets">Bin bags and buckets</a>
                        </li>
                        <li>
                            <a class="estDynamic" href="https://www.spesati.com/household-and-outdoors/bleach-and-stain-removers">Bleach and stain removers</a>
                        </li>
                        <li>
                            <a class="estDynamic" href="https://www.spesati.com/household-and-outdoors/candles">Candles</a>
                        </li>
                        <li>
                            <a class="estDynamic" href="https://www.spesati.com/household-and-outdoors/kitchen-roll">Kitchen roll</a>
                        </li>
                        <li>
                            <a class="estDynamic" href="https://www.spesati.com/household-and-outdoors/air-fresheners">Air fresheners</a>
                        </li>
                        <li>
                            <a class="estDynamic" href="https://www.spesati.com/household-and-outdoors/laundry-accessories-and-detergent">Laundry detergent</a>
                        </li>
                        <li>
                            <a class="estDynamic" href="https://www.spesati.com/household-and-outdoors/dishwasher-and-washing-up">Dishwasher and washing up</a>
                        </li>
                        <li>
                            <a class="estDynamic" href="https://www.spesati.com/household-and-outdoors/gardening">Gardening</a>
                        </li>
                        <li>
                            <a class="estDynamic" href="https://www.spesati.com/household-and-outdoors/light-bulbs-and-batteries">Lightbulbs and batteries</a>
                        </li>
                        <li>
                            <a class="estDynamic" href="https://www.spesati.com/household-and-outdoors/pellet-and-bbq">Pellet and BBQ</a>
                        </li>
                        <li>
                            <a class="estDynamic" href="https://www.spesati.com/household-and-outdoors/bathroom-products">Bathroom products</a>
                        </li>
                        <li>
                            <a class="estDynamic" href="https://www.spesati.com/household-and-outdoors/home-and-furniture-products">Home and furniture products</a>
                        </li>
                        <li>
                            <a class="estDynamic" href="https://www.spesati.com/household-and-outdoors/kitchen-products">Kitchen products</a>
                        </li>
                        <li>
                            <a class="estDynamic" href="https://www.spesati.com/household-and-outdoors/window-and-floor-cleaners">Window and floor cleaner</a>
                        </li>
                        <li>
                            <a class="estDynamic" href="https://www.spesati.com/household-and-outdoors/repellents">Repellents</a>
                        </li>
                        <li>
                            <a class="estDynamic" href="https://www.spesati.com/household-and-outdoors/disposable-tableware">Disposable tableware</a>
                        </li>
                    </ul>
                </li>
                <li>
                    <img src="http://cdn.spesati.com/images/menu/animals.png"/>
                    Pets                    <i class="fa fa-angle-down" aria-hidden="true"></i>
                    <ul class="sub-menu">
                        <li>
                            <a class="estDynamic" href="https://www.spesati.com/pets/pet-food-other-animals">Other animals pet food</a>
                        </li>
                        <li>
                            <a class="estDynamic" href="https://www.spesati.com/pets/pet-food-dogs">Pet food dogs</a>
                        </li>
                        <li>
                            <a class="estDynamic" href="https://www.spesati.com/pets/pet-food-cats">Pet food cats</a>
                        </li>
                        <li>
                            <a class="estDynamic" href="https://www.spesati.com/pets/hygiene-and-cleaning">Hygiene and cleaning</a>
                        </li>
                    </ul>
                </li>
                <li>
                    <img src="http://cdn.spesati.com/images/menu/technology.png"/>
                    Technology                    <i class="fa fa-angle-down" aria-hidden="true"></i>
                    <ul class="sub-menu">
                        <li>
                            <a class="estDynamic" href="https://www.spesati.com/technology/accessories">Accessories</a>
                        </li>
                        <li>
                            <a class="estDynamic" href="https://www.spesati.com/technology/computer">Computer</a>
                        </li>
                        <li>
                            <a class="estDynamic" href="https://www.spesati.com/technology/telephones">Telephones</a>
                        </li>
                        <li>
                            <a class="estDynamic" href="https://www.spesati.com/technology/tv">TV</a>
                        </li>
                    </ul>
                </li>
                <li>
                    <img src="http://cdn.spesati.com/images/menu/gluten-free.png"/>
                    Gluten free                    <i class="fa fa-angle-down" aria-hidden="true"></i>
                    <ul class="sub-menu">
                        <li>
                            <a class="estDynamic" href="https://www.spesati.com/gluten-free/frozen-foods">Frozen foods</a>
                        </li>
                        <li>
                            <a class="estDynamic" href="https://www.spesati.com/gluten-free/beer">Beer</a>
                        </li>
                        <li>
                            <a class="estDynamic" href="https://www.spesati.com/gluten-free/sweets">Sweets</a>
                        </li>
                        <li>
                            <a class="estDynamic" href="https://www.spesati.com/gluten-free/bread-and-pasta">Bread and pasta</a>
                        </li>
                        <li>
                            <a class="estDynamic" href="https://www.spesati.com/gluten-free/shelf">Cupboard</a>
                        </li>
                    </ul>
                </li>
                <li>
                    <img src="http://cdn.spesati.com/images/menu/lactose-free.png"/>
                    Lactose free                    <i class="fa fa-angle-down" aria-hidden="true"></i>
                    <ul class="sub-menu">
                        <li>
                            <a class="estDynamic" href="https://www.spesati.com/lactose-free/frozen-foods">Frozen foods</a>
                        </li>
                        <li>
                            <a class="estDynamic" href="https://www.spesati.com/lactose-free/sweets">Sweets</a>
                        </li>
                        <li>
                            <a class="estDynamic" href="https://www.spesati.com/lactose-free/dairy-product">Dairy product</a>
                        </li>
                        <li>
                            <a class="estDynamic" href="https://www.spesati.com/lactose-free/shelf">Cupboard</a>
                        </li>
                    </ul>
                </li>
                <li>
                    <img src="http://cdn.spesati.com/images/menu/special.png"/>
                    Special                    <i class="fa fa-angle-down" aria-hidden="true"></i>
                    <ul class="sub-menu">
                        <li>
                            <a class="estDynamic" href="https://www.spesati.com/special/alpro">Alpro</a>
                        </li>
                        <li>
                            <a class="estDynamic" href="https://www.spesati.com/special/organic">Biological</a>
                        </li>
                        <li>
                            <a class="estDynamic" href="https://www.spesati.com/special/meat">Meat</a>
                        </li>
                        <li>
                            <a class="estDynamic" href="https://www.spesati.com/special/wholegrain">Wholegrain</a>
                        </li>
                        <li>
                            <a class="estDynamic" href="https://www.spesati.com/special/bread-and-pasta">Bread and pasta</a>
                        </li>
                        <li>
                            <a class="estDynamic" href="https://www.spesati.com/special/vegan">Vegan</a>
                        </li>
                    </ul>
                </li>
                <li>
                    <img src="http://cdn.spesati.com/images/menu/sardinian-products.png"/>
                    Sardinian products                    <i class="fa fa-angle-down" aria-hidden="true"></i>
                    <ul class="sub-menu">
                        <li>
                            <a class="estDynamic" href="https://www.spesati.com/sardinian-products/drinks">Drinks</a>
                        </li>
                        <li>
                            <a class="estDynamic" href="https://www.spesati.com/sardinian-products/meat">Meat</a>
                        </li>
                        <li>
                            <a class="estDynamic" href="https://www.spesati.com/sardinian-products/sweets">Sweets</a>
                        </li>
                        <li>
                            <a class="estDynamic" href="https://www.spesati.com/sardinian-products/fruit-and-vegetables">Fruit and vegetables</a>
                        </li>
                        <li>
                            <a class="estDynamic" href="https://www.spesati.com/sardinian-products/ichnusa">Ichnusa</a>
                        </li>
                        <li>
                            <a class="estDynamic" href="https://www.spesati.com/sardinian-products/dairy-product">Dairy product</a>
                        </li>
                        <li>
                            <a class="estDynamic" href="https://www.spesati.com/sardinian-products/bread-and-pasta">Bread and pasta</a>
                        </li>
                        <li>
                            <a class="estDynamic" href="https://www.spesati.com/sardinian-products/fish">Fish</a>
                        </li>
                        <li>
                            <a class="estDynamic" href="https://www.spesati.com/sardinian-products/cured-meat">Cured meat</a>
                        </li>
                        <li>
                            <a class="estDynamic" href="https://www.spesati.com/sardinian-products/shelf">Cupboard</a>
                        </li>
                        <li>
                            <a class="estDynamic" href="https://www.spesati.com/sardinian-products/vermentino-wine">Vermentino wine</a>
                        </li>
                        <li>
                            <a class="estDynamic" href="https://www.spesati.com/sardinian-products/wine-beer-and-spirits">Wine beer and spirits</a>
                        </li>
                    </ul>
                </li>
            </ul>
        </li>
        <li>
            <a href="https://www.spesati.com/about">About</a>
        </li>
        <li>
            <a href="https://www.spesati.com/faq">Faq</a>
        </li>
        <li>
            <a href="https://www.spesati.com/customer-care">Support</a>
        </li>
        <li>
            <a href="https://www.spesati.com/news">Blog</a>
        </li>
        <li>
            <a href="https://www.spesati.com/terms-and-conditions">Conditions</a>
        </li>
        <li>
            <a href="https://www.spesati.com/privacy-policy">Privacy policy</a>
        </li>
        <li>
            <a href="https://www.spesati.com/login">Login</a>
        </li>
        <li>
             <a href="https://www.spesati.com/sign-up">Sign up</a>
        </li>
    </ul>
</div><section class="first">
    <div id="menuCategories" class="colLeft">
    <ul id="main_nav" >
        <li>
            <a class="estDynamic" href="https://www.spesati.com/on-offer">
               <img src="http://cdn.spesati.com/images/menu/on-sale.png"/>
               On sale            </a>
            <i class="fa fa-angle-right" aria-hidden="true"></i>
            <ul class="sub-menu">
                <li>
    <a href="https://www.spesati.com/tacchino-fesa-a-fette" class="estDynamic">Tacchino Fesa A Fette</a>
</li><li>
    <a href="https://www.spesati.com/amaro-montenegro-15lt" class="estDynamic">Amaro Montenegro 1,5lt</a>
</li><li>
    <a href="https://www.spesati.com/carbone-di-legna-sacco-10kg" class="estDynamic">Carbone Di Legna Sacco 10Kg</a>
</li><li>
    <a href="https://www.spesati.com/filu-e-ferru-silvio-carta-70cl" class="estDynamic">Filu E Ferru Silvio Carta 70Cl</a>
</li><li>
    <a href="https://www.spesati.com/braciole-suino-con-cotenna" class="estDynamic">Braciole Suino Con Cotenna</a>
</li><li>
    <a href="https://www.spesati.com/bovino-adulto-polpa" class="estDynamic">Bovino Adulto Polpa</a>
</li><li>
    <a href="https://www.spesati.com/vino-la-palma-cannonau-le-bombarde" class="estDynamic">Vino La Palma Cannonau Le Bombarde</a>
</li><li>
    <a href="https://www.spesati.com/fettine-sceltissime-bovino-adulto" class="estDynamic">Fettine Sceltissime Bovino Adulto</a>
</li><li>
    <a href="https://www.spesati.com/suino-fettine-scelte" class="estDynamic">Suino Fettine Scelte</a>
</li><li>
    <a href="https://www.spesati.com/lavazza-caffe-qualita-rossa-2x250gr" class="estDynamic">Lavazza Caffé Qualità Rossa 2x250gr</a>
</li>                <li>
                    <a class="estDynamic" href="https://www.spesati.com/on-offer">All products on sale</a>
                </li>
            </ul>
        </li>
        <li>
            <a class="estDynamic" href="https://www.spesati.com/gift">
               <img src="http://cdn.spesati.com/images/menu/gift.png"/>
               Gifts            </a>
            <i class="fa fa-angle-right" aria-hidden="true"></i>
            <ul class="sub-menu">
                <li>
    <a href="https://www.spesati.com/gift-card-da-150" class="estDynamic">Gift Card Da 150</a>
</li><li>
    <a href="https://www.spesati.com/gift-card-da-100" class="estDynamic">Gift Card Da 100</a>
</li><li>
    <a href="https://www.spesati.com/gift-card-da-50" class="estDynamic">Gift Card Da 50</a>
</li><li>
    <a href="https://www.spesati.com/gift-card-da-25" class="estDynamic">Gift Card Da 25</a>
</li>                <li>
                    <a class="estDynamic" href="https://www.spesati.com/gift">All products in the gifts category</a>
                </li>
            </ul>
        </li>
        <li>
            <a class="estDynamic" href="https://www.spesati.com/gift-card">
               <img src="http://cdn.spesati.com/images/menu/gift-card.png"/>
               Gift card and discounts            </a>
            <i class="fa fa-angle-right" aria-hidden="true"></i>
            <ul class="sub-menu">
                <li>
    <a href="https://www.spesati.com/gift-card-da-150">Gift Card Da 150</a>
</li><li>
    <a href="https://www.spesati.com/gift-card-da-100">Gift Card Da 100</a>
</li><li>
    <a href="https://www.spesati.com/gift-card-da-50">Gift Card Da 50</a>
</li><li>
    <a href="https://www.spesati.com/gift-card-da-25">Gift Card Da 25</a>
</li>            </ul>
        </li>
        <li>
            <a class="estDynamic" href="https://www.spesati.com/fruit-and-vegetables">
               <img src="http://cdn.spesati.com/images/menu/fuit-and-vegetables.png"/>
               Fruit and vegetables           </a>
            <i class="fa fa-angle-right" aria-hidden="true"></i>
            <ul class="sub-menu">
                <li>
                    <a class="estDynamic" href="https://www.spesati.com/fruit-and-vegetables/pulses-and-beans">Cereals and pulses and beans</a>
                </li>
                <li>
                    <a class="estDynamic" href="https://www.spesati.com/fruit-and-vegetables/fruit">Fruit</a>
                </li>
                <li>
                    <a class="estDynamic" href="https://www.spesati.com/fruit-and-vegetables/canned-fruit">Canned fruit</a>
                </li>
                <li>
                    <a class="estDynamic" href="https://www.spesati.com/fruit-and-vegetables/dried-fruit">Dried fruit</a>
                </li>
                <li>
                    <a class="estDynamic" href="https://www.spesati.com/fruit-and-vegetables/ready-salads">Ready salads</a>
                </li>
                <li>
                    <a class="estDynamic" href="https://www.spesati.com/fruit-and-vegetables/fresh-spices">Fresh spices</a>
                </li>
                <li>
                    <a class="estDynamic" href="https://www.spesati.com/fruit-and-vegetables/vegetables">Vegetables and soy</a>
                </li>
            </ul>
        </li>
        <li>
            <a class="estDynamic" href="https://www.spesati.com/fresh-products">
                <img src="http://cdn.spesati.com/images/menu/fresh-products.png"/>
                Fresh products            </a>
            <i class="fa fa-angle-right" aria-hidden="true"></i>
            <ul class="sub-menu">
                <li>
                    <a class="estDynamic" href="https://www.spesati.com/fresh-products/margarine-and-butter">Butter and margarine</a>
                </li>
                <li>
                    <a class="estDynamic" href="https://www.spesati.com/fresh-products/danone">Danone</a>
                </li>
                <li>
                    <a class="estDynamic" href="https://www.spesati.com/fresh-products/dessert">Dessert</a>
                </li>
                <li>
                    <a class="estDynamic" href="https://www.spesati.com/fresh-products/sweets">Sweets</a>
                </li>
                <li>
                    <a class="estDynamic" href="https://www.spesati.com/fresh-products/dairy-products">Dairy product</a>
                </li>
                <li>
                    <a class="estDynamic" href="https://www.spesati.com/fresh-products/bakery">Yeast</a>
                </li>
                <li>
                    <a class="estDynamic" href="https://www.spesati.com/fresh-products/mascarpone">Mascarpone</a>
                </li>
                <li>
                    <a class="estDynamic" href="https://www.spesati.com/fresh-products/snacks">Snacks</a>
                </li>
                <li>
                    <a class="estDynamic" href="https://www.spesati.com/fresh-products/mozzarella">Mozzarella</a>
                </li>
                <li>
                    <a class="estDynamic" href="https://www.spesati.com/fresh-products/pasta">Pasta</a>
                </li>
                <li>
                    <a class="estDynamic" href="https://www.spesati.com/fresh-products/pesto-and-sauces">Pesto and sauces</a>
                </li>
                <li>
                    <a class="estDynamic" href="https://www.spesati.com/fresh-products/ricotta-and-cheese">Ricotta and cheese</a>
                </li>
                <li>
                    <a class="estDynamic" href="https://www.spesati.com/fresh-products/cured-meat">Cured meat</a>
                </li>
                <li>
                    <a class="estDynamic" href="https://www.spesati.com/fresh-products/wurstel">Würstel</a>
                </li>
                <li>
                    <a class="estDynamic" href="https://www.spesati.com/fresh-products/yogurt">Yogurt</a>
                </li>
            </ul>
        </li>
        <li>
            <a class="estDynamic" href="https://www.spesati.com/frozen-foods">
                <img src="http://cdn.spesati.com/images/menu/frozen-foods.png"/>
                Frozen foods            </a>
            <i class="fa fa-angle-right" aria-hidden="true"></i>
            <ul class="sub-menu">
                <li>
                    <a class="estDynamic" href="https://www.spesati.com/frozen-foods/meat">Meat</a>
                </li>
                <li>
                    <a class="estDynamic" href="https://www.spesati.com/frozen-foods/ice-creams">Ice cream and sweet</a>
                </li>
                <li>
                    <a class="estDynamic" href="https://www.spesati.com/frozen-foods/pasta">Pasta</a>
                </li>
                <li>
                    <a class="estDynamic" href="https://www.spesati.com/frozen-foods/fish">Fish</a>
                </li>
                <li>
                    <a class="estDynamic" href="https://www.spesati.com/frozen-foods/ready-meals">Ready meals</a>
                </li>
                <li>
                    <a class="estDynamic" href="https://www.spesati.com/frozen-foods/pizzas">Pizzas</a>
                </li>
                <li>
                    <a class="estDynamic" href="https://www.spesati.com/frozen-foods/vegetables">Vegetables and soy</a>
                </li>
            </ul>
        </li>
        <li>
            <a class="estDynamic" href="https://www.spesati.com/bread-and-pasta">
                <img src="http://cdn.spesati.com/images/menu/bread-and-pasta.png"/>
                Bread and pasta            </a>
            <i class="fa fa-angle-right" aria-hidden="true"></i>
            <ul class="sub-menu">
                <li>
                    <a class="estDynamic" href="https://www.spesati.com/bread-and-pasta/crackers">Crackers</a>
                </li>
                <li>
                    <a class="estDynamic" href="https://www.spesati.com/bread-and-pasta/rusks">Rusks</a>
                </li>
                <li>
                    <a class="estDynamic" href="https://www.spesati.com/bread-and-pasta/white-bread">White bread</a>
                </li>
                <li>
                    <a class="estDynamic" href="https://www.spesati.com/bread-and-pasta/local-bread">Local bread</a>
                </li>
                <li>
                    <a class="estDynamic" href="https://www.spesati.com/bread-and-pasta/soft-bread">Soft bread</a>
                </li>
                <li>
                    <a class="estDynamic" href="https://www.spesati.com/bread-and-pasta/sardinian-bread">Sardinian bread</a>
                </li>
                <li>
                    <a class="estDynamic" href="https://www.spesati.com/bread-and-pasta/bakery">Bakery</a>
                </li>
                <li>
                    <a class="estDynamic" href="https://www.spesati.com/bread-and-pasta/pasta">Pasta</a>
                </li>
                <li>
                    <a class="estDynamic" href="https://www.spesati.com/bread-and-pasta/fresh-pasta">Fresh pasta</a>
                </li>
            </ul>
        </li>
        <li>
            <a class="estDynamic" href="https://www.spesati.com/meat">
                <img src="http://cdn.spesati.com/images/menu/meat.png"/>
                Meat            </a>
            <i class="fa fa-angle-right" aria-hidden="true"></i>
            <ul class="sub-menu">
                <li>
                    <a class="estDynamic" href="https://www.spesati.com/meat/beef">Beef</a>
                </li>
                <li>
                    <a class="estDynamic" href="https://www.spesati.com/meat/goat">Goat</a>
                </li>
                <li>
                    <a class="estDynamic" href="https://www.spesati.com/meat/packaged-meat">Packaged meat</a>
                </li>
                <li>
                    <a class="estDynamic" href="https://www.spesati.com/meat/rabbit">Rabbit</a>
                </li>
                <li>
                    <a class="estDynamic" href="https://www.spesati.com/meat/horse">Horse</a>
                </li>
                <li>
                    <a class="estDynamic" href="https://www.spesati.com/meat/pork">Pork</a>
                </li>
                <li>
                    <a class="estDynamic" href="https://www.spesati.com/meat/lamb">Lamb</a>
                </li>
                <li>
                    <a class="estDynamic" href="https://www.spesati.com/meat/poultry">Poultry</a>
                </li>
            </ul>
        </li>
        <li>
            <a class="estDynamic" href="https://www.spesati.com/fish">
                <img src="http://cdn.spesati.com/images/menu/fish.png"/>
                Fish            </a>
            <i class="fa fa-angle-right" aria-hidden="true"></i>
            <ul class="sub-menu">
                <li>
                    <a class="estDynamic" href="https://www.spesati.com/fish/fresh-water">Fresh water</a>
                </li>
                <li>
                    <a class="estDynamic" href="https://www.spesati.com/fish/salt-water">Salt water</a>
                </li>
                <li>
                    <a class="estDynamic" href="https://www.spesati.com/fish/mussels">Mussels</a>
                </li>
                <li>
                    <a class="estDynamic" href="https://www.spesati.com/fish/dried-and-salted">Dried and salted</a>
                </li>
                <li>
                    <a class="estDynamic" href="https://www.spesati.com/fish/seafood-salad">Seafood salad</a>
                </li>
                <li>
                    <a class="estDynamic" href="https://www.spesati.com/fish/prepared">Prepared</a>
                </li>
                <li>
                    <a class="estDynamic" href="https://www.spesati.com/fish/specialty">Specialty</a>
                </li>   
                <li>
                    <a class="estDynamic" href="https://www.spesati.com/fish/tuna-and-salmon">Tuna and salmon</a>
                </li>
            </ul>
        </li>
        <li>
            <a class="estDynamic" href="https://www.spesati.com/wine-beer-and-spirits">
                <img src="http://cdn.spesati.com/images/menu/alcohol.png"/>
                Wine beer and spirits            </a>
            <i class="fa fa-angle-right" aria-hidden="true"></i>
            <ul class="sub-menu">
                <li>
                    <a class="estDynamic" href="https://www.spesati.com/wine-beer-and-spirits/spirits-and-liquors">Alcohol</a>
                </li>
                <li>
                    <a class="estDynamic" href="https://www.spesati.com/wine-beer-and-spirits/bitters">Bitters</a>
                </li>
                <li>
                    <a class="estDynamic" href="https://www.spesati.com/wine-beer-and-spirits/aperatif">Aperatifs</a>
                </li>
                <li>
                    <a class="estDynamic" href="https://www.spesati.com/wine-beer-and-spirits/beer">Beer</a>
                </li>
                <li>
                    <a class="estDynamic" href="https://www.spesati.com/wine-beer-and-spirits/creams">Creams</a>
                </li>
                <li>
                    <a class="estDynamic" href="https://www.spesati.com/wine-beer-and-spirits/spirits">Spirits</a>
                </li>
                <li>
                    <a class="estDynamic" href="https://www.spesati.com/wine-beer-and-spirits/liquors">Liquors</a>
                </li>
                <li>
                    <a class="estDynamic" href="https://www.spesati.com/wine-beer-and-spirits/white-wine">White wine</a>
                </li>
                <li>
                    <a class="estDynamic" href="https://www.spesati.com/wine-beer-and-spirits/prosecco-wine">Prosecco wine</a>
                </li>
                <li>
                    <a class="estDynamic" href="https://www.spesati.com/wine-beer-and-spirits/rose-wine">Rose wine</a>
                </li>
                <li>
                    <a class="estDynamic" href="https://www.spesati.com/wine-beer-and-spirits/red-wine">Red wine</a>
                </li>
                <li>
                    <a class="estDynamic" href="https://www.spesati.com/wine-beer-and-spirits/specialty-wine">Special wine</a>
                </li>
                <li>
                    <a class="estDynamic" href="https://www.spesati.com/wine-beer-and-spirits/sparkling-wine">Sparkling wine</a>
                </li>
                <li>
                    <a class="estDynamic" href="https://www.spesati.com/wine-beer-and-spirits/vermentino-wine">Vermentino wine</a>
                </li>
            </ul>
        </li>
        <li>
            <a class="estDynamic" href="https://www.spesati.com/water-and-drinks">
                <img src="http://cdn.spesati.com/images/menu/water-and-drinks.png"/>
                Water and drinks            </a>
            <i class="fa fa-angle-right" aria-hidden="true"></i>
            <ul class="sub-menu">
                <li>
                    <a class="estDynamic" href="https://www.spesati.com/water-and-drinks/san-martino">San Martino</a>
                </li>
                <li>
                    <a class="estDynamic" href="https://www.spesati.com/water-and-drinks/water">Water</a>
                </li>
                <li>
                    <a class="estDynamic" href="https://www.spesati.com/water-and-drinks/alpro">Alpro</a>
                </li>
                <li>
                    <a class="estDynamic" href="https://www.spesati.com/water-and-drinks/fizzy-drinks">Fizzy drinks</a>
                </li>
                <li>
                    <a class="estDynamic" href="https://www.spesati.com/water-and-drinks/coca-cola">Coca-Cola</a>
                </li>
                <li>
                    <a class="estDynamic" href="https://www.spesati.com/water-and-drinks/energy-drink">Energy drink</a>
                </li>
                <li>
                    <a class="estDynamic" href="https://www.spesati.com/water-and-drinks/syrups">Syrups</a>
                </li>
                <li>
                    <a class="estDynamic" href="https://www.spesati.com/water-and-drinks/supplements">Supplements</a>
                </li>
                <li>
                    <a class="estDynamic" href="https://www.spesati.com/water-and-drinks/instant-drinks">Instant drinks</a>
                </li>
                <li>
                    <a class="estDynamic" href="https://www.spesati.com/water-and-drinks/juice">Juice</a>
                </li>
                <li>
                    <a class="estDynamic" href="https://www.spesati.com/water-and-drinks/tea">Tea</a>
                </li>
            </ul>
        </li>
        <li>
            <a class="estDynamic" href="https://www.spesati.com/sweets">
                <img src="http://cdn.spesati.com/images/menu/sweets.png"/>
                Sweets            </a>
            <i class="fa fa-angle-right" aria-hidden="true"></i>
            <ul class="sub-menu">
                <li>
                    <a class="estDynamic" href="https://www.spesati.com/sweets/bars-and-snacks">Bars and snacks</a>
                </li>
                <li>
                    <a class="estDynamic" href="https://www.spesati.com/sweets/biscuits">Biscuits</a>
                </li>
                <li>
                    <a class="estDynamic" href="https://www.spesati.com/sweets/brioches">Brioches</a>
                </li>
                <li>
                    <a class="estDynamic" href="https://www.spesati.com/sweets/candy-and-chewing-gum">Candy and chewing gum</a>
                </li>
                <li>
                    <a class="estDynamic" href="https://www.spesati.com/sweets/cereals">Cereals</a>
                </li>
                <li>
                    <a class="estDynamic" href="https://www.spesati.com/sweets/chocolate">Chocolate</a>
                </li>
                <li>
                    <a class="estDynamic" href="https://www.spesati.com/sweets/spreadable-creams">Spreads</a>
                </li>
                <li>
                    <a class="estDynamic" href="https://www.spesati.com/sweets/dessert-toppings">Dessert toppings</a>
                </li>
                <li>
                    <a class="estDynamic" href="https://www.spesati.com/sweets/jam">Jam</a>
                </li>
                <li>
                    <a class="estDynamic" href="https://www.spesati.com/sweets/honey">Honey</a>
                </li>
                <li>
                    <a class="estDynamic" href="https://www.spesati.com/sweets/panettoni-and-pandoro">Panettone and pandoro</a>
                </li>
                <li>
                    <a class="estDynamic" href="https://www.spesati.com/sweets/pastry">Pastry</a>
                </li>
                <li>
                    <a class="estDynamic" href="https://www.spesati.com/sweets/instant-dessert">Prepared</a>
                </li>
                <li>
                    <a class="estDynamic" href="https://www.spesati.com/sweets/cakes-and-pies">Cakes and pies</a>
                </li>
                <li>
                    <a class="estDynamic" href="https://www.spesati.com/sweets/easter-eggs-and-doves">Easter eggs and doves</a>
                </li>
            </ul>
        </li>
        <li>
            <a class="estDynamic" href="https://www.spesati.com/shelf">
                <img src="http://cdn.spesati.com/images/menu/shelf.png"/>
                Cupboard            </a>
            <i class="fa fa-angle-right" aria-hidden="true"></i>
            <ul class="sub-menu">
                <li>
                    <a class="estDynamic" href="https://www.spesati.com/shelf/coffee">Coffee</a>
                </li>
                <li>
                    <a class="estDynamic" href="https://www.spesati.com/shelf/gift-baskets">Gift baskets</a>
                </li>
                <li>
                    <a class="estDynamic" href="https://www.spesati.com/shelf/stock-cubes">Nuts and preparations</a>
                </li>
                <li>
                    <a class="estDynamic" href="https://www.spesati.com/shelf/flour-and-baking">Flour and baking</a>
                </li>
                <li>
                    <a class="estDynamic" href="https://www.spesati.com/shelf/milk">Milk</a>
                </li>
                <li>
                    <a class="estDynamic" href="https://www.spesati.com/shelf/oil-salt-vinegar">Oil, vinegar and salt</a>
                </li>
                <li>
                    <a class="estDynamic" href="https://www.spesati.com/shelf/cream-and-bechamel">Cream and bechamel</a>
                </li>
                <li>
                    <a class="estDynamic" href="https://www.spesati.com/shelf/crisps-and-pretzels">Crisps and pretzels</a>
                </li>
                <li>
                    <a class="estDynamic" href="https://www.spesati.com/shelf/baby-and-infants-products">Early childhood products</a>
                </li>
                <li>
                    <a class="estDynamic" href="https://www.spesati.com/shelf/rice">Rice</a>
                </li>
                <li>
                    <a class="estDynamic" href="https://www.spesati.com/shelf/tins-and-preserves">Tins and Preserves</a>
                </li>
                <li>
                    <a class="estDynamic" href="https://www.spesati.com/shelf/spices">Spices</a>
                </li>
                <li>
                    <a class="estDynamic" href="https://www.spesati.com/shelf/sauces">Sauces</a>
                </li>
                <li>
                    <a class="estDynamic" href="https://www.spesati.com/shelf/tea-and-infusions">Tea and infusions</a>
                </li>
                <li>
                    <a class="estDynamic" href="https://www.spesati.com/shelf/eggs">Eggs</a>
                </li>
                <li>
                    <a class="estDynamic" href="https://www.spesati.com/shelf/sugar-and-sweeteners">Sugar and sweeteners</a>
                </li>
            </ul>
        </li>
        <li>
            <a class="estDynamic" href="https://www.spesati.com/personal-care">
                <img src="http://cdn.spesati.com/images/menu/personal-care.png"/>
                Personal care            </a>
            <i class="fa fa-angle-right" aria-hidden="true"></i>
            <ul class="sub-menu">
                <li>
                    <a class="estDynamic" href="https://www.spesati.com/personal-care/accessories-and-cotton">Accessories and cotton</a>
                </li>
                <li>
                    <a class="estDynamic" href="https://www.spesati.com/personal-care/feminine-care-incontinence-and-baby-diapers">Feminine incontinence and diapers</a>
                </li>
                <li>
                    <a class="estDynamic" href="https://www.spesati.com/personal-care/shower-gel">Shower gel</a>
                </li>
                <li>
                    <a class="estDynamic" href="https://www.spesati.com/personal-care/creams">Creams</a>
                </li>
                <li>
                    <a class="estDynamic" href="https://www.spesati.com/personal-care/deodorant">Deodorant</a>
                </li>
                <li>
                    <a class="estDynamic" href="https://www.spesati.com/personal-care/hair-removal">Hair removal</a>
                </li>
                <li>
                    <a class="estDynamic" href="https://www.spesati.com/personal-care/disinfectants">Disinfectants</a>
                </li>
                <li>
                    <a class="estDynamic" href="https://www.spesati.com/personal-care/oral-hygiene">Oral hygiene</a>
                </li>
                <li>
                    <a class="estDynamic" href="https://www.spesati.com/personal-care/supplements-and-multivitamins">Supplements and multivitamins</a>
                </li>
                <li>
                    <a class="estDynamic" href="https://www.spesati.com/personal-care/first-aid">First aid label</a>
                </li>
                <li>
                    <a class="estDynamic" href="https://www.spesati.com/personal-care/beard-products">Beard products</a>
                </li>
                <li>
                    <a class="estDynamic" href="https://www.spesati.com/personal-care/hairs-products">Hair products</a>
                </li>
                <li>
                    <a class="estDynamic" href="https://www.spesati.com/personal-care/perfume">Perfumes</a>
                </li>
                <li>
                    <a class="estDynamic" href="https://www.spesati.com/personal-care/wipes">Wipes</a>
                </li>
                <li>
                    <a class="estDynamic" href="https://www.spesati.com/personal-care/soaps-and-body-wash">Soaps and body wash</a>
                </li>
                <li>
                    <a class="estDynamic" href="https://www.spesati.com/personal-care/shampoo-and-conditioner">Shampoo and conditioner</a>
                </li>
            </ul>
        </li>
        <li>
            <a class="estDynamic" href="https://www.spesati.com/household-and-outdoors">
                <img src="http://cdn.spesati.com/images/menu/pellet-and-home.png"/>
                Home and outdoors 
            </a>
            <i class="fa fa-angle-right" aria-hidden="true"></i>
            <ul class="sub-menu">
                <li>
                    <a class="estDynamic" href="https://www.spesati.com/household-and-outdoors/distilled-water">Distilled water</a>
                </li>
                <li>
                    <a class="estDynamic" href="https://www.spesati.com/household-and-outdoors/car-products">Cars</a>
                </li>
                <li>
                    <a class="estDynamic" href="https://www.spesati.com/household-and-outdoors/bin-bags-and-buckets">Bin bags and buckets</a>
                </li>
                <li>
                    <a class="estDynamic" href="https://www.spesati.com/household-and-outdoors/bleach-and-stain-removers">Bleach and stain removers</a>
                </li>
                <li>
                    <a class="estDynamic" href="https://www.spesati.com/household-and-outdoors/candles">Candles</a>
                </li>
                <li>
                    <a class="estDynamic" href="https://www.spesati.com/household-and-outdoors/kitchen-roll">Kitchen roll</a>
                </li>
                <li>
                    <a class="estDynamic" href="https://www.spesati.com/household-and-outdoors/air-fresheners">Air fresheners</a>
                </li>
                <li>
                    <a class="estDynamic" href="https://www.spesati.com/household-and-outdoors/laundry-accessories-and-detergent">Laundry detergent</a>
                </li>
                <li>
                    <a class="estDynamic" href="https://www.spesati.com/household-and-outdoors/dishwasher-and-washing-up">Dishwasher and washing up</a>
                </li>
                <li>
                    <a class="estDynamic" href="https://www.spesati.com/household-and-outdoors/gardening">Gardening</a>
                </li>
                <li>
                    <a class="estDynamic" href="https://www.spesati.com/household-and-outdoors/light-bulbs-and-batteries">Lightbulbs and batteries</a>
                </li>
                <li>
                    <a class="estDynamic" href="https://www.spesati.com/household-and-outdoors/pellet-and-bbq">Pellet and BBQ</a>
                </li>
                <li>
                    <a class="estDynamic" href="https://www.spesati.com/household-and-outdoors/bathroom-products">Bathroom products</a>
                </li>
                <li>
                    <a class="estDynamic" href="https://www.spesati.com/household-and-outdoors/home-and-furniture-products">Home and furniture products</a>
                </li>
                <li>
                    <a class="estDynamic" href="https://www.spesati.com/household-and-outdoors/kitchen-products">Kitchen products</a>
                </li>
                <li>
                    <a class="estDynamic" href="https://www.spesati.com/household-and-outdoors/window-and-floor-cleaners">Window and floor cleaner</a>
                </li>
                <li>
                    <a class="estDynamic" href="https://www.spesati.com/household-and-outdoors/repellents">Repellents</a>
                </li>
                <li>
                    <a class="estDynamic" href="https://www.spesati.com/household-and-outdoors/disposable-tableware">Disposable tableware</a>
                </li>
            </ul>
        </li>
        <li>
            <a class="estDynamic" href="https://www.spesati.com/pet">
                <img src="http://cdn.spesati.com/images/menu/animals.png"/>
                Pets            </a>
            <i class="fa fa-angle-right" aria-hidden="true"></i>
            <ul class="sub-menu">
                <li>
                    <a class="estDynamic" href="https://www.spesati.com/pets/pet-food-other-animals">Other animals pet food</a>
                </li>
                <li>
                    <a class="estDynamic" href="https://www.spesati.com/pets/pet-food-dogs">Pet food dogs</a>
                </li>
                <li>
                    <a class="estDynamic" href="https://www.spesati.com/pets/pet-food-cats">Pet food cats</a>
                </li>
                <li>
                    <a class="estDynamic" href="https://www.spesati.com/pets/hygiene-and-cleaning">Hygiene and cleaning</a>
                </li>
            </ul>
        </li>
        <li>
            <a class="estDynamic" href="https://www.spesati.com/technology">
                <img src="http://cdn.spesati.com/images/menu/technology.png"/>
                Technology            </a>
            <i class="fa fa-angle-right" aria-hidden="true"></i>
            <ul class="sub-menu">
                <li>
                    <a class="estDynamic" href="https://www.spesati.com/technology/accessories">Accessories</a>
                </li>
                <li>
                    <a class="estDynamic" href="https://www.spesati.com/technology/computer">Computer</a>
                </li>
                <li>
                    <a class="estDynamic" href="https://www.spesati.com/technology/telephones">Telephones</a>
                </li>
                <li>
                    <a class="estDynamic" href="https://www.spesati.com/technology/tv">TV</a>
                </li>
            </ul>
        </li>
        <li>
            <a class="estDynamic" href="https://www.spesati.com/gluten-free">
                <img src="http://cdn.spesati.com/images/menu/gluten-free.png"/>
                Gluten free            </a>
            <i class="fa fa-angle-right" aria-hidden="true"></i>
            <ul class="sub-menu">
                <li>
                    <a class="estDynamic" href="https://www.spesati.com/gluten-free/frozen-foods">Frozen foods</a>
                </li>
                <li>
                    <a class="estDynamic" href="https://www.spesati.com/gluten-free/beer">Beer</a>
                </li>
                <li>
                    <a class="estDynamic" href="https://www.spesati.com/gluten-free/sweets">Sweets</a>
                </li>
                <li>
                    <a class="estDynamic" href="https://www.spesati.com/gluten-free/bread-and-pasta">Bread and pasta</a>
                </li>
                <li>
                    <a class="estDynamic" href="https://www.spesati.com/gluten-free/shelf">Cupboard</a>
                </li>
            </ul>
        </li>
        <li>
            <a class="estDynamic" href="https://www.spesati.com/lactose-free">
                <img src="http://cdn.spesati.com/images/menu/lactose-free.png"/>
                Lactose free            </a>
            <i class="fa fa-angle-right" aria-hidden="true"></i>
            <ul class="sub-menu">
                <li>
                    <a class="estDynamic" href="https://www.spesati.com/lactose-free/frozen-foods">Frozen foods</a>
                </li>
                <li>
                    <a class="estDynamic" href="https://www.spesati.com/lactose-free/sweets">Sweets</a>
                </li>
                <li>
                    <a class="estDynamic" href="https://www.spesati.com/lactose-free/dairy-product">Dairy product</a>
                </li>
                <li>
                    <a class="estDynamic" href="https://www.spesati.com/lactose-free/shelf">Cupboard</a>
                </li>
            </ul>
        </li>
        <li>
            <a class="estDynamic" href="https://www.spesati.com/special">
                <img src="http://cdn.spesati.com/images/menu/special.png"/>
                Special            </a>
            <i class="fa fa-angle-right" aria-hidden="true"></i>
            <ul class="sub-menu">
                <li>
                    <a class="estDynamic" href="https://www.spesati.com/special/alpro">Alpro</a>
                </li>
                <li>
                    <a class="estDynamic" href="https://www.spesati.com/special/organic">Biological</a>
                </li>
                <li>
                    <a class="estDynamic" href="https://www.spesati.com/special/meat">Meat</a>
                </li>
                <li>
                    <a class="estDynamic" href="https://www.spesati.com/special/wholegrain">Wholegrain</a>
                </li>
                <li>
                    <a class="estDynamic" href="https://www.spesati.com/special/bread-and-pasta">Bread and pasta</a>
                </li>
                <li>
                    <a class="estDynamic" href="https://www.spesati.com/special/vegan">Vegan</a>
                </li>
            </ul>
        </li>
        <li>
            <a class="estDynamic" href="https://www.spesati.com/sardinian-products">
                <img src="http://cdn.spesati.com/images/menu/sardinian-products.png"/>
                Sardinian products            </a>
            <i class="fa fa-angle-right" aria-hidden="true"></i>
            <ul class="sub-menu">
                <li>
                    <a class="estDynamic" href="https://www.spesati.com/sardinian-products/drinks">Drinks</a>
                </li>
                <li>
                    <a class="estDynamic" href="https://www.spesati.com/sardinian-products/meat">Meat</a>
                </li>
                <li>
                    <a class="estDynamic" href="https://www.spesati.com/sardinian-products/sweets">Sweets</a>
                </li>
                <li>
                    <a class="estDynamic" href="https://www.spesati.com/sardinian-products/fruit-and-vegetables">Fruit and vegetables</a>
                </li>
                <li>
                    <a class="estDynamic" href="https://www.spesati.com/sardinian-products/ichnusa">Ichnusa</a>
                </li>
                <li>
                    <a class="estDynamic" href="https://www.spesati.com/sardinian-products/dairy-product">Dairy product</a>
                </li>
                <li>
                    <a class="estDynamic" href="https://www.spesati.com/sardinian-products/bread-and-pasta">Bread and pasta</a>
                </li>
                <li>
                    <a class="estDynamic" href="https://www.spesati.com/sardinian-products/fish">Fish</a>
                </li>
                <li>
                    <a class="estDynamic" href="https://www.spesati.com/sardinian-products/cured-meat">Cured meat</a>
                </li>
                <li>
                    <a class="estDynamic" href="https://www.spesati.com/sardinian-products/shelf">Cupboard</a>
                </li>
                <li>
                    <a class="estDynamic" href="https://www.spesati.com/sardinian-products/vermentino-wine">Vermentino wine</a>
                </li>
                <li>
                    <a class="estDynamic" href="https://www.spesati.com/sardinian-products/wine-beer-and-spirits">Wine beer and spirits</a>
                </li>
            </ul>
        </li>
    </ul>
</div>    <div class="colRight">
        <div class="title mobile">
	<a href="https://www.spesati.com/personal-care"><i class="fa red fa-angle-left fa-3x mobile" aria-hidden="true"></i></a>
	<h2>
		<b>
			creams		</b>
	</h2>
</div>

<div class="breadcrumb bgGrey internal">
	<p>
		<b>
			<a href="https://www.spesati.com/">Home</a>
												&gt; <a href="https://www.spesati.com/personal-care">Personal care</a>
																&gt; Creams									</b>
	</p>
	<div>
		<p>Order by</p>
		<select name="orderProd" id="orderProd">
			<option disabled="disabled" selected="selected">- Choose -</option>
			<option value="nameAsc">Name (A - Z)</option>
			<option value="nameDes">Name (Z - A)</option>
			<option value="priceHigh">Price - High to low</option>
			<option value="priceLow">Price - Low to high</option>
			<option value="soldAsc">Best Selling</option>
			<option value="available">Availability</option>
		</select>
	</div>
</div>
        <div class="containerProduct">
            <script type='text/javascript'>var track = '{"event":"ViewContent", "type":"category", "id":"Bellezza", "subids":["Creme"], "url":"https://www.spesati.com/personal-care/creams"}';</script>
<script>
gtag('event', 'select_content', {content_type: 'category', item_id: 'Bellezza'});gtag('event', 'select_content', {content_type: 'category', item_id: 'Creme'});
</script>
<div class="left product prod1"
        data-name="Crema Corpo Nivea Soft 200ml"
        data-price="5.59"
        data-id="83774"
        data-available="yes"
        data-category="5821"
        data-bestselling="">
    <a href="https://www.spesati.com/crema-corpo-nivea-soft-200ml">
        <div style="background-image: url('https://cdn.spesati.com/images/products/000442281/nivea-soft-crema-idratante-rinfrescante-200-ml-01.png')">
            <div class="hover"></div>
            
            <div class="stickers"></div>
        </div>
    </a>
    <div>
        <h4><a href="https://www.spesati.com/crema-corpo-nivea-soft-200ml"><b>Crema Corpo Nivea Soft 200ml</b></a></h4>
        <p class="description">Nivea soft Crema Idratante Rinfrescante 200 ml</p>
        <p class="right price"><b>5.59 €</b></p>
        <p class="right unitPrice">27.95 € per litre</p>
    </div>
    <div class="contButton">
    <a class="button bgRed white addToCart" href="#">Add</a>
</div>
</div><div class="left product prod2"
        data-name="Oil Of Olay Idr Prot Norm 50ml"
        data-price="5.73"
        data-id="72594"
        data-available="yes"
        data-category="5821"
        data-bestselling="">
    <a href="https://www.spesati.com/oil-of-olay-idr-prot-norm-50ml">
        <div style="background-image: url('https://cdn.spesati.com/images/products/000440790/olay-crema-viso-giorno-idratante-primer-double-action-spf-15-50-ml-01.png')">
            <div class="hover"></div>
            
            <div class="stickers"></div>
        </div>
    </a>
    <div>
        <h4><a href="https://www.spesati.com/oil-of-olay-idr-prot-norm-50ml"><b>Oil Of Olay Idr Prot Norm 50ml</b></a></h4>
        <p class="description">Olay Crema Viso Giorno Idratante & Primer Double Action - SPF 15 - 50 ml</p>
        <p class="right price"><b>5.73 €</b></p>
        <p class="right unitPrice">114.59 € per litre</p>
    </div>
    <div class="contButton">
    <a class="button bgRed white addToCart" href="#">Add</a>
</div>
</div><div class="left product prod3"
        data-name="Oil Of Olay Fluido Reg 100ml"
        data-price="5.69"
        data-id="72588"
        data-available="yes"
        data-category="5821"
        data-bestselling="">
    <a href="https://www.spesati.com/oil-of-olay-fluido-reg-100ml">
        <div style="background-image: url('https://cdn.spesati.com/images/products/000440788/olay-crema-viso-e-corpo-beauty-fluid-lozione-idratante-100-ml-01.png')">
            <div class="hover"></div>
            
            <div class="stickers"></div>
        </div>
    </a>
    <div>
        <h4><a href="https://www.spesati.com/oil-of-olay-fluido-reg-100ml"><b>Oil Of Olay Fluido Reg 100ml</b></a></h4>
        <p class="description">Olay Crema Viso e Corpo Beauty Fluid Lozione Idratante - 100 ml</p>
        <p class="right price"><b>5.69 €</b></p>
        <p class="right unitPrice">56.90 € per litre</p>
    </div>
    <div class="contButton">
    <a class="button bgRed white addToCart" href="#">Add</a>
</div>
</div><div class="left product prod4"
        data-name="Oil Of Olay Latte Total Ef 200"
        data-price="5.05"
        data-id="72585"
        data-available="yes"
        data-category="5821"
        data-bestselling="">
    <a href="https://www.spesati.com/oil-of-olay-latte-total-ef-200">
        <div style="background-image: url('https://cdn.spesati.com/images/products/000440787/olay-latte-detergente-struccante-viso-occhi-cleanse-pelle-secca-vitamine-eb3-provitamina-b5-200-ml-01.png')">
            <div class="hover"></div>
            
            <div class="stickers"></div>
        </div>
    </a>
    <div>
        <h4><a href="https://www.spesati.com/oil-of-olay-latte-total-ef-200"><b>Oil Of Olay Latte Total Ef 200</b></a></h4>
        <p class="description">Olay Latte Detergente Struccante Viso Occhi Cleanse-Pelle Secca-Vitamine E,B3, Provitamina B5-200 ml</p>
        <p class="right price"><b>5.05 €</b></p>
        <p class="right unitPrice">25.27 € per litre</p>
    </div>
    <div class="contButton">
    <a class="button bgRed white addToCart" href="#">Add</a>
</div>
</div><div class="left product prod5"
        data-name="Crema Corpo Nivea Pump 500ml"
        data-price="6.99"
        data-id="87792"
        data-available="yes"
        data-category="5821"
        data-bestselling="">
    <a href="https://www.spesati.com/crema-corpo-nivea-pump-500ml">
        <div style="background-image: url('https://cdn.spesati.com/images/products/000434673/nivea-crema-corpo-nutriente-pelle-secca-o-molto-secca-500-ml-01.png')">
            <div class="hover"></div>
            
            <div class="stickers"></div>
        </div>
    </a>
    <div>
        <h4><a href="https://www.spesati.com/crema-corpo-nivea-pump-500ml"><b>Crema Corpo Nivea Pump 500ml</b></a></h4>
        <p class="description">Nivea Crema Corpo Nutriente Pelle secca o molto secca 500 ml</p>
        <p class="right price"><b>6.99 €</b></p>
        <p class="right unitPrice">27.96 € per litre</p>
    </div>
    <div class="contButton">
    <a class="button bgRed white addToCart" href="#">Add</a>
</div>
</div><div class="left product prod6"
        data-name="Crema Nivea Antir Notte Q10 50"
        data-price="12.50"
        data-id="82127"
        data-available="yes"
        data-category="5821"
        data-bestselling="2">
    <a href="https://www.spesati.com/crema-nivea-antir-notte-q10-50">
        <div style="background-image: url('https://cdn.spesati.com/images/products/000318891/nivea-q10-anti-rughe-power-crema-notte-rimpolpante-50-ml-01.png')">
            <div class="hover"></div>
            <p class="arrow bgRed white">Best Seller</p>
            <div class="stickers"></div>
        </div>
    </a>
    <div>
        <h4><a href="https://www.spesati.com/crema-nivea-antir-notte-q10-50"><b>Crema Nivea Antir Notte Q10 50</b></a></h4>
        <p class="description">Nivea Q10 Anti-Rughe Power Crema Notte Rimpolpante 50 ml</p>
        <p class="right price"><b>12.50 €</b></p>
        <p class="right unitPrice">250.00 € per litre</p>
    </div>
    <div class="contButton">
    <a class="button bgRed white addToCart" href="#">Add</a>
</div>
</div><div class="left product prod7"
        data-name="Labrosan Classico 12h Assort"
        data-price="1.69"
        data-id="31719"
        data-available="yes"
        data-category="5821"
        data-bestselling="2">
    <a href="https://www.spesati.com/labrosan-classico-12h-assort">
        <div style="background-image: url('https://cdn.spesati.com/images/products/000312318/labrosan-balsamo-labbra-lenitivo-idratante-55-ml-01.png')">
            <div class="hover"></div>
            <p class="arrow bgRed white">Best Seller</p>
            <div class="stickers"></div>
        </div>
    </a>
    <div>
        <h4><a href="https://www.spesati.com/labrosan-classico-12h-assort"><b>Labrosan Classico 12h Assort</b></a></h4>
        <p class="description">Labrosan Balsamo Labbra Lenitivo Idratante 5.5 ml</p>
        <p class="right price"><b>1.69 €</b></p>
        <p class="right unitPrice">1.70 € per piece</p>
    </div>
    <div class="contButton">
    <a class="button bgRed white addToCart" href="#">Add</a>
</div>
</div><div class="left product prod8"
        data-name="Crema Corpo Kaloderma Fluida Argan 400Ml"
        data-price="3.89"
        data-id="6699"
        data-available="yes"
        data-category="5821"
        data-bestselling="">
    <a href="https://www.spesati.com/crema-corpo-kaloderma-fluida-argan-400ml">
        <div style="background-image: url('https://cdn.spesati.com/images/products/000304553/kaloderma-nutriente-karite-fluida-corpo-per-pelle-secca-e-molto-secca-400-ml-01.png')">
            <div class="hover"></div>
            
            <div class="stickers"></div>
        </div>
    </a>
    <div>
        <h4><a href="https://www.spesati.com/crema-corpo-kaloderma-fluida-argan-400ml"><b>Crema Corpo Kaloderma Fluida Argan 400Ml</b></a></h4>
        <p class="description">Kaloderma Nutriente Karité Fluida Corpo per Pelle Secca e Molto Secca 400 ml</p>
        <p class="right price"><b>3.89 €</b></p>
        <p class="right unitPrice">9.72 € per litre</p>
    </div>
    <div class="contButton">
    <a class="button bgRed white addToCart" href="#">Add</a>
</div>
</div><div class="left product prod9"
        data-name="Crema Nivea Opaciz Giorno 50ml"
        data-price="6.81"
        data-id="29755"
        data-available="yes"
        data-category="5821"
        data-bestselling="">
    <a href="https://www.spesati.com/crema-nivea-opaciz-giorno-50ml">
        <div style="background-image: url('https://cdn.spesati.com/images/products/000303813/nivea-crema-giorno-opacizzante-24h-idratazione-50-ml-01.png')">
            <div class="hover"></div>
            
            <div class="stickers"></div>
        </div>
    </a>
    <div>
        <h4><a href="https://www.spesati.com/crema-nivea-opaciz-giorno-50ml"><b>Crema Nivea Opaciz Giorno 50ml</b></a></h4>
        <p class="description">Nivea Crema Giorno Opacizzante 24H Idratazione 50 ml</p>
        <p class="right price"><b>6.81 €</b></p>
        <p class="right unitPrice">136.26 € per litre</p>
    </div>
    <div class="contButton">
    <a class="button bgRed white addToCart" href="#">Add</a>
</div>
</div><div class="left product prod10"
        data-name="Crema Nivea Vis Q10 Antir Gior"
        data-price="12.50"
        data-id="29751"
        data-available="yes"
        data-category="5821"
        data-bestselling="">
    <a href="https://www.spesati.com/crema-nivea-vis-q10-antir-gior">
        <div style="background-image: url('https://cdn.spesati.com/images/products/000303785/nivea-q10-anti-rughe-power-crema-giorno-rassodante-spf-15-50-ml-01.png')">
            <div class="hover"></div>
            
            <div class="stickers"></div>
        </div>
    </a>
    <div>
        <h4><a href="https://www.spesati.com/crema-nivea-vis-q10-antir-gior"><b>Crema Nivea Vis Q10 Antir Gior</b></a></h4>
        <p class="description">Nivea Q10 Anti-Rughe Power Crema Giorno Rassodante SPF 15 50 ml</p>
        <p class="right price"><b>12.50 €</b></p>
        <p class="right unitPrice">250.00 € per litre</p>
    </div>
    <div class="contButton">
    <a class="button bgRed white addToCart" href="#">Add</a>
</div>
</div><div class="left product prod11"
        data-name="Nivea Visage Clear Up Strip 6p"
        data-price="5.45"
        data-id="29750"
        data-available="yes"
        data-category="5821"
        data-bestselling="">
    <a href="https://www.spesati.com/nivea-visage-clear-up-strip-6p">
        <div style="background-image: url('https://cdn.spesati.com/images/products/000303780/nivea-clear-up-strip-zona-t-anti-punti-neri-6-pz-01.png')">
            <div class="hover"></div>
            
            <div class="stickers"></div>
        </div>
    </a>
    <div>
        <h4><a href="https://www.spesati.com/nivea-visage-clear-up-strip-6p"><b>Nivea Visage Clear Up Strip 6p</b></a></h4>
        <p class="description">Nivea Clear-Up Strip Zona T Anti Punti Neri 6 pz</p>
        <p class="right price"><b>5.45 €</b></p>
        <p class="right unitPrice">5.45 € per piece</p>
    </div>
    <div class="contButton">
    <a class="button bgRed white addToCart" href="#">Add</a>
</div>
</div><div class="left product prod12"
        data-name="Nivea Crema Mani Nutriente 100 Ml"
        data-price="3.15"
        data-id="4498"
        data-available="yes"
        data-category="5821"
        data-bestselling="">
    <a href="https://www.spesati.com/nivea-crema-mani-nutriente-100-ml">
        <div style="background-image: url('https://cdn.spesati.com/images/products/000303732/nivea-crema-mani-nutriente-100-ml-01.png')">
            <div class="hover"></div>
            
            <div class="stickers"></div>
        </div>
    </a>
    <div>
        <h4><a href="https://www.spesati.com/nivea-crema-mani-nutriente-100-ml"><b>Nivea Crema Mani Nutriente 100 Ml</b></a></h4>
        <p class="description">Nivea Crema Mani Nutriente 100 ml</p>
        <p class="right price"><b>3.15 €</b></p>
        <p class="right unitPrice">31.47 € per litre</p>
    </div>
    <div class="contButton">
    <a class="button bgRed white addToCart" href="#">Add</a>
</div>
</div><div class="left product prod13"
        data-name="Nivea Crema Viso Giorno Intensiva"
        data-price="6.05"
        data-id="158"
        data-available="yes"
        data-category="5821"
        data-bestselling="">
    <a href="https://www.spesati.com/nivea-crema-viso-giorno-intensiva">
        <div style="background-image: url('https://cdn.spesati.com/images/products/000303725/nivea-crema-giorno-nutriente-24h-idratazione-spf-15-50-ml-01.png')">
            <div class="hover"></div>
            
            <div class="stickers"></div>
        </div>
    </a>
    <div>
        <h4><a href="https://www.spesati.com/nivea-crema-viso-giorno-intensiva"><b>Nivea Crema Viso Giorno Intensiva</b></a></h4>
        <p class="description">Nivea Crema Giorno Nutriente 24H Idratazione SPF 15 50 ml</p>
        <p class="right price"><b>6.05 €</b></p>
        <p class="right unitPrice">121.00 € per litre</p>
    </div>
    <div class="contButton">
    <a class="button bgRed white addToCart" href="#">Add</a>
</div>
</div><div class="left product prod14"
        data-name="Crema Corpo Nivea Fluida Nutri"
        data-price="4.99"
        data-id="29738"
        data-available="yes"
        data-category="5821"
        data-bestselling="">
    <a href="https://www.spesati.com/crema-corpo-nivea-fluida-nutri">
        <div style="background-image: url('https://cdn.spesati.com/images/products/000303704/nivea-crema-corpo-nutriente-pelle-secca-o-molto-secca-250-ml-01.png')">
            <div class="hover"></div>
            
            <div class="stickers"></div>
        </div>
    </a>
    <div>
        <h4><a href="https://www.spesati.com/crema-corpo-nivea-fluida-nutri"><b>Crema Corpo Nivea Fluida Nutri</b></a></h4>
        <p class="description">Nivea Crema Corpo Nutriente Pelle Secca o molto secca 250 ml</p>
        <p class="right price"><b>4.99 €</b></p>
        <p class="right unitPrice">19.96 € per litre</p>
    </div>
    <div class="contButton">
    <a class="button bgRed white addToCart" href="#">Add</a>
</div>
</div><div class="left product prod15"
        data-name="Crema Corpo Nivea Fluida Idrat"
        data-price="4.99"
        data-id="29737"
        data-available="yes"
        data-category="5821"
        data-bestselling="2">
    <a href="https://www.spesati.com/crema-corpo-nivea-fluida-idrat">
        <div style="background-image: url('https://cdn.spesati.com/images/products/000303702/nivea-crema-corpo-idratante-express-pelle-normale-o-secca-250-ml-01.png')">
            <div class="hover"></div>
            <p class="arrow bgRed white">Best Seller</p>
            <div class="stickers"></div>
        </div>
    </a>
    <div>
        <h4><a href="https://www.spesati.com/crema-corpo-nivea-fluida-idrat"><b>Crema Corpo Nivea Fluida Idrat</b></a></h4>
        <p class="description">Nivea Crema Corpo Idratante Express Pelle normale o secca 250 ml</p>
        <p class="right price"><b>4.99 €</b></p>
        <p class="right unitPrice">19.96 € per litre</p>
    </div>
    <div class="contButton">
    <a class="button bgRed white addToCart" href="#">Add</a>
</div>
</div><div class="left product prod16"
        data-name="Crema Corpo Nivea 150ml Scatol"
        data-price="3.25"
        data-id="4497"
        data-available="yes"
        data-category="5821"
        data-bestselling="">
    <a href="https://www.spesati.com/crema-corpo-nivea-150ml-scatol">
        <div style="background-image: url('https://cdn.spesati.com/images/products/000303700/nivea-creme-150-ml-01.png')">
            <div class="hover"></div>
            
            <div class="stickers"></div>
        </div>
    </a>
    <div>
        <h4><a href="https://www.spesati.com/crema-corpo-nivea-150ml-scatol"><b>Crema Corpo Nivea 150ml Scatol</b></a></h4>
        <p class="description">Nivea Creme 150 ml</p>
        <p class="right price"><b>3.25 €</b></p>
        <p class="right unitPrice">21.67 € per litre</p>
    </div>
    <div class="contButton">
    <a class="button bgRed white addToCart" href="#">Add</a>
</div>
</div><div class="left product prod17"
        data-name="Oil Of Olaz Tot Effect Gior50"
        data-price="14.61"
        data-id="29716"
        data-available="yes"
        data-category="5821"
        data-bestselling="">
    <a href="https://www.spesati.com/oil-of-olaz-tot-effect-gior50">
        <div style="background-image: url('https://cdn.spesati.com/images/products/000303617/olaz-total-effects-7-in-one-crema-giorno-anti-eta---spf-15-50-ml-01.png')">
            <div class="hover"></div>
            
            <div class="stickers"></div>
        </div>
    </a>
    <div>
        <h4><a href="https://www.spesati.com/oil-of-olaz-tot-effect-gior50"><b>Oil Of Olaz Tot Effect Gior50</b></a></h4>
        <p class="description">Olaz Total Effects 7 in One Crema Giorno Anti-Età - SPF 15 50 ml</p>
        <p class="right price"><b>14.61 €</b></p>
        <p class="right unitPrice">292.10 € per litre</p>
    </div>
    <div class="contButton">
    <a class="button bgRed white addToCart" href="#">Add</a>
</div>
</div><div class="left product prod18"
        data-name="Crema D-e Revitalift Laser X3"
        data-price="21.90"
        data-id="29685"
        data-available="yes"
        data-category="5821"
        data-bestselling="">
    <a href="https://www.spesati.com/crema-d-e-revitalift-laser-x3">
        <div style="background-image: url('https://cdn.spesati.com/images/products/000303408/loreal-paris-crema-viso-giorno-antieta-revitalift-laser-x3-con-acido-ialuronico-e-proxylane-50-ml-01.png')">
            <div class="hover"></div>
            
            <div class="stickers"></div>
        </div>
    </a>
    <div>
        <h4><a href="https://www.spesati.com/crema-d-e-revitalift-laser-x3"><b>Crema D-e Revitalift Laser X3</b></a></h4>
        <p class="description">L'Oréal Paris Crema Viso Giorno Antietà Revitalift Laser X3, con Acido Ialuronico e ProXylane, 50 ml</p>
        <p class="right price"><b>21.90 €</b></p>
        <p class="right unitPrice">438.00 € per litre</p>
    </div>
    <div class="contButton">
    <a class="button bgRed white addToCart" href="#">Add</a>
</div>
</div><div class="left product prod19"
        data-name="Crema Plenitude Antirughe Vaso"
        data-price="10.90"
        data-id="29669"
        data-available="yes"
        data-category="5821"
        data-bestselling="">
    <a href="https://www.spesati.com/crema-plenitude-antirughe-vaso">
        <div style="background-image: url('https://cdn.spesati.com/images/products/000303358/loreal-paris-attiva-anti-rughe-crema-viso-45-trattamento-intensivo-anti-rughe-50-ml-01.png')">
            <div class="hover"></div>
            
            <div class="stickers"></div>
        </div>
    </a>
    <div>
        <h4><a href="https://www.spesati.com/crema-plenitude-antirughe-vaso"><b>Crema Plenitude Antirughe Vaso</b></a></h4>
        <p class="description">L'Oréal Paris Attiva Anti-Rughe Crema Viso 45+, Trattamento Intensivo Anti-rughe, 50 ml</p>
        <p class="right price"><b>10.90 €</b></p>
        <p class="right unitPrice">217.99 € per litre</p>
    </div>
    <div class="contButton">
    <a class="button bgRed white addToCart" href="#">Add</a>
</div>
</div><div class="left product prod20"
        data-name="Crema D-e Revitalift Giorno 50"
        data-price="15.50"
        data-id="29668"
        data-available="yes"
        data-category="5821"
        data-bestselling="">
    <a href="https://www.spesati.com/crema-d-e-revitalift-giorno-50">
        <div style="background-image: url('https://cdn.spesati.com/images/products/000303355/loreal-paris-revitalift-giorno-trattamento-giorno-idratante-multi-lift-anti-rughe-50-ml-01.png')">
            <div class="hover"></div>
            
            <div class="stickers"></div>
        </div>
    </a>
    <div>
        <h4><a href="https://www.spesati.com/crema-d-e-revitalift-giorno-50"><b>Crema D-e Revitalift Giorno 50</b></a></h4>
        <p class="description">L'Oréal Paris Revitalift Giorno Trattamento giorno Idratante Multi-lift Anti-rughe, 50 ml</p>
        <p class="right price"><b>15.50 €</b></p>
        <p class="right unitPrice">310.00 € per litre</p>
    </div>
    <div class="contButton">
    <a class="button bgRed white addToCart" href="#">Add</a>
</div>
</div><div class="left product prod21"
        data-name="Crema Plenitude Revitalift Occ"
        data-price="15.50"
        data-id="29667"
        data-available="yes"
        data-category="5821"
        data-bestselling="">
    <a href="https://www.spesati.com/crema-plenitude-revitalift-occ">
        <div style="background-image: url('https://cdn.spesati.com/images/products/000303350/loreal-paris-revitalift-contorno-occhi-azione-anti-rughe-con-pro-retinolo-avanzato-15-ml-01.png')">
            <div class="hover"></div>
            
            <div class="stickers"></div>
        </div>
    </a>
    <div>
        <h4><a href="https://www.spesati.com/crema-plenitude-revitalift-occ"><b>Crema Plenitude Revitalift Occ</b></a></h4>
        <p class="description">L'Oréal Paris Revitalift Contorno Occhi, Azione Anti-Rughe con Pro-Retinolo Avanzato, 15 ml</p>
        <p class="right price"><b>15.50 €</b></p>
        <p class="right unitPrice">15.51 € per piece</p>
    </div>
    <div class="contButton">
    <a class="button bgRed white addToCart" href="#">Add</a>
</div>
</div><div class="left product prod22"
        data-name="Leocrema Crema Fluida Nutriente"
        data-price="3.59"
        data-id="155"
        data-available="yes"
        data-category="5821"
        data-bestselling="">
    <a href="https://www.spesati.com/leocrema-crema-fluida-nutriente">
        <div style="background-image: url('https://cdn.spesati.com/images/products/000303175/leocrema-crema-corpo-nutriente-olio-di-mandorle-e-pantenolo-400-ml-01.png')">
            <div class="hover"></div>
            
            <div class="stickers"></div>
        </div>
    </a>
    <div>
        <h4><a href="https://www.spesati.com/leocrema-crema-fluida-nutriente"><b>Leocrema Crema Fluida Nutriente</b></a></h4>
        <p class="description">Leocrema Crema Corpo Nutriente Olio di Mandorle e Pantenolo 400 ml</p>
        <p class="right price"><b>3.59 €</b></p>
        <p class="right unitPrice">8.98 € per litre</p>
    </div>
    <div class="contButton">
    <a class="button bgRed white addToCart" href="#">Add</a>
</div>
</div><div class="left product prod23"
        data-name="Crema Idra Garnier Prodig Pmg"
        data-price="6.49"
        data-id="29622"
        data-available="yes"
        data-category="5821"
        data-bestselling="">
    <a href="https://www.spesati.com/crema-idra-garnier-prodig-pmg">
        <div style="background-image: url('https://cdn.spesati.com/images/products/000303038/garnier-idratante-prodigiosa-con-te-verde-crema-viso-idratante-opacizzante-per-pelli-miste-50-ml-01.png')">
            <div class="hover"></div>
            
            <div class="stickers"></div>
        </div>
    </a>
    <div>
        <h4><a href="https://www.spesati.com/crema-idra-garnier-prodig-pmg"><b>Crema Idra Garnier Prodig Pmg</b></a></h4>
        <p class="description">Garnier Idratante Prodigiosa con Tè Verde - Crema viso idratante opacizzante per pelli miste - 50 ml</p>
        <p class="right price"><b>6.49 €</b></p>
        <p class="right unitPrice">129.82 € per litre</p>
    </div>
    <div class="contButton">
    <a class="button bgRed white addToCart" href="#">Add</a>
</div>
</div><div class="left product prod24"
        data-name="Crema Bb Cream Medium 40ml"
        data-price="8.48"
        data-id="29611"
        data-available="yes"
        data-category="5821"
        data-bestselling="">
    <a href="https://www.spesati.com/crema-bb-cream-medium-40ml">
        <div style="background-image: url('https://cdn.spesati.com/images/products/000302939/garnier-bb-cream-original-crema-viso-idratante-5in1-con-vitamina-c--medio-scura---50-ml-01.png')">
            <div class="hover"></div>
            
            <div class="stickers"></div>
        </div>
    </a>
    <div>
        <h4><a href="https://www.spesati.com/crema-bb-cream-medium-40ml"><b>Crema Bb Cream Medium 40ml</b></a></h4>
        <p class="description">Garnier BB Cream Original Crema viso idratante 5in1 con Vitamina C, Medio-Scura - 50 ml</p>
        <p class="right price"><b>8.48 €</b></p>
        <p class="right unitPrice">212.10 € per litre</p>
    </div>
    <div class="contButton">
    <a class="button bgRed white addToCart" href="#">Add</a>
</div>
</div><div class="left product prod25"
        data-name="Johnson Baby Olio 300 Ml"
        data-price="2.70"
        data-id="4470"
        data-available="yes"
        data-category="5821"
        data-bestselling="">
    <a href="https://www.spesati.com/johnson-baby-olio-300-ml">
        <div style="background-image: url('https://cdn.spesati.com/images/products/000302594/johnsons-baby-olio-300-ml-01.png')">
            <div class="hover"></div>
            
            <div class="stickers"></div>
        </div>
    </a>
    <div>
        <h4><a href="https://www.spesati.com/johnson-baby-olio-300-ml"><b>Johnson Baby Olio 300 Ml</b></a></h4>
        <p class="description">Johnson's baby olio 300 ml</p>
        <p class="right price"><b>2.70 €</b></p>
        <p class="right unitPrice">8.99 € per litre</p>
    </div>
    <div class="contButton">
    <a class="button bgRed white addToCart" href="#">Add</a>
</div>
</div><div class="left product prod26"
        data-name="Polvere Fissan 100 Ml"
        data-price="2.69"
        data-id="6878"
        data-available="yes"
        data-category="5821"
        data-bestselling="">
    <a href="https://www.spesati.com/polvere-fissan-100-ml">
        <div style="background-image: url('https://cdn.spesati.com/images/products/000302326/fissan-polvere-alta-protezione-100-g-01.png')">
            <div class="hover"></div>
            
            <div class="stickers"></div>
        </div>
    </a>
    <div>
        <h4><a href="https://www.spesati.com/polvere-fissan-100-ml"><b>Polvere Fissan 100 Ml</b></a></h4>
        <p class="description">Fissan Polvere Alta Protezione 100 g</p>
        <p class="right price"><b>2.69 €</b></p>
        <p class="right unitPrice">26.90 € per litre</p>
    </div>
    <div class="contButton">
    <a class="button bgRed white addToCart" href="#">Add</a>
</div>
</div><div class="left product prod27"
        data-name="Crema Mani Glysolid 100ml Tubo"
        data-price="3.39"
        data-id="29518"
        data-available="yes"
        data-category="5821"
        data-bestselling="">
    <a href="https://www.spesati.com/crema-mani-glysolid-100ml-tubo">
        <div style="background-image: url('https://cdn.spesati.com/images/products/000302274/glysolid-crema-mani-classica-mani-screpolate-100-ml-01.png')">
            <div class="hover"></div>
            
            <div class="stickers"></div>
        </div>
    </a>
    <div>
        <h4><a href="https://www.spesati.com/crema-mani-glysolid-100ml-tubo"><b>Crema Mani Glysolid 100ml Tubo</b></a></h4>
        <p class="description">Glysolid Crema mani classica mani screpolate 100 ml</p>
        <p class="right price"><b>3.39 €</b></p>
        <p class="right unitPrice">33.90 € per litre</p>
    </div>
    <div class="contButton">
    <a class="button bgRed white addToCart" href="#">Add</a>
</div>
</div><div class="left product prod28"
        data-name="Crema Corpo Leocrema Idratante 400 ml"
        data-price="3.59"
        data-id="5511"
        data-available="yes"
        data-category="5821"
        data-bestselling="">
    <a href="https://www.spesati.com/crema-corpo-leocrema-idratante-400-ml">
        <div style="background-image: url('https://cdn.spesati.com/images/products/000302234/leocrema-crema-corpo-idratante-pelle-normale-o-secca-400-ml-01.png')">
            <div class="hover"></div>
            
            <div class="stickers"></div>
        </div>
    </a>
    <div>
        <h4><a href="https://www.spesati.com/crema-corpo-leocrema-idratante-400-ml"><b>Crema Corpo Leocrema Idratante 400 ml</b></a></h4>
        <p class="description">Leocrema Crema Corpo Idratante pelle normale o secca 400 ml</p>
        <p class="right price"><b>3.59 €</b></p>
        <p class="right unitPrice">8.98 € per litre</p>
    </div>
    <div class="contButton">
    <a class="button bgRed white addToCart" href="#">Add</a>
</div>
</div><div class="left product prod29"
        data-name="Crema Pelle Morbida Leocrema"
        data-price="1.99"
        data-id="149"
        data-available="yes"
        data-category="5821"
        data-bestselling="">
    <a href="https://www.spesati.com/crema-pelle-morbida-leocrema">
        <div style="background-image: url('https://cdn.spesati.com/images/products/000302233/leocrema-crema-nutriente-multiuso-pellemorbida-germe-di-grano-e-vitamina-e-150-ml-01.png')">
            <div class="hover"></div>
            
            <div class="stickers"></div>
        </div>
    </a>
    <div>
        <h4><a href="https://www.spesati.com/crema-pelle-morbida-leocrema"><b>Crema Pelle Morbida Leocrema</b></a></h4>
        <p class="description">Leocrema Crema Nutriente Multiuso Pellemorbida Germe di Grano e Vitamina E 150 ml</p>
        <p class="right price"><b>1.99 €</b></p>
        <p class="right unitPrice">13.26 € per litre</p>
    </div>
    <div class="contButton">
    <a class="button bgRed white addToCart" href="#">Add</a>
</div>
</div><div class="left product prod30"
        data-name="Acqua Alle Rose Roberts 300ml"
        data-price="3.99"
        data-id="29481"
        data-available="yes"
        data-category="5821"
        data-bestselling="">
    <a href="https://www.spesati.com/acqua-alle-rose-roberts-300ml">
        <div style="background-image: url('https://cdn.spesati.com/images/products/000302005/acqua-distillata-alle-rose-tonico-rinfrescante-300-ml-01.png')">
            <div class="hover"></div>
            
            <div class="stickers"></div>
        </div>
    </a>
    <div>
        <h4><a href="https://www.spesati.com/acqua-alle-rose-roberts-300ml"><b>Acqua Alle Rose Roberts 300ml</b></a></h4>
        <p class="description">Acqua Distillata alle Rose Tonico Rinfrescante 300 ml</p>
        <p class="right price"><b>3.99 €</b></p>
        <p class="right unitPrice">13.30 € per litre</p>
    </div>
    <div class="contButton">
    <a class="button bgRed white addToCart" href="#">Add</a>
</div>
</div><div class="left product prod31"
        data-name="Pasta Fissan Alta Protez 100ml"
        data-price="5.29"
        data-id="73018"
        data-available="yes"
        data-category="5821"
        data-bestselling="">
    <a href="https://www.spesati.com/pasta-fissan-alta-protez-100ml">
        <div style="background-image: url('https://cdn.spesati.com/images/products/missing-image/missing-image.jpg')">
            <div class="hover"></div>
            
            <div class="stickers"></div>
        </div>
    </a>
    <div>
        <h4><a href="https://www.spesati.com/pasta-fissan-alta-protez-100ml"><b>Pasta Fissan Alta Protez 100ml</b></a></h4>
        <p class="description">0.1 Lt</p>
        <p class="right price"><b>5.29 €</b></p>
        <p class="right unitPrice">52.90 € per litre</p>
    </div>
    <div class="contButton">
    <a class="button bgRed white addToCart" href="#">Add</a>
</div>
</div><div class="left product prod32"
        data-name="Labello Classic Care 4,8 G"
        data-price="2.49"
        data-id="89236"
        data-available="yes"
        data-category="5821"
        data-bestselling="2">
    <a href="https://www.spesati.com/labello-classic-care-48-g">
        <div style="background-image: url('https://cdn.spesati.com/images/products/missing-image/missing-image.jpg')">
            <div class="hover"></div>
            <p class="arrow bgRed white">Best Seller</p>
            <div class="stickers"></div>
        </div>
    </a>
    <div>
        <h4><a href="https://www.spesati.com/labello-classic-care-48-g"><b>Labello Classic Care 4,8 G</b></a></h4>
        <p class="description">0 Kg</p>
        <p class="right price"><b>2.49 €</b></p>
        <p class="right unitPrice">2.49 € per kg</p>
    </div>
    <div class="contButton">
    <a class="button bgRed white addToCart" href="#">Add</a>
</div>
</div><div class="left product prod33"
        data-name="Labello Soft Rose' 4,8 G"
        data-price="2.49"
        data-id="89239"
        data-available="yes"
        data-category="5821"
        data-bestselling="">
    <a href="https://www.spesati.com/labello-soft-rose-48-g">
        <div style="background-image: url('https://cdn.spesati.com/images/products/missing-image/missing-image.jpg')">
            <div class="hover"></div>
            
            <div class="stickers"></div>
        </div>
    </a>
    <div>
        <h4><a href="https://www.spesati.com/labello-soft-rose-48-g"><b>Labello Soft Rose' 4,8 G</b></a></h4>
        <p class="description">0 Kg</p>
        <p class="right price"><b>2.49 €</b></p>
        <p class="right unitPrice">2.49 € per kg</p>
    </div>
    <div class="contButton">
    <a class="button bgRed white addToCart" href="#">Add</a>
</div>
</div><div class="left product prod34"
        data-name="Olio Hawaiian T Spray Pf30"
        data-price="15.90"
        data-id="76679"
        data-available="no"
        data-category="5821"
        data-bestselling="">
    <a href="https://www.spesati.com/olio-hawaiian-t-spray-pf30">
        <div style="background-image: url('https://cdn.spesati.com/images/products/000440971/hawaiian-tropic-protective-olio-secco-spray-continuo-spf-30-alta-180-ml-01.png')">
            <div class="hover"></div>
            
            <div class="stickers"></div>
        </div>
    </a>
    <div>
        <h4><a href="https://www.spesati.com/olio-hawaiian-t-spray-pf30"><b>Olio Hawaiian T Spray Pf30</b></a></h4>
        <p class="description">Hawaiian Tropic Protective Olio Secco Spray Continuo SPF 30 Alta 180 ml</p>
        <p class="right price"><b>15.90 €</b></p>
        <p class="right unitPrice">88.34 € per litre</p>
    </div>
    <div class="notAvailable">
    <a class="button bgDarkGrey white" href="https://www.spesati.com/olio-hawaiian-t-spray-pf30">Not available</a>
</div>
</div><div class="left product prod35"
        data-name="Crema Mani Kaloderm Karite 75m"
        data-price="2.69"
        data-id="78180"
        data-available="no"
        data-category="5821"
        data-bestselling="">
    <a href="https://www.spesati.com/crema-mani-kaloderm-karite-75m">
        <div style="background-image: url('https://cdn.spesati.com/images/products/000440924/kaloderma-nutriente-karite-nutriente-burro-mani-per-pelle-secca-e-molto-secca-75-ml-01.png')">
            <div class="hover"></div>
            
            <div class="stickers"></div>
        </div>
    </a>
    <div>
        <h4><a href="https://www.spesati.com/crema-mani-kaloderm-karite-75m"><b>Crema Mani Kaloderm Karite 75m</b></a></h4>
        <p class="description">Kaloderma Nutriente Karité Nutriente Burro Mani per Pelle Secca e Molto Secca 75 ml</p>
        <p class="right price"><b>2.69 €</b></p>
        <p class="right unitPrice">33.62 € per litre</p>
    </div>
    <div class="notAvailable">
    <a class="button bgDarkGrey white" href="https://www.spesati.com/crema-mani-kaloderm-karite-75m">Not available</a>
</div>
</div><div class="left product prod36"
        data-name="Nivea S Kids Prot&car Tr Fp50"
        data-price="15.90"
        data-id="76664"
        data-available="no"
        data-category="5821"
        data-bestselling="">
    <a href="https://www.spesati.com/nivea-s-kids-protcar-tr-fp50">
        <div style="background-image: url('https://cdn.spesati.com/images/products/000440919/nivea-sun-kids-protect-care-50-molto-alta-270-ml-01.png')">
            <div class="hover"></div>
            
            <div class="stickers"></div>
        </div>
    </a>
    <div>
        <h4><a href="https://www.spesati.com/nivea-s-kids-protcar-tr-fp50"><b>Nivea S Kids Prot&car Tr Fp50</b></a></h4>
        <p class="description">Nivea Sun kids protect & care 50+ Molto Alta 270 ml</p>
        <p class="right price"><b>15.90 €</b></p>
        <p class="right unitPrice">58.89 € per litre</p>
    </div>
    <div class="notAvailable">
    <a class="button bgDarkGrey white" href="https://www.spesati.com/nivea-s-kids-protcar-tr-fp50">Not available</a>
</div>
</div><div class="left product prod37"
        data-name="Nivea S Kids Prot&care Tr Fp30"
        data-price="14.90"
        data-id="76661"
        data-available="no"
        data-category="5821"
        data-bestselling="">
    <a href="https://www.spesati.com/nivea-s-kids-protcare-tr-fp30">
        <div style="background-image: url('https://cdn.spesati.com/images/products/000440918/nivea-sun-kids-protect-care-30-alta-270-ml-01.png')">
            <div class="hover"></div>
            
            <div class="stickers"></div>
        </div>
    </a>
    <div>
        <h4><a href="https://www.spesati.com/nivea-s-kids-protcare-tr-fp30"><b>Nivea S Kids Prot&care Tr Fp30</b></a></h4>
        <p class="description">Nivea Sun kids protect & care 30 Alta 270 ml</p>
        <p class="right price"><b>14.90 €</b></p>
        <p class="right unitPrice">55.18 € per litre</p>
    </div>
    <div class="notAvailable">
    <a class="button bgDarkGrey white" href="https://www.spesati.com/nivea-s-kids-protcare-tr-fp30">Not available</a>
</div>
</div><div class="left product prod38"
        data-name="Nivea Sun Prot&bron Trig Fp30"
        data-price="15.90"
        data-id="83765"
        data-available="no"
        data-category="5821"
        data-bestselling="">
    <a href="https://www.spesati.com/nivea-sun-protbron-trig-fp30">
        <div style="background-image: url('https://cdn.spesati.com/images/products/000440914/nivea-sun-protect-bronze-30-alta-270-ml-01.png')">
            <div class="hover"></div>
            
            <div class="stickers"></div>
        </div>
    </a>
    <div>
        <h4><a href="https://www.spesati.com/nivea-sun-protbron-trig-fp30"><b>Nivea Sun Prot&bron Trig Fp30</b></a></h4>
        <p class="description">Nivea Sun protect & bronze 30 Alta 270 ml</p>
        <p class="right price"><b>15.90 €</b></p>
        <p class="right unitPrice">58.89 € per litre</p>
    </div>
    <div class="notAvailable">
    <a class="button bgDarkGrey white" href="https://www.spesati.com/nivea-sun-protbron-trig-fp30">Not available</a>
</div>
</div><div class="left product prod39"
        data-name="Oil Of Olay Tot Effect Gior50"
        data-price="12.90"
        data-id="72591"
        data-available="no"
        data-category="5821"
        data-bestselling="">
    <a href="https://www.spesati.com/oil-of-olay-tot-effect-gior50">
        <div style="background-image: url('https://cdn.spesati.com/images/products/000440789/olay-crema-viso-giorno-total-effects-7in1-nutre-e-protegge-vitamine-c-b3-spf-15-50-ml-01.png')">
            <div class="hover"></div>
            
            <div class="stickers"></div>
        </div>
    </a>
    <div>
        <h4><a href="https://www.spesati.com/oil-of-olay-tot-effect-gior50"><b>Oil Of Olay Tot Effect Gior50</b></a></h4>
        <p class="description">Olay Crema Viso Giorno Total Effects 7in1 - Nutre e Protegge - Vitamine C & B3 - SPF 15 - 50 ml</p>
        <p class="right price"><b>12.90 €</b></p>
        <p class="right unitPrice">258.01 € per litre</p>
    </div>
    <div class="notAvailable">
    <a class="button bgDarkGrey white" href="https://www.spesati.com/oil-of-olay-tot-effect-gior50">Not available</a>
</div>
</div><div class="left product prod40"
        data-name="Lipstick Piz Buin Aloe Spf 30"
        data-price="2.99"
        data-id="59676"
        data-available="no"
        data-category="5821"
        data-bestselling="">
    <a href="https://www.spesati.com/lipstick-piz-buin-aloe-spf-30">
        <div style="background-image: url('https://cdn.spesati.com/images/products/000434130/piz-buin-stick-solare-per-labbra-moisturising-protezione-alta-30spf-filtro-solare-uvauvb-49g-01.png')">
            <div class="hover"></div>
            
            <div class="stickers"></div>
        </div>
    </a>
    <div>
        <h4><a href="https://www.spesati.com/lipstick-piz-buin-aloe-spf-30"><b>Lipstick Piz Buin Aloe Spf 30</b></a></h4>
        <p class="description">Piz Buin, Stick Solare Per Labbra, Moisturising, Protezione Alta 30SPF, Filtro Solare Uva/Uvb, 4.9g</p>
        <p class="right price"><b>2.99 €</b></p>
        <p class="right unitPrice">0.00 € per kg</p>
    </div>
    <div class="notAvailable">
    <a class="button bgDarkGrey white" href="https://www.spesati.com/lipstick-piz-buin-aloe-spf-30">Not available</a>
</div>
</div><div class="left product prod41"
        data-name="Crem Pizbuin Aller Viso Spf50"
        data-price="14.58"
        data-id="59673"
        data-available="no"
        data-category="5821"
        data-bestselling="">
    <a href="https://www.spesati.com/crem-pizbuin-aller-viso-spf50">
        <div style="background-image: url('https://cdn.spesati.com/images/products/000434126/piz-buin-crema-solare-viso-allergy-50-spf-protezione-molto-alta-resistente-allacqua-50ml-01.png')">
            <div class="hover"></div>
            
            <div class="stickers"></div>
        </div>
    </a>
    <div>
        <h4><a href="https://www.spesati.com/crem-pizbuin-aller-viso-spf50"><b>Crem Pizbuin Aller Viso Spf50</b></a></h4>
        <p class="description">Piz Buin Crema Solare Viso, Allergy, 50+ SPF, Protezione Molto Alta, Resistente All'Acqua 50ml</p>
        <p class="right price"><b>14.58 €</b></p>
        <p class="right unitPrice">291.52 € per litre</p>
    </div>
    <div class="notAvailable">
    <a class="button bgDarkGrey white" href="https://www.spesati.com/crem-pizbuin-aller-viso-spf50">Not available</a>
</div>
</div><div class="left product prod42"
        data-name="Crema Piz Buin Tan&prot Spf15"
        data-price="17.90"
        data-id="59670"
        data-available="no"
        data-category="5821"
        data-bestselling="">
    <a href="https://www.spesati.com/crema-piz-buin-tanprot-spf15">
        <div style="background-image: url('https://cdn.spesati.com/images/products/000434123/piz-buin-lozione-solare-intensificatrice-dellabbronzatura-tan-protect-15-spf-prot-media-150ml-01.png')">
            <div class="hover"></div>
            
            <div class="stickers"></div>
        </div>
    </a>
    <div>
        <h4><a href="https://www.spesati.com/crema-piz-buin-tanprot-spf15"><b>Crema Piz Buin Tan&prot Spf15</b></a></h4>
        <p class="description">Piz Buin Lozione Solare Intensificatrice Dell'Abbronzatura Tan & Protect 15 SPF Prot. Media 150ml</p>
        <p class="right price"><b>17.90 €</b></p>
        <p class="right unitPrice">119.33 € per litre</p>
    </div>
    <div class="notAvailable">
    <a class="button bgDarkGrey white" href="https://www.spesati.com/crema-piz-buin-tanprot-spf15">Not available</a>
</div>
</div><div class="left product prod43"
        data-name="Crema Pizbuin Aller Corp Spf50"
        data-price="20.18"
        data-id="59667"
        data-available="no"
        data-category="5821"
        data-bestselling="">
    <a href="https://www.spesati.com/crema-pizbuin-aller-corp-spf50">
        <div style="background-image: url('https://cdn.spesati.com/images/products/000434120/piz-buin-lozione-solare-pelle-sensibile-allergy-50-spf-protezione-molto-alta-200ml-01.png')">
            <div class="hover"></div>
            
            <div class="stickers"></div>
        </div>
    </a>
    <div>
        <h4><a href="https://www.spesati.com/crema-pizbuin-aller-corp-spf50"><b>Crema Pizbuin Aller Corp Spf50</b></a></h4>
        <p class="description">Piz Buin Lozione Solare, Pelle Sensibile, Allergy, 50+ SPF, Protezione Molto Alta, 200ml</p>
        <p class="right price"><b>20.18 €</b></p>
        <p class="right unitPrice">100.88 € per litre</p>
    </div>
    <div class="notAvailable">
    <a class="button bgDarkGrey white" href="https://www.spesati.com/crema-pizbuin-aller-corp-spf50">Not available</a>
</div>
</div><div class="left product prod44"
        data-name="Crema Piz Buin Corpo Spf 30"
        data-price="15.90"
        data-id="59664"
        data-available="no"
        data-category="5821"
        data-bestselling="">
    <a href="https://www.spesati.com/crema-piz-buin-corpo-spf-30">
        <div style="background-image: url('https://cdn.spesati.com/images/products/000434118/piz-buin-lozione-solare-idratante-30-spf-protezione-alta-200ml-01.png')">
            <div class="hover"></div>
            
            <div class="stickers"></div>
        </div>
    </a>
    <div>
        <h4><a href="https://www.spesati.com/crema-piz-buin-corpo-spf-30"><b>Crema Piz Buin Corpo Spf 30</b></a></h4>
        <p class="description">Piz Buin Lozione Solare Idratante, 30 SPF, Protezione Alta, 200ml</p>
        <p class="right price"><b>15.90 €</b></p>
        <p class="right unitPrice">79.51 € per litre</p>
    </div>
    <div class="notAvailable">
    <a class="button bgDarkGrey white" href="https://www.spesati.com/crema-piz-buin-corpo-spf-30">Not available</a>
</div>
</div><div class="left product prod45"
        data-name="Crema Piz Buin Doposole Corpo"
        data-price="16.73"
        data-id="59661"
        data-available="no"
        data-category="5821"
        data-bestselling="">
    <a href="https://www.spesati.com/crema-piz-buin-doposole-corpo">
        <div style="background-image: url('https://cdn.spesati.com/images/products/000434116/piz-buin-latte-doposole-idratante-lenitivo-e-rinfrescantecon-aloe-vera-assorbimento-rapido-200ml-01.png')">
            <div class="hover"></div>
            
            <div class="stickers"></div>
        </div>
    </a>
    <div>
        <h4><a href="https://www.spesati.com/crema-piz-buin-doposole-corpo"><b>Crema Piz Buin Doposole Corpo</b></a></h4>
        <p class="description">Piz Buin Latte Doposole Idratante Lenitivo E Rinfrescante,Con Aloe Vera, Assorbimento Rapido, 200ml</p>
        <p class="right price"><b>16.73 €</b></p>
        <p class="right unitPrice">83.63 € per litre</p>
    </div>
    <div class="notAvailable">
    <a class="button bgDarkGrey white" href="https://www.spesati.com/crema-piz-buin-doposole-corpo">Not available</a>
</div>
</div><div class="left product prod46"
        data-name="Crema Piz Buin Corpo Spf 15"
        data-price="15.90"
        data-id="59658"
        data-available="no"
        data-category="5821"
        data-bestselling="">
    <a href="https://www.spesati.com/crema-piz-buin-corpo-spf-15">
        <div style="background-image: url('https://cdn.spesati.com/images/products/000434115/piz-buin-lozione-solare-idratante-15-spf-protezione-media-200ml-01.png')">
            <div class="hover"></div>
            
            <div class="stickers"></div>
        </div>
    </a>
    <div>
        <h4><a href="https://www.spesati.com/crema-piz-buin-corpo-spf-15"><b>Crema Piz Buin Corpo Spf 15</b></a></h4>
        <p class="description">Piz Buin Lozione Solare Idratante, 15 SPF, Protezione Media, 200ml</p>
        <p class="right price"><b>15.90 €</b></p>
        <p class="right unitPrice">79.51 € per litre</p>
    </div>
    <div class="notAvailable">
    <a class="button bgDarkGrey white" href="https://www.spesati.com/crema-piz-buin-corpo-spf-15">Not available</a>
</div>
</div><div class="left product prod47"
        data-name="Crema Cera Cupra Mani 75ml"
        data-price="1.99"
        data-id="32792"
        data-available="no"
        data-category="5821"
        data-bestselling="">
    <a href="https://www.spesati.com/crema-cera-cupra-mani-75ml">
        <div style="background-image: url('https://cdn.spesati.com/images/products/000434048/cera-di-cupra-ricetta-di-bellezza-mani-nutriente-e-protettiva-75-ml-01.png')">
            <div class="hover"></div>
            
            <div class="stickers"></div>
        </div>
    </a>
    <div>
        <h4><a href="https://www.spesati.com/crema-cera-cupra-mani-75ml"><b>Crema Cera Cupra Mani 75ml</b></a></h4>
        <p class="description">Cera di Cupra Ricetta di Bellezza Mani Nutriente e Protettiva 75 ml</p>
        <p class="right price"><b>1.99 €</b></p>
        <p class="right unitPrice">26.54 € per litre</p>
    </div>
    <div class="notAvailable">
    <a class="button bgDarkGrey white" href="https://www.spesati.com/crema-cera-cupra-mani-75ml">Not available</a>
</div>
</div><div class="left product prod48"
        data-name="Crema Hawaiian T After Sun"
        data-price="14.90"
        data-id="32155"
        data-available="no"
        data-category="5821"
        data-bestselling="">
    <a href="https://www.spesati.com/crema-hawaiian-t-after-sun">
        <div style="background-image: url('https://cdn.spesati.com/images/products/000313736/hawaiian-tropic-after-sun-silk-hydration-air-soft-180ml-01.png')">
            <div class="hover"></div>
            
            <div class="stickers"></div>
        </div>
    </a>
    <div>
        <h4><a href="https://www.spesati.com/crema-hawaiian-t-after-sun"><b>Crema Hawaiian T After Sun</b></a></h4>
        <p class="description">Hawaiian Tropic After sun Silk Hydration Air Soft 180ml</p>
        <p class="right price"><b>14.90 €</b></p>
        <p class="right unitPrice">82.78 € per litre</p>
    </div>
    <div class="notAvailable">
    <a class="button bgDarkGrey white" href="https://www.spesati.com/crema-hawaiian-t-after-sun">Not available</a>
</div>
</div><div class="left product prod49"
        data-name="Latte Hawaiian Silk Spr Spf30"
        data-price="15.90"
        data-id="32154"
        data-available="no"
        data-category="5821"
        data-bestselling="">
    <a href="https://www.spesati.com/latte-hawaiian-silk-spr-spf30">
        <div style="background-image: url('https://cdn.spesati.com/images/products/000313735/hawaiian-tropic-silk-hydration-protezione-solare-a-spray-continuo-air-soft-spf30-alta-177-ml-01.png')">
            <div class="hover"></div>
            
            <div class="stickers"></div>
        </div>
    </a>
    <div>
        <h4><a href="https://www.spesati.com/latte-hawaiian-silk-spr-spf30"><b>Latte Hawaiian Silk Spr Spf30</b></a></h4>
        <p class="description">Hawaiian Tropic Silk Hydration Protezione solare a spray continuo Air Soft SPF30 Alta 177 mL</p>
        <p class="right price"><b>15.90 €</b></p>
        <p class="right unitPrice">89.83 € per litre</p>
    </div>
    <div class="notAvailable">
    <a class="button bgDarkGrey white" href="https://www.spesati.com/latte-hawaiian-silk-spr-spf30">Not available</a>
</div>
</div><div class="left product prod50"
        data-name="Olio Hawaiian T Tanning Dark"
        data-price="10.90"
        data-id="31785"
        data-available="no"
        data-category="5821"
        data-bestselling="">
    <a href="https://www.spesati.com/olio-hawaiian-t-tanning-dark">
        <div style="background-image: url('https://cdn.spesati.com/images/products/000312588/hawaiian-tropic-tropical-tanning-oil-dark-200-ml-01.png')">
            <div class="hover"></div>
            
            <div class="stickers"></div>
        </div>
    </a>
    <div>
        <h4><a href="https://www.spesati.com/olio-hawaiian-t-tanning-dark"><b>Olio Hawaiian T Tanning Dark</b></a></h4>
        <p class="description">Hawaiian Tropic Tropical Tanning oil dark 200 ml</p>
        <p class="right price"><b>10.90 €</b></p>
        <p class="right unitPrice">54.50 € per litre</p>
    </div>
    <div class="notAvailable">
    <a class="button bgDarkGrey white" href="https://www.spesati.com/olio-hawaiian-t-tanning-dark">Not available</a>
</div>
</div><div class="left product prod51"
        data-name="Crema Hawaiian T Bodybutt D-so"
        data-price="15.26"
        data-id="31784"
        data-available="no"
        data-category="5821"
        data-bestselling="">
    <a href="https://www.spesati.com/crema-hawaiian-t-bodybutt-d-so">
        <div style="background-image: url('https://cdn.spesati.com/images/products/000312585/hawaiian-tropic-afer-sun-body-butter-200-ml-01.png')">
            <div class="hover"></div>
            
            <div class="stickers"></div>
        </div>
    </a>
    <div>
        <h4><a href="https://www.spesati.com/crema-hawaiian-t-bodybutt-d-so"><b>Crema Hawaiian T Bodybutt D-so</b></a></h4>
        <p class="description">Hawaiian Tropic Afer sun body butter 200 ml</p>
        <p class="right price"><b>15.26 €</b></p>
        <p class="right unitPrice">76.32 € per litre</p>
    </div>
    <div class="notAvailable">
    <a class="button bgDarkGrey white" href="https://www.spesati.com/crema-hawaiian-t-bodybutt-d-so">Not available</a>
</div>
</div><div class="left product prod52"
        data-name="Latte Hawaiian T Silk Hyd 50sp"
        data-price="16.90"
        data-id="31783"
        data-available="no"
        data-category="5821"
        data-bestselling="">
    <a href="https://www.spesati.com/latte-hawaiian-t-silk-hyd-50sp">
        <div style="background-image: url('https://cdn.spesati.com/images/products/000312583/hawaiian-tropic-silk-hydration-latte-solare-spf-50-molto-alta-180-ml-01.png')">
            <div class="hover"></div>
            
            <div class="stickers"></div>
        </div>
    </a>
    <div>
        <h4><a href="https://www.spesati.com/latte-hawaiian-t-silk-hyd-50sp"><b>Latte Hawaiian T Silk Hyd 50sp</b></a></h4>
        <p class="description">Hawaiian Tropic Silk Hydration Latte solare SPF 50 Molto Alta 180 mL</p>
        <p class="right price"><b>16.90 €</b></p>
        <p class="right unitPrice">93.89 € per litre</p>
    </div>
    <div class="notAvailable">
    <a class="button bgDarkGrey white" href="https://www.spesati.com/latte-hawaiian-t-silk-hyd-50sp">Not available</a>
</div>
</div><div class="left product prod53"
        data-name="Latte Hawaiian T Silk Hyd 30sp"
        data-price="15.99"
        data-id="31782"
        data-available="no"
        data-category="5821"
        data-bestselling="">
    <a href="https://www.spesati.com/latte-hawaiian-t-silk-hyd-30sp">
        <div style="background-image: url('https://cdn.spesati.com/images/products/000312582/hawaiian-tropic-silk-hydration-protective-sun-lotion-spf30-high-180-ml-01.png')">
            <div class="hover"></div>
            
            <div class="stickers"></div>
        </div>
    </a>
    <div>
        <h4><a href="https://www.spesati.com/latte-hawaiian-t-silk-hyd-30sp"><b>Latte Hawaiian T Silk Hyd 30sp</b></a></h4>
        <p class="description">Hawaiian Tropic Silk hydration Protective sun lotion SPF30 high 180 ml</p>
        <p class="right price"><b>15.99 €</b></p>
        <p class="right unitPrice">88.84 € per litre</p>
    </div>
    <div class="notAvailable">
    <a class="button bgDarkGrey white" href="https://www.spesati.com/latte-hawaiian-t-silk-hyd-30sp">Not available</a>
</div>
</div><div class="left product prod54"
        data-name="Olio Bilboa Spray No Gas Spf10"
        data-price="8.99"
        data-id="59646"
        data-available="no"
        data-category="5821"
        data-bestselling="">
    <a href="https://www.spesati.com/olio-bilboa-spray-no-gas-spf10">
        <div style="background-image: url('https://cdn.spesati.com/images/products/000304560/bilboa-carrot-plus-olio-solare-spray-spf-10-bassa-200-ml-01.png')">
            <div class="hover"></div>
            
            <div class="stickers"></div>
        </div>
    </a>
    <div>
        <h4><a href="https://www.spesati.com/olio-bilboa-spray-no-gas-spf10"><b>Olio Bilboa Spray No Gas Spf10</b></a></h4>
        <p class="description">Bilboa Carrot Plus Olio Solare Spray SPF 10 Bassa 200 ml</p>
        <p class="right price"><b>8.99 €</b></p>
        <p class="right unitPrice">44.96 € per litre</p>
    </div>
    <div class="notAvailable">
    <a class="button bgDarkGrey white" href="https://www.spesati.com/olio-bilboa-spray-no-gas-spf10">Not available</a>
</div>
</div><div class="left product prod55"
        data-name="Olio Bilboa Abbr Spray No Gas"
        data-price="7.90"
        data-id="67641"
        data-available="no"
        data-category="5821"
        data-bestselling="">
    <a href="https://www.spesati.com/olio-bilboa-abbr-spray-no-gas">
        <div style="background-image: url('https://cdn.spesati.com/images/products/000304559/bilboa-carrot-plus-olio-solare-spray-super-abbronzante-200-ml-01.png')">
            <div class="hover"></div>
            
            <div class="stickers"></div>
        </div>
    </a>
    <div>
        <h4><a href="https://www.spesati.com/olio-bilboa-abbr-spray-no-gas"><b>Olio Bilboa Abbr Spray No Gas</b></a></h4>
        <p class="description">Bilboa Carrot Plus Olio Solare Spray Super Abbronzante 200 ml</p>
        <p class="right price"><b>7.90 €</b></p>
        <p class="right unitPrice">39.50 € per litre</p>
    </div>
    <div class="notAvailable">
    <a class="button bgDarkGrey white" href="https://www.spesati.com/olio-bilboa-abbr-spray-no-gas">Not available</a>
</div>
</div><div class="left product prod56"
        data-name="Olio Bilboa Unguento 150ml"
        data-price="10.99"
        data-id="29810"
        data-available="no"
        data-category="5821"
        data-bestselling="">
    <a href="https://www.spesati.com/olio-bilboa-unguento-150ml">
        <div style="background-image: url('https://cdn.spesati.com/images/products/000304558/bilboa-carrot-plus-unguento-solare-super-abbronzante-150-ml-01.png')">
            <div class="hover"></div>
            
            <div class="stickers"></div>
        </div>
    </a>
    <div>
        <h4><a href="https://www.spesati.com/olio-bilboa-unguento-150ml"><b>Olio Bilboa Unguento 150ml</b></a></h4>
        <p class="description">Bilboa Carrot Plus Unguento Solare Super Abbronzante 150 ml</p>
        <p class="right price"><b>10.99 €</b></p>
        <p class="right unitPrice">73.26 € per litre</p>
    </div>
    <div class="notAvailable">
    <a class="button bgDarkGrey white" href="https://www.spesati.com/olio-bilboa-unguento-150ml">Not available</a>
</div>
</div><div class="left product prod57"
        data-name="Nivea Body Fluida Vellutante Ml 250"
        data-price="4.60"
        data-id="5501"
        data-available="no"
        data-category="5821"
        data-bestselling="">
    <a href="https://www.spesati.com/nivea-body-fluida-vellutante-ml-250">
        <div style="background-image: url('https://cdn.spesati.com/images/products/000304507/nivea-crema-corpo-vellutante-pelle-secca-250-ml-01.png')">
            <div class="hover"></div>
            
            <div class="stickers"></div>
        </div>
    </a>
    <div>
        <h4><a href="https://www.spesati.com/nivea-body-fluida-vellutante-ml-250"><b>Nivea Body Fluida Vellutante Ml 250</b></a></h4>
        <p class="description">Nivea Crema Corpo Vellutante Pelle Secca 250 ml</p>
        <p class="right price"><b>4.60 €</b></p>
        <p class="right unitPrice">18.41 € per litre</p>
    </div>
    <div class="notAvailable">
    <a class="button bgDarkGrey white" href="https://www.spesati.com/nivea-body-fluida-vellutante-ml-250">Not available</a>
</div>
</div><div class="left product prod58"
        data-name="Nivea Sun Protect&bronze Fp30"
        data-price="14.90"
        data-id="59640"
        data-available="no"
        data-category="5821"
        data-bestselling="">
    <a href="https://www.spesati.com/nivea-sun-protectbronze-fp30">
        <div style="background-image: url('https://cdn.spesati.com/images/products/000304349/nivea-sun-protect-bronze-30-alta-200-ml-01.png')">
            <div class="hover"></div>
            
            <div class="stickers"></div>
        </div>
    </a>
    <div>
        <h4><a href="https://www.spesati.com/nivea-sun-protectbronze-fp30"><b>Nivea Sun Protect&bronze Fp30</b></a></h4>
        <p class="description">Nivea Sun protect & bronze 30 Alta 200 ml</p>
        <p class="right price"><b>14.90 €</b></p>
        <p class="right unitPrice">74.51 € per litre</p>
    </div>
    <div class="notAvailable">
    <a class="button bgDarkGrey white" href="https://www.spesati.com/nivea-sun-protectbronze-fp30">Not available</a>
</div>
</div><div class="left product prod59"
        data-name="Nivea Sun Latte Dopos Idr 200m"
        data-price="9.90"
        data-id="29790"
        data-available="no"
        data-category="5821"
        data-bestselling="">
    <a href="https://www.spesati.com/nivea-sun-latte-dopos-idr-200m">
        <div style="background-image: url('https://cdn.spesati.com/images/products/000304320/nivea-sun-doposole-hydrate-200-ml-01.png')">
            <div class="hover"></div>
            
            <div class="stickers"></div>
        </div>
    </a>
    <div>
        <h4><a href="https://www.spesati.com/nivea-sun-latte-dopos-idr-200m"><b>Nivea Sun Latte Dopos Idr 200m</b></a></h4>
        <p class="description">Nivea Sun doposole hydrate 200 ml</p>
        <p class="right price"><b>9.90 €</b></p>
        <p class="right unitPrice">49.51 € per litre</p>
    </div>
    <div class="notAvailable">
    <a class="button bgDarkGrey white" href="https://www.spesati.com/nivea-sun-latte-dopos-idr-200m">Not available</a>
</div>
</div><div class="left product prod60"
        data-name="Nivea Sun Crema Rigen Doposole"
        data-price="10.90"
        data-id="29789"
        data-available="no"
        data-category="5821"
        data-bestselling="">
    <a href="https://www.spesati.com/nivea-sun-crema-rigen-doposole">
        <div style="background-image: url('https://cdn.spesati.com/images/products/000304318/nivea-sun-doposole-rigenerante-crema-intensiva-300-ml-01.png')">
            <div class="hover"></div>
            
            <div class="stickers"></div>
        </div>
    </a>
    <div>
        <h4><a href="https://www.spesati.com/nivea-sun-crema-rigen-doposole"><b>Nivea Sun Crema Rigen Doposole</b></a></h4>
        <p class="description">Nivea Sun doposole rigenerante crema intensiva 300 ml</p>
        <p class="right price"><b>10.90 €</b></p>
        <p class="right unitPrice">36.33 € per litre</p>
    </div>
    <div class="notAvailable">
    <a class="button bgDarkGrey white" href="https://www.spesati.com/nivea-sun-crema-rigen-doposole">Not available</a>
</div>
</div><div class="left product prod61"
        data-name="Nivea Sun Bimb Prot&play Fp50"
        data-price="13.90"
        data-id="59637"
        data-available="no"
        data-category="5821"
        data-bestselling="">
    <a href="https://www.spesati.com/nivea-sun-bimb-protplay-fp50">
        <div style="background-image: url('https://cdn.spesati.com/images/products/000304314/nivea-sun-kids-protect-care-50-molto-alta-200-ml-01.png')">
            <div class="hover"></div>
            
            <div class="stickers"></div>
        </div>
    </a>
    <div>
        <h4><a href="https://www.spesati.com/nivea-sun-bimb-protplay-fp50"><b>Nivea Sun Bimb Prot&play Fp50</b></a></h4>
        <p class="description">Nivea Sun kids protect & care 50+ Molto Alta 200 ml</p>
        <p class="right price"><b>13.90 €</b></p>
        <p class="right unitPrice">69.50 € per litre</p>
    </div>
    <div class="notAvailable">
    <a class="button bgDarkGrey white" href="https://www.spesati.com/nivea-sun-bimb-protplay-fp50">Not available</a>
</div>
</div><div class="left product prod62"
        data-name="Nivea Sun Protect&bronze Fp20"
        data-price="14.90"
        data-id="29786"
        data-available="no"
        data-category="5821"
        data-bestselling="">
    <a href="https://www.spesati.com/nivea-sun-protectbronze-fp20">
        <div style="background-image: url('https://cdn.spesati.com/images/products/000304312/nivea-sun-protect-bronze-20-media-200-ml-01.png')">
            <div class="hover"></div>
            
            <div class="stickers"></div>
        </div>
    </a>
    <div>
        <h4><a href="https://www.spesati.com/nivea-sun-protectbronze-fp20"><b>Nivea Sun Protect&bronze Fp20</b></a></h4>
        <p class="description">Nivea Sun protect & bronze 20 Media 200 ml</p>
        <p class="right price"><b>14.90 €</b></p>
        <p class="right unitPrice">74.51 € per litre</p>
    </div>
    <div class="notAvailable">
    <a class="button bgDarkGrey white" href="https://www.spesati.com/nivea-sun-protectbronze-fp20">Not available</a>
</div>
</div><div class="left product prod63"
        data-name="Nivea Sun Latte Carotene 200ml"
        data-price="9.60"
        data-id="29785"
        data-available="no"
        data-category="5821"
        data-bestselling="">
    <a href="https://www.spesati.com/nivea-sun-latte-carotene-200ml">
        <div style="background-image: url('https://cdn.spesati.com/images/products/000304304/nivea-sun-carotene-bronze-200-ml-01.png')">
            <div class="hover"></div>
            
            <div class="stickers"></div>
        </div>
    </a>
    <div>
        <h4><a href="https://www.spesati.com/nivea-sun-latte-carotene-200ml"><b>Nivea Sun Latte Carotene 200ml</b></a></h4>
        <p class="description">Nivea Sun carotene bronze 200 ml</p>
        <p class="right price"><b>9.60 €</b></p>
        <p class="right unitPrice">48.01 € per litre</p>
    </div>
    <div class="notAvailable">
    <a class="button bgDarkGrey white" href="https://www.spesati.com/nivea-sun-latte-carotene-200ml">Not available</a>
</div>
</div><div class="left product prod64"
        data-name="Olio Ambre Sol Abbronz Cocco"
        data-price="11.90"
        data-id="59634"
        data-available="no"
        data-category="5821"
        data-bestselling="">
    <a href="https://www.spesati.com/olio-ambre-sol-abbronz-cocco">
        <div style="background-image: url('https://cdn.spesati.com/images/products/000304059/garnier-ambre-solaire-olio-abbronzante-abbronzatura-intensa-200-ml-01.png')">
            <div class="hover"></div>
            
            <div class="stickers"></div>
        </div>
    </a>
    <div>
        <h4><a href="https://www.spesati.com/olio-ambre-sol-abbronz-cocco"><b>Olio Ambre Sol Abbronz Cocco</b></a></h4>
        <p class="description">Garnier Ambre Solaire Olio Abbronzante Abbronzatura Intensa, 200 ml</p>
        <p class="right price"><b>11.90 €</b></p>
        <p class="right unitPrice">79.34 € per litre</p>
    </div>
    <div class="notAvailable">
    <a class="button bgDarkGrey white" href="https://www.spesati.com/olio-ambre-sol-abbronz-cocco">Not available</a>
</div>
</div><div class="left product prod65"
        data-name="Lozione Str Nivea Visage 125ml"
        data-price="4.94"
        data-id="29743"
        data-available="no"
        data-category="5821"
        data-bestselling="">
    <a href="https://www.spesati.com/lozione-str-nivea-visage-125ml">
        <div style="background-image: url('https://cdn.spesati.com/images/products/000303724/nivea-struccante-occhi-extra-delicato-125-ml-01.png')">
            <div class="hover"></div>
            
            <div class="stickers"></div>
        </div>
    </a>
    <div>
        <h4><a href="https://www.spesati.com/lozione-str-nivea-visage-125ml"><b>Lozione Str Nivea Visage 125ml</b></a></h4>
        <p class="description">Nivea Struccante Occhi Extra Delicato 125 ml</p>
        <p class="right price"><b>4.94 €</b></p>
        <p class="right unitPrice">39.52 € per litre</p>
    </div>
    <div class="notAvailable">
    <a class="button bgDarkGrey white" href="https://www.spesati.com/lozione-str-nivea-visage-125ml">Not available</a>
</div>
</div><div class="left product prod66"
        data-name="Labello Rose'"
        data-price="2.35"
        data-id="6763"
        data-available="no"
        data-category="5821"
        data-bestselling="">
    <a href="https://www.spesati.com/labello-rose">
        <div style="background-image: url('https://cdn.spesati.com/images/products/000303721/labello-soft-rose-48-g-01.png')">
            <div class="hover"></div>
            
            <div class="stickers"></div>
        </div>
    </a>
    <div>
        <h4><a href="https://www.spesati.com/labello-rose"><b>Labello Rose'</b></a></h4>
        <p class="description">Labello Soft Rosé 4,8 g</p>
        <p class="right price"><b>2.35 €</b></p>
        <p class="right unitPrice">2.35 € per piece</p>
    </div>
    <div class="notAvailable">
    <a class="button bgDarkGrey white" href="https://www.spesati.com/labello-rose">Not available</a>
</div>
</div><div class="left product prod67"
        data-name="Labello Classic"
        data-price="2.35"
        data-id="6778"
        data-available="no"
        data-category="5821"
        data-bestselling="">
    <a href="https://www.spesati.com/labello-classic">
        <div style="background-image: url('https://cdn.spesati.com/images/products/000303715/labello-classic-care-48-g-01.png')">
            <div class="hover"></div>
            
            <div class="stickers"></div>
        </div>
    </a>
    <div>
        <h4><a href="https://www.spesati.com/labello-classic"><b>Labello Classic</b></a></h4>
        <p class="description">Labello Classic Care 4,8 g</p>
        <p class="right price"><b>2.35 €</b></p>
        <p class="right unitPrice">2.35 € per piece</p>
    </div>
    <div class="notAvailable">
    <a class="button bgDarkGrey white" href="https://www.spesati.com/labello-classic">Not available</a>
</div>
</div><div class="left product prod68"
        data-name="Oil Of Olaz Idr Prot Norm 50ml"
        data-price="6.03"
        data-id="29719"
        data-available="no"
        data-category="5821"
        data-bestselling="">
    <a href="https://www.spesati.com/oil-of-olaz-idr-prot-norm-50ml">
        <div style="background-image: url('https://cdn.spesati.com/images/products/000303620/olaz-double-action-crema-giorno-idratante-e-primer-per-pelli-normali-e-secche-50-ml-01.png')">
            <div class="hover"></div>
            
            <div class="stickers"></div>
        </div>
    </a>
    <div>
        <h4><a href="https://www.spesati.com/oil-of-olaz-idr-prot-norm-50ml"><b>Oil Of Olaz Idr Prot Norm 50ml</b></a></h4>
        <p class="description">Olaz Double Action Crema Giorno Idratante e Primer per Pelli Normali e Secche 50 ml</p>
        <p class="right price"><b>6.03 €</b></p>
        <p class="right unitPrice">120.63 € per litre</p>
    </div>
    <div class="notAvailable">
    <a class="button bgDarkGrey white" href="https://www.spesati.com/oil-of-olaz-idr-prot-norm-50ml">Not available</a>
</div>
</div><div class="left product prod69"
        data-name="Oil Of Olaz Tot Effect Nott50"
        data-price="14.60"
        data-id="29718"
        data-available="no"
        data-category="5821"
        data-bestselling="">
    <a href="https://www.spesati.com/oil-of-olaz-tot-effect-nott50">
        <div style="background-image: url('https://cdn.spesati.com/images/products/000303619/olaz-total-effects-7-in-one-crema-notte-idratante-rassodante-50-ml-01.png')">
            <div class="hover"></div>
            
            <div class="stickers"></div>
        </div>
    </a>
    <div>
        <h4><a href="https://www.spesati.com/oil-of-olaz-tot-effect-nott50"><b>Oil Of Olaz Tot Effect Nott50</b></a></h4>
        <p class="description">Olaz Total Effects 7 in One Crema Notte Idratante Rassodante 50 ml</p>
        <p class="right price"><b>14.60 €</b></p>
        <p class="right unitPrice">292.07 € per litre</p>
    </div>
    <div class="notAvailable">
    <a class="button bgDarkGrey white" href="https://www.spesati.com/oil-of-olaz-tot-effect-nott50">Not available</a>
</div>
</div><div class="left product prod70"
        data-name="Oil Of Olaz Fluido Reg 100ml"
        data-price="6.54"
        data-id="29715"
        data-available="no"
        data-category="5821"
        data-bestselling="">
    <a href="https://www.spesati.com/oil-of-olaz-fluido-reg-100ml">
        <div style="background-image: url('https://cdn.spesati.com/images/products/000303616/olaz-beauty-fluid-lozione-idratante-leggera-viso-e-corpo-100-ml-01.png')">
            <div class="hover"></div>
            
            <div class="stickers"></div>
        </div>
    </a>
    <div>
        <h4><a href="https://www.spesati.com/oil-of-olaz-fluido-reg-100ml"><b>Oil Of Olaz Fluido Reg 100ml</b></a></h4>
        <p class="description">Olaz Beauty Fluid Lozione Idratante Leggera Viso e Corpo 100 ml</p>
        <p class="right price"><b>6.54 €</b></p>
        <p class="right unitPrice">65.44 € per litre</p>
    </div>
    <div class="notAvailable">
    <a class="button bgDarkGrey white" href="https://www.spesati.com/oil-of-olaz-fluido-reg-100ml">Not available</a>
</div>
</div><div class="left product prod71"
        data-name="Oil Of Olaz Latte Total Ef 200"
        data-price="5.32"
        data-id="29713"
        data-available="no"
        data-category="5821"
        data-bestselling="">
    <a href="https://www.spesati.com/oil-of-olaz-latte-total-ef-200">
        <div style="background-image: url('https://cdn.spesati.com/images/products/000303614/olaz-total-effects-7in1-latte-detergente-200-ml-01.png')">
            <div class="hover"></div>
            
            <div class="stickers"></div>
        </div>
    </a>
    <div>
        <h4><a href="https://www.spesati.com/oil-of-olaz-latte-total-ef-200"><b>Oil Of Olaz Latte Total Ef 200</b></a></h4>
        <p class="description">Olaz Total Effects 7in1 Latte Detergente 200 ml</p>
        <p class="right price"><b>5.32 €</b></p>
        <p class="right unitPrice">26.60 € per litre</p>
    </div>
    <div class="notAvailable">
    <a class="button bgDarkGrey white" href="https://www.spesati.com/oil-of-olaz-latte-total-ef-200">Not available</a>
</div>
</div><div class="left product prod72"
        data-name="Oil Of Olaz Total Effect Siero"
        data-price="15.08"
        data-id="29712"
        data-available="no"
        data-category="5821"
        data-bestselling="">
    <a href="https://www.spesati.com/oil-of-olaz-total-effect-siero">
        <div style="background-image: url('https://cdn.spesati.com/images/products/000303611/olaz-total-effects-7-in-one-siero-levigante-allistante-50-ml-01.png')">
            <div class="hover"></div>
            
            <div class="stickers"></div>
        </div>
    </a>
    <div>
        <h4><a href="https://www.spesati.com/oil-of-olaz-total-effect-siero"><b>Oil Of Olaz Total Effect Siero</b></a></h4>
        <p class="description">Olaz Total Effects 7 in One Siero Levigante all'Istante 50 ml</p>
        <p class="right price"><b>15.08 €</b></p>
        <p class="right unitPrice">15.08 € per piece</p>
    </div>
    <div class="notAvailable">
    <a class="button bgDarkGrey white" href="https://www.spesati.com/oil-of-olaz-total-effect-siero">Not available</a>
</div>
</div><div class="left product prod73"
        data-name="Crema Mani Neutrogena 50ml"
        data-price="3.99"
        data-id="29637"
        data-available="no"
        data-category="5821"
        data-bestselling="">
    <a href="https://www.spesati.com/crema-mani-neutrogena-50ml">
        <div style="background-image: url('https://cdn.spesati.com/images/products/000303181/neutrogena-crema-mani-concentrata-50-ml-stick-labbra-48-g-per-avere-mani-e-labbra-idratate-01.png')">
            <div class="hover"></div>
            
            <div class="stickers"></div>
        </div>
    </a>
    <div>
        <h4><a href="https://www.spesati.com/crema-mani-neutrogena-50ml"><b>Crema Mani Neutrogena 50ml</b></a></h4>
        <p class="description">Neutrogena Crema Mani Concentrata 50 ml + Stick Labbra 4,8 g, Per Avere Mani E Labbra Idratate</p>
        <p class="right price"><b>3.99 €</b></p>
        <p class="right unitPrice">79.79 € per litre</p>
    </div>
    <div class="notAvailable">
    <a class="button bgDarkGrey white" href="https://www.spesati.com/crema-mani-neutrogena-50ml">Not available</a>
</div>
</div><div class="left product prod74"
        data-name="Crema Bb Cream Chiaro 40ml"
        data-price="8.94"
        data-id="29610"
        data-available="no"
        data-category="5821"
        data-bestselling="">
    <a href="https://www.spesati.com/crema-bb-cream-chiaro-40ml">
        <div style="background-image: url('https://cdn.spesati.com/images/products/000302938/garnier-bb-cream-original-crema-viso-idratante-5in1-con-vitamina-c--medio-chiara---50-ml-01.png')">
            <div class="hover"></div>
            
            <div class="stickers"></div>
        </div>
    </a>
    <div>
        <h4><a href="https://www.spesati.com/crema-bb-cream-chiaro-40ml"><b>Crema Bb Cream Chiaro 40ml</b></a></h4>
        <p class="description">Garnier BB Cream Original Crema viso idratante 5in1 con Vitamina C, Medio-Chiara - 50 ml</p>
        <p class="right price"><b>8.94 €</b></p>
        <p class="right unitPrice">223.44 € per litre</p>
    </div>
    <div class="notAvailable">
    <a class="button bgDarkGrey white" href="https://www.spesati.com/crema-bb-cream-chiaro-40ml">Not available</a>
</div>
</div><div class="left product prod75"
        data-name="Maschera Geomar Viso Puri 15ml"
        data-price="1.49"
        data-id="29580"
        data-available="no"
        data-category="5821"
        data-bestselling="">
    <a href="https://www.spesati.com/maschera-geomar-viso-puri-15ml">
        <div style="background-image: url('https://cdn.spesati.com/images/products/000302694/geomar-viso-maschera-viso-5-minuti-purificante-effetto-mat-2-x-75-ml-01.png')">
            <div class="hover"></div>
            
            <div class="stickers"></div>
        </div>
    </a>
    <div>
        <h4><a href="https://www.spesati.com/maschera-geomar-viso-puri-15ml"><b>Maschera Geomar Viso Puri 15ml</b></a></h4>
        <p class="description">Geomar Viso Maschera Viso 5 minuti Purificante, Effetto-Mat 2 x 7,5  mL</p>
        <p class="right price"><b>1.49 €</b></p>
        <p class="right unitPrice">99.31 € per litre</p>
    </div>
    <div class="notAvailable">
    <a class="button bgDarkGrey white" href="https://www.spesati.com/maschera-geomar-viso-puri-15ml">Not available</a>
</div>
</div><div class="left product prod76"
        data-name="Maschera Geomar Viso Idra 15ml"
        data-price="1.49"
        data-id="29579"
        data-available="no"
        data-category="5821"
        data-bestselling="">
    <a href="https://www.spesati.com/maschera-geomar-viso-idra-15ml">
        <div style="background-image: url('https://cdn.spesati.com/images/products/000302693/geomar-viso-maschera-viso-idratante-anti-stress-2-x-75-ml-01.png')">
            <div class="hover"></div>
            
            <div class="stickers"></div>
        </div>
    </a>
    <div>
        <h4><a href="https://www.spesati.com/maschera-geomar-viso-idra-15ml"><b>Maschera Geomar Viso Idra 15ml</b></a></h4>
        <p class="description">Geomar Viso Maschera viso idratante, anti-stress 2 x 7,5 mL</p>
        <p class="right price"><b>1.49 €</b></p>
        <p class="right unitPrice">99.31 € per litre</p>
    </div>
    <div class="notAvailable">
    <a class="button bgDarkGrey white" href="https://www.spesati.com/maschera-geomar-viso-idra-15ml">Not available</a>
</div>
</div><div class="left product prod77"
        data-name="Pasta Fissan Alta Protezione 100Ml"
        data-price="4.90"
        data-id="22942"
        data-available="no"
        data-category="5821"
        data-bestselling="">
    <a href="https://www.spesati.com/pasta-fissan-alta-protezione-100ml">
        <div style="background-image: url('https://cdn.spesati.com/images/products/000302322/fissan-pasta-alta-protezione-100-ml-01.png')">
            <div class="hover"></div>
            
            <div class="stickers"></div>
        </div>
    </a>
    <div>
        <h4><a href="https://www.spesati.com/pasta-fissan-alta-protezione-100ml"><b>Pasta Fissan Alta Protezione 100Ml</b></a></h4>
        <p class="description">Fissan Pasta Alta Protezione 100 ml</p>
        <p class="right price"><b>4.90 €</b></p>
        <p class="right unitPrice">48.96 € per litre</p>
    </div>
    <div class="notAvailable">
    <a class="button bgDarkGrey white" href="https://www.spesati.com/pasta-fissan-alta-protezione-100ml">Not available</a>
</div>
</div><div class="left product prod78"
        data-name="Crema Mani Glysolid Vaso 100Ml"
        data-price="3.85"
        data-id="6322"
        data-available="no"
        data-category="5821"
        data-bestselling="">
    <a href="https://www.spesati.com/crema-mani-glysolid-vaso-100ml">
        <div style="background-image: url('https://cdn.spesati.com/images/products/000302271/glysolid-classica-100-ml-01.png')">
            <div class="hover"></div>
            
            <div class="stickers"></div>
        </div>
    </a>
    <div>
        <h4><a href="https://www.spesati.com/crema-mani-glysolid-vaso-100ml"><b>Crema Mani Glysolid Vaso 100Ml</b></a></h4>
        <p class="description">Glysolid Classica 100 ml</p>
        <p class="right price"><b>3.85 €</b></p>
        <p class="right unitPrice">38.50 € per litre</p>
    </div>
    <div class="notAvailable">
    <a class="button bgDarkGrey white" href="https://www.spesati.com/crema-mani-glysolid-vaso-100ml">Not available</a>
</div>
</div><div class="left product prod79"
        data-name="Expo Equilibra Minitaglie 40pz"
        data-price="245.19"
        data-id="29818"
        data-available="no"
        data-category="5821"
        data-bestselling="">
    <a href="https://www.spesati.com/expo-equilibra-minitaglie-40pz">
        <div style="background-image: url('https://cdn.spesati.com/images/products/missing-image/missing-image.jpg')">
            <div class="hover"></div>
            
            <div class="stickers"></div>
        </div>
    </a>
    <div>
        <h4><a href="https://www.spesati.com/expo-equilibra-minitaglie-40pz"><b>Expo Equilibra Minitaglie 40pz</b></a></h4>
        <p class="description">1 piece</p>
        <p class="right price"><b>245.19 €</b></p>
        <p class="right unitPrice">245.20 € per piece</p>
    </div>
    <div class="notAvailable">
    <a class="button bgDarkGrey white" href="https://www.spesati.com/expo-equilibra-minitaglie-40pz">Not available</a>
</div>
</div><div class="left product prod80"
        data-name="Expo Equilibra 120pz"
        data-price="1,145.24"
        data-id="29844"
        data-available="no"
        data-category="5821"
        data-bestselling="">
    <a href="https://www.spesati.com/expo-equilibra-120pz">
        <div style="background-image: url('https://cdn.spesati.com/images/products/missing-image/missing-image.jpg')">
            <div class="hover"></div>
            
            <div class="stickers"></div>
        </div>
    </a>
    <div>
        <h4><a href="https://www.spesati.com/expo-equilibra-120pz"><b>Expo Equilibra 120pz</b></a></h4>
        <p class="description">1 piece</p>
        <p class="right price"><b>1,145.24 €</b></p>
        <p class="right unitPrice">1,145.24 € per piece</p>
    </div>
    <div class="notAvailable">
    <a class="button bgDarkGrey white" href="https://www.spesati.com/expo-equilibra-120pz">Not available</a>
</div>
</div><div class="left product prod81"
        data-name="Expo Solari Nivea Banco 57pz 1"
        data-price="606.38"
        data-id="60384"
        data-available="no"
        data-category="5821"
        data-bestselling="">
    <a href="https://www.spesati.com/expo-solari-nivea-banco-57pz-1">
        <div style="background-image: url('https://cdn.spesati.com/images/products/missing-image/missing-image.jpg')">
            <div class="hover"></div>
            
            <div class="stickers"></div>
        </div>
    </a>
    <div>
        <h4><a href="https://www.spesati.com/expo-solari-nivea-banco-57pz-1"><b>Expo Solari Nivea Banco 57pz 1</b></a></h4>
        <p class="description">1 piece</p>
        <p class="right price"><b>606.38 €</b></p>
        <p class="right unitPrice">606.39 € per piece</p>
    </div>
    <div class="notAvailable">
    <a class="button bgDarkGrey white" href="https://www.spesati.com/expo-solari-nivea-banco-57pz-1">Not available</a>
</div>
</div><div class="left product prod82"
        data-name="Expo Solari Nivea Sun 120pz 1"
        data-price="1,332.84"
        data-id="60387"
        data-available="no"
        data-category="5821"
        data-bestselling="">
    <a href="https://www.spesati.com/expo-solari-nivea-sun-120pz-1">
        <div style="background-image: url('https://cdn.spesati.com/images/products/missing-image/missing-image.jpg')">
            <div class="hover"></div>
            
            <div class="stickers"></div>
        </div>
    </a>
    <div>
        <h4><a href="https://www.spesati.com/expo-solari-nivea-sun-120pz-1"><b>Expo Solari Nivea Sun 120pz 1</b></a></h4>
        <p class="description">1 piece</p>
        <p class="right price"><b>1,332.84 €</b></p>
        <p class="right unitPrice">1.22 € per piece</p>
    </div>
    <div class="notAvailable">
    <a class="button bgDarkGrey white" href="https://www.spesati.com/expo-solari-nivea-sun-120pz-1">Not available</a>
</div>
</div><div class="left product prod83"
        data-name="Expo Solari Ambr Sol Mini 36pz 1"
        data-price="223.25"
        data-id="60390"
        data-available="no"
        data-category="5821"
        data-bestselling="">
    <a href="https://www.spesati.com/expo-solari-ambr-sol-mini-36pz-1">
        <div style="background-image: url('https://cdn.spesati.com/images/products/missing-image/missing-image.jpg')">
            <div class="hover"></div>
            
            <div class="stickers"></div>
        </div>
    </a>
    <div>
        <h4><a href="https://www.spesati.com/expo-solari-ambr-sol-mini-36pz-1"><b>Expo Solari Ambr Sol Mini 36pz 1</b></a></h4>
        <p class="description">1 piece</p>
        <p class="right price"><b>223.25 €</b></p>
        <p class="right unitPrice">223.25 € per piece</p>
    </div>
    <div class="notAvailable">
    <a class="button bgDarkGrey white" href="https://www.spesati.com/expo-solari-ambr-sol-mini-36pz-1">Not available</a>
</div>
</div><div class="left product prod84"
        data-name="Expo Solari Ambr Solaire 72pz 1"
        data-price="1,021.40"
        data-id="60393"
        data-available="no"
        data-category="5821"
        data-bestselling="">
    <a href="https://www.spesati.com/expo-solari-ambr-solaire-72pz-1">
        <div style="background-image: url('https://cdn.spesati.com/images/products/missing-image/missing-image.jpg')">
            <div class="hover"></div>
            
            <div class="stickers"></div>
        </div>
    </a>
    <div>
        <h4><a href="https://www.spesati.com/expo-solari-ambr-solaire-72pz-1"><b>Expo Solari Ambr Solaire 72pz 1</b></a></h4>
        <p class="description">1 piece</p>
        <p class="right price"><b>1,021.40 €</b></p>
        <p class="right unitPrice">1,021.40 € per piece</p>
    </div>
    <div class="notAvailable">
    <a class="button bgDarkGrey white" href="https://www.spesati.com/expo-solari-ambr-solaire-72pz-1">Not available</a>
</div>
</div><div class="left product prod85"
        data-name="Expo Solari Bilboa 78pz 1"
        data-price="930.07"
        data-id="60396"
        data-available="no"
        data-category="5821"
        data-bestselling="">
    <a href="https://www.spesati.com/expo-solari-bilboa-78pz-1">
        <div style="background-image: url('https://cdn.spesati.com/images/products/missing-image/missing-image.jpg')">
            <div class="hover"></div>
            
            <div class="stickers"></div>
        </div>
    </a>
    <div>
        <h4><a href="https://www.spesati.com/expo-solari-bilboa-78pz-1"><b>Expo Solari Bilboa 78pz 1</b></a></h4>
        <p class="description">1 piece</p>
        <p class="right price"><b>930.07 €</b></p>
        <p class="right unitPrice">930.07 € per piece</p>
    </div>
    <div class="notAvailable">
    <a class="button bgDarkGrey white" href="https://www.spesati.com/expo-solari-bilboa-78pz-1">Not available</a>
</div>
</div><div class="left product prod86"
        data-name="Expo Solari Nivea 120 Pz"
        data-price="1,383.72"
        data-id="67866"
        data-available="no"
        data-category="5821"
        data-bestselling="">
    <a href="https://www.spesati.com/expo-solari-nivea-120-pz">
        <div style="background-image: url('https://cdn.spesati.com/images/products/missing-image/missing-image.jpg')">
            <div class="hover"></div>
            
            <div class="stickers"></div>
        </div>
    </a>
    <div>
        <h4><a href="https://www.spesati.com/expo-solari-nivea-120-pz"><b>Expo Solari Nivea 120 Pz</b></a></h4>
        <p class="description">1 piece</p>
        <p class="right price"><b>1,383.72 €</b></p>
        <p class="right unitPrice">1.22 € per piece</p>
    </div>
    <div class="notAvailable">
    <a class="button bgDarkGrey white" href="https://www.spesati.com/expo-solari-nivea-120-pz">Not available</a>
</div>
</div>        </div>
    </div>
</section>
<div class="footer">
    <div class="bgDarkGrey"></div>
    <footer>
        <div class="left bgDarkGrey">
            <a id="logoFooter" href="https://www.spesati.com/" class="estDynamic">
                <img src="http://cdn.spesati.com/images/layout/logo-eng.png" alt="Spesati.com" />
                <h2 class="red">Grocery Delivery</h2>
            </a>
            <a class="button bgRed white mobile" href="tel:390707968318">Phone order</a>
            <a class="button bgRed white desktop" href="https://www.spesati.com/news/2020-04-07/news-on-spesati-the-telephone-order-service-is-active">Phone order</a>
            <a class="button bgRed white" href="https://www.spesati.com/cdn-cgi/l/email-protection#e58c8b838aa59695809684918ccb868a88">Send mail</a>
            <div id="social">
                <a class="left" href="https://www.facebook.com/spesati/" rel="external" target="_blank">
                    <span class="facebook bgRed fa-stack fa-lg">
                        <i class="fa fa-facebook fa-stack-1x "></i>
                    </span>
                </a>
                <a class="right" href="https://twitter.com/spesati" rel="external" target="_blank">
                    <span class="twitter bgRed fa-stack fa-lg">
                        <i class="fa fa-twitter fa-stack-1x "></i>
                    </span>
                </a>
            </div>
            <p>Copyright 2024 Spesati.com </p>
            
                    <p>All rights reserved</p>
                    <p>SPESATI SRL</p>
                    <p>Corso Vittorio Veneto 15/I, 07026, Olbia</p>
                    <p>CF e P.Iva: 02772380909</p>
                        </div>
        <div class="center bgRed">
            <div class="top">
                <h3>Categories</h3>
                <div class="col">
                    <ul>
                        <li>
                            <a href="#" class="estDynamic">On sale</a>
                        </li>
                        <li>
                            <a href="https://www.spesati.com/fruit-and-vegetables" class="estDynamic">Fruit and vegetables</a>
                        </li>
                        <li>
                            <a href="https://www.spesati.com/fresh-products" class="estDynamic">Fresh products</a>
                        </li>
                        <li>
                            <a href="https://www.spesati.com/frozen-foods" class="estDynamic">Frozen foods</a>
                        </li>
                        <li>
                            <a href="https://www.spesati.com/bread-and-pasta" class="estDynamic">Bread and pasta</a>
                        </li>
                        <li>
                            <a href="https://www.spesati.com/meat" class="estDynamic">Meat</a>
                        </li>
                        <li>
                            <a href="https://www.spesati.com/fish" class="estDynamic">Fish</a>
                        </li>
                    </ul>
                </div>
                <div class="col">
                    <ul>
                        <li>
                            <a href="https://www.spesati.com/wine-beer-and-spirits" class="estDynamic">Wine beer and spirits</a>
                        </li>
                        <li>
                            <a href="https://www.spesati.com/water-and-drinks" class="estDynamic">Water and drinks</a>
                        </li>
                        <li>
                            <a href="https://www.spesati.com/sweets" class="estDynamic">Sweets</a>
                        </li>
                        <li>
                            <a href="https://www.spesati.com/shelf" class="estDynamic">Cupboard</a>
                        </li>
                        <li>
                            <a href="https://www.spesati.com/personal-care" class="estDynamic">Personal care</a>
                        </li>
                        <li>
                            <a href="https://www.spesati.com/household-and-outdoors" class="estDynamic">Home and outdoors</a>
                        </li>
                        <li>
                            <a href="https://www.spesati.com/pet" class="estDynamic">Pets</a>
                        </li>
                    </ul>
                </div>
                <div class="col">
                    <ul>
                        <li>
                            <a href="https://www.spesati.com/technology" class="estDynamic">Technology</a>
                        </li>
                        <li>
                            <a href="https://www.spesati.com/gluten-free" class="estDynamic">Gluten free</a>
                        </li>
                        <li>
                            <a href="https://www.spesati.com/lactose-free" class="estDynamic">Lactose free</a>
                        </li>
                        <li>
                            <a href="https://www.spesati.com/special" class="estDynamic">Special</a>
                        </li>
                        <li>
                            <a href="https://www.spesati.com/sardinian-products" class="estDynamic">Sardinian products</a>
                        </li>
                    </ul>
                </div>
            </div>
            <div class="bottom bgRed">
                <div class="left">
                    <h3>Delivery payment</h3>
                    <div>
                        <i class="fa fa-money fa-3x" aria-hidden="true"></i>
                        <p>Cash</p>
                    </div>
                    <div>
                        <i class="fa fa-credit-card fa-3x" aria-hidden="true"></i>
                        <p>Bancomat or card</p>
                    </div>
                </div>
                <div class="right">
                    <h3>Online payment</h3>
                    <div>
                        <i class="fa fa-credit-card fa-3x" aria-hidden="true"></i>
                        <p>Credit or debit card <span class="red">online</span></p>
                    </div>
                    <div>
                        <i class="fa fa-paypal fa-3x" aria-hidden="true"></i>
                        <p>PayPal</p>
                    </div>
                    <div>
                        <i class="fa fa-university fa-3x" aria-hidden="true"></i>
                        <p>Bank transfer</p>
                    </div>
                </div>
            </div>
        </div>
        <div class="right bgRed">
            <div>
                <i class="fa fa-truck fa-flip-horizontal"></i>
                <a class="button bgYellow white" href="https://www.spesati.com/delivery-prices">Delivery prices</a>
                
                    <h3>Home delivery:</h3>
                    <p><b>Monday to Saturday</b></p>
                    <p><b>9:00 to 20:00</b></p>
                    <p><b>Minimum order:</b> 29€</p>
                    <p><b>Delivery starting from:</b> 3,50€</p>
                            </div>
            <ul>
                <li>
                    <a href="https://www.spesati.com/delivery-prices">Delivery prices</a>
                </li>
                <li>
                    <a href="https://www.spesati.com/about">About</a>
                </li>
                <li>
                    <a href="https://www.spesati.com/faq">Faq</a>
                </li>
                <li>
                    <a href="https://www.spesati.com/customer-care">Support</a>
                </li>
                <li>
                    <a href="https://www.spesati.com/news">Blog</a>
                </li>
                <li>
                    <a href="https://www.spesati.com/terms-and-conditions">Conditions</a>
                </li>
                <li>
                    <a href="https://www.spesati.com/privacy-policy">Privacy policy</a>
                </li>
                <li>
                    <a href="https://www.spesati.com/legal-warranty">Legal guarantee</a>
                </li>
            </ul>
        </div>
    </footer>
    <div class="bgRed"></div>
</div>
<!--Start of Tawk.to Script-->
<script data-cfasync="false" src="https://www.spesati.com/cdn-cgi/scripts/5c5dd728/cloudflare-static/email-decode.min.js"></script><script type="text/javascript">
var Tawk_API=Tawk_API||{}, Tawk_LoadStart=new Date();
(function(){
var s1=document.createElement("script"),s0=document.getElementsByTagName("script")[0];
s1.async=true;
s1.src='https://embed.tawk.to/59e86945c28eca75e4626ed9/default';
s1.charset='UTF-8';
s1.setAttribute('crossorigin','*');
s0.parentNode.insertBefore(s1,s0);
})();
</script>
<!--End of Tawk.to Script-->

<!-- Here are parked a few translatable strings, useful for Javascript rendering -->
<div id="js-texts" hidden>
    <input type="hidden" name="save_cart_notice" value="Saving your cart it will be possible to reload it next time you come for shopping">
    <input type="hidden" name="save_cart_notice_title" value="Want to save your cart?">
    <input type="hidden" name="save_cart_ok" value="Save">
    <input type="hidden" name="save_cart_ko" value="Don't Save">
    <input type="hidden" name="reload_cart" value="The Reload Order function allows you to top up your last cart to make a New Order. Warning: do not use this function to add products to the last order. At this time it is not possible to modify an order placed previously.">
</div>

<!-- new site and login popup -->
</body>
<!-- Mirrored from www.spesati.com/personal-care/creams by HTTrack Website Copier/3.x [XR&CO'2014], Fri, 23 Feb 2024 18:50:11 GMT -->
</html>