<!DOCTYPE html><html lang="en">
<!-- Mirrored from www.spesati.com/personal-care/shampoo-and-conditioner by HTTrack Website Copier/3.x [XR&CO'2014], Fri, 23 Feb 2024 18:50:12 GMT -->
<!-- Added by HTTrack --><meta http-equiv="content-type" content="text/html;charset=utf-8" /><!-- /Added by HTTrack -->
<head>
    <title>Shampoo and conditioner - Personal care - Spesati.com</title>
    <meta http-equiv="Content-Type" content="text/html; charset=UTF-8" />
    <meta name="description" content="" />
    <meta name="keywords" content="" />
    <link href="https://www.spesati.com/images/favicon.ico" rel="shortcut icon" type="image/x-icon" />
    <meta name="author" content="www.dodify.com" /><link rel="canonical" href="https://www.spesati.com/personal-care/shampoo-and-conditioner" /><link rel="alternate" hreflang="en" href="https://www.spesati.com/personal-care/shampoo-and-conditioner" /><link rel="alternate" hreflang="it" href="https://www.spesati.it/cura-della-persona/shampoo-e-balsamo" /><link href="https://cdnjs.cloudflare.com/ajax/libs/meyer-reset/2.0/reset.min.css" rel="stylesheet" type="text/css" /><link href="https://cdnjs.cloudflare.com/ajax/libs/font-awesome/6.5.1/css/all.min.css" rel="stylesheet" type="text/css" /><link href="https://fonts.googleapis.com/css?family=Montserrat:400,700" rel="stylesheet" type="text/css" /><link href="http://cdnjs.cloudflare.com/ajax/libs/fancybox/2.1.5/jquery.fancybox.min.css" rel="stylesheet" type="text/css" /><link href="https://www.spesati.com/style/main.css?v=7" rel="stylesheet" type="text/css" /><link href="https://www.spesati.com/style/lightslider.css" rel="stylesheet" type="text/css" /><link href="https://www.spesati.com/style/categories.css" rel="stylesheet" type="text/css" /><script src="https://cdnjs.cloudflare.com/ajax/libs/jquery/3.6.1/jquery.min.js" type="text/javascript"></script><script src="http://ajax.googleapis.com/ajax/libs/jquery/1.11.0/jquery.min.js" type="text/javascript"></script><script src="http://unpkg.com/@floating-ui/core@0.4.0" type="text/javascript"></script><script src="http://unpkg.com/@floating-ui/dom@0.2.0" type="text/javascript"></script><script src="http://cdnjs.cloudflare.com/ajax/libs/fancybox/2.1.5/jquery.fancybox.min.js" type="text/javascript"></script><script src="https://www.spesati.com/js/menu.js" type="text/javascript"></script><script src="https://www.spesati.com/js/interface.js?v=10" type="text/javascript"></script><script src="https://www.spesati.com/js/spesati.lightslider.min.js" type="text/javascript"></script><meta name="viewport" content="width=device-width, initial-scale=1, maximum-scale=1" /><meta name = "format-detection" content = "telephone=no">
<!-- Facebook Pixel Code -->
<script>
  !function(f,b,e,v,n,t,s)
  {if(f.fbq)return;n=f.fbq=function(){n.callMethod?
  n.callMethod.apply(n,arguments):n.queue.push(arguments)};
  if(!f._fbq)f._fbq=n;n.push=n;n.loaded=!0;n.version='2.0';
  n.queue=[];t=b.createElement(e);t.async=!0;
  t.src=v;s=b.getElementsByTagName(e)[0];
  s.parentNode.insertBefore(t,s)}(window, document,'script',
  'https://connect.facebook.net/en_US/fbevents.js');
  fbq('init', '792335014180667');
  fbq('track', 'PageView');
</script>
<noscript>
    <img height="1" width="1" style="display:none" src="https://www.facebook.com/tr?id=792335014180667&amp;ev=PageView&amp;noscript=1" />
</noscript>
<!-- End Facebook Pixel Code -->

<!-- GA4 -->
<script async src="https://www.googletagmanager.com/gtag/js?id=G-SSS6NRNXL0"></script>
<script>
  window.dataLayer = window.dataLayer || [];
  function gtag(){dataLayer.push(arguments);}
  gtag('js', new Date());
  gtag('config', 'AW-976671669');
  gtag('config', 'G-SSS6NRNXL0');
</script>
<!-- Elements for PWA deploy -->
<link rel="manifest" href="https://www.spesati.com/manifest.json">
<meta name="theme-color" media="(prefers-color-scheme: light)" content="white">
<meta name="theme-color" media="(prefers-color-scheme: dark)"  content="black">
<link href=https://www.spesati.com/images/icon-192.png rel=apple-touch-icon sizes="192x192">
<!-- Establishment logic -->
<script>var pageEstablishment = "Olbia"; var estDefaultPages = true</script>
    <!--[if lt IE 9]>
        <script src="https://cdnjs.cloudflare.com/ajax/libs/html5shiv/3.7.3/html5shiv.min.js" type="text/javascript"></script>
    <![endif]--><script type="text/javascript">
$(document).ready(function() {
    // Check if exists cookie
    if(document.cookie.indexOf("cookieAccepted") < 0) {
        var cookieText = '<div id=\"cookie\"><p>This site uses cookies. Cookies are used for ads personalisation. <a href=\"/privacy-policy\">More info</a></p><button id=\"cookieConsent\" type=\"button\">Accept</button></div>';
        $("body").append($(
            cookieText
        ));
        $('#cookie').css({
            'width'           : '100%',
            'text-align'      : 'center',
            'color'           : '#FFFFFF',
            'background-color': '#000000', 
            'opacity'         : '.8', 
            'position'        : 'fixed', 
            'bottom'          : '0',
            'padding'         : '.5em 0',
            'z-index'         : '999'
        });
        $('#cookie > *').css({
            'display': 'inline'
        });
        $('#cookie a').css({
            'color'          : '#FFFFFF',
            'text-decoration': 'underline',
            'margin-right'   : '2%'
        });
        $('#cookieConsent').click(function() {
            // Set cookie
            var expiry = new Date();
            expiry.setTime(expiry.getTime() + (365 * 24 * 60 * 60 * 1000));
            document.cookie = "cookieAccepted=yes; expires=" + expiry.toGMTString() + "; path=/; domain=.spesati.com";
            $('#cookie').css({'display': 'none'});
        });
    }
});
</script></head><body><script type="text/javascript">
    var addText = "Add";
    var slider  = null;
    $(document).ready(function() {
        slider = $('#cartSlider').lightSlider({
            controls: false,
            item:13,
            loop:false,
            slideMove:1,
            easing: 'cubic-bezier(0.25, 0, 0.25, 1)',
            speed:600,
            responsive : [
                {
                    breakpoint:1400,
                    settings: {
                        item:12,
                        slideMove:1,
                    }
                },
                {
                    breakpoint:1200,
                    settings: {
                        item:11,
                        slideMove:1,
                    }
                },
                {
                    breakpoint:1080,
                    settings: {
                        item:14,
                        slideMove:1,
                    }
                },
                {
                    breakpoint:800,
                    settings: {
                        item:12,
                        slideMove:1,
                    }
                }
            ]
        });
        $('.lSPager').css("display","none");
        $('.lSAction').css("display","block");
        $('#goToPrevSlide').on('click', function () {
            slider.goToPrevSlide();
        });
        $('#goToNextSlide').on('click', function () {
            slider.goToNextSlide();
        });
    });

</script>
<div id="header" class="bgYellow">
    <header>
        <a class="menu" href="#"><i class="fa red fa-bars fa-2x"></i></a>
        <a id="logo" class="colLeft estDynamic" href="https://www.spesati.com/">
            <img src="http://cdn.spesati.com/images/layout/logo-eng.png" alt="Spesati.com" />
            <h2 class="red">Grocery Delivery</h2>
        </a>
        <div class="colRight">
            <div id="controls" class="right">
                <p id="establishmentControls">
                    <span class="establishmentWarning"><i class="fa-solid fa-triangle-exclamation red" title="Stai visualizzando i prodotti disponibili in una zona diversa. Se vuoi cambiare zona, cliccan qui"></i>&nbsp;&nbsp;</span>
                    Shopping from <b><a id="establishment" href="#"></a></b> <span id="estAddress">for </span> <a href="https://www.spesati.com/change-establishment">(<i class="fa-solid fa-pencil"></i> Change)</a> <span class="establishmentWarning">but viewing <b>Olbia</b></span>
                </p>
                <p><a href="https://www.spesati.it/cura-della-persona/shampoo-e-balsamo" class="black switch-site">Versione italiana</a></p>                
            </div>
            <div>
                <form id="search" action="https://www.spesati.com/search" method="post" class="left">
                    <fieldset>
                        <div>
                            <input type="text" name="searchBox" id="searchBox" placeholder="Search for a product"></input>
                            <input id="searchButton" type="submit" name="searchButton" class="button bgRed white left" value="Find" />
                        </div>
                    </fieldset>
                </form>
                <div class="center left">
                    <a class="button bgRed white log-in" href="https://www.spesati.com/login">Login</a>
                    <a class="button bgRed white sign-up" href="https://www.spesati.com/sign-up">Sign up</a>
                    <a class="button bgRed white profile" href="https://www.spesati.com/profile">Profile</a>
                    <a class="button bgRed white log-out" href="https://www.spesati.com/logout" data-endpoint-check-cart="https://api.spesati.com/cart/check">Logout</a>
                </div>
                <div class="right user-function-icons">
                    <a class="red left account"><i class="fa fa-user fa-3x"></i></a>
                    <div id="dropdown">
                        <a class="log-in button bgRed white" href="https://www.spesati.com/login">Login</a>
                        <a class="sign-up button bgRed white" href="https://www.spesati.com/sign-up">Sign up</a>
                        <a class="profile button bgRed white" href="https://www.spesati.com/profile">Profile</a>
                        <a class="log-out button bgRed white" href="https://www.spesati.com/logout">Logout</a>
                    </div>

                    <div class="cart left">
                        <i class="fa fa-sm fa-shopping-cart red" aria-hidden="true" id="shipping-cart-button"></i>
                        <p id="cartQuantity"></p>
                    </div>

                    <a class="right" href="https://www.spesati.com/cart"><p class="black" id="cartTotal"></p></a>
                </div>
            </div>
                            <div id="previewCart">
                    <i id="goToPrevSlide" class="yellow fa fa-angle-left fa-2x" aria-hidden="true"></i>
                    <div><ul id="cartSlider"></ul></div>
                    <i id="goToNextSlide" class="yellow fa fa-angle-right fa-2x" aria-hidden="true"></i>
                </div>
                    </div>
    </header>

    <div id="shipping-cart-options" data-inited="false">
        <a href="https://www.spesati.com/cart" class="goto-cart">checkout</a>
        <a href="#" data-endpoint-auth="https://api.spesati.com/cart/save" data-endpoint-noauth="/login" class="save-cart">save</a>
        <a href="#" data-endpoint-auth="https://api.spesati.com/cart/load" class="load-cart">load</a>
    </div>
</div>
<div id="menuCategoriesMobile" class="mobile bgRed">
    <div class="closeMenu">
        <i class="fa fa-times fa-2x white"></i>
        Close
    </div>
    <ul class="bgRed white">
        <div id="langMobile" class="right">
        <a href="https://www.spesati.it/cura-della-persona/shampoo-e-balsamo" class="white switch-site"><p>Versione italiana</p></a>    </div>
        <li><a>Categories</a>
            <ul class="bgWhite">
                <li>
                    <img src="http://cdn.spesati.com/images/menu/on-sale.png"/>
                    On sale                    <i class="fa fa-angle-down" aria-hidden="true"></i>
                    <ul class="sub-menu">
                    <li>
    <a href="https://www.spesati.com/tacchino-fesa-a-fette">Tacchino Fesa A Fette</a>
</li><li>
    <a href="https://www.spesati.com/amaro-montenegro-15lt">Amaro Montenegro 1,5lt</a>
</li><li>
    <a href="https://www.spesati.com/carbone-di-legna-sacco-10kg">Carbone Di Legna Sacco 10Kg</a>
</li><li>
    <a href="https://www.spesati.com/filu-e-ferru-silvio-carta-70cl">Filu E Ferru Silvio Carta 70Cl</a>
</li><li>
    <a href="https://www.spesati.com/braciole-suino-con-cotenna">Braciole Suino Con Cotenna</a>
</li><li>
    <a href="https://www.spesati.com/bovino-adulto-polpa">Bovino Adulto Polpa</a>
</li><li>
    <a href="https://www.spesati.com/vino-la-palma-cannonau-le-bombarde">Vino La Palma Cannonau Le Bombarde</a>
</li><li>
    <a href="https://www.spesati.com/fettine-sceltissime-bovino-adulto">Fettine Sceltissime Bovino Adulto</a>
</li><li>
    <a href="https://www.spesati.com/suino-fettine-scelte">Suino Fettine Scelte</a>
</li><li>
    <a href="https://www.spesati.com/lavazza-caffe-qualita-rossa-2x250gr">Lavazza Caffé Qualità Rossa 2x250gr</a>
</li>                        <li>
                            <a class="estDynamic" href="https://www.spesati.com/on-offer">All products on sale</a>
                        </li>
                    </ul>
                </li>
                <li>
                    <img src="http://cdn.spesati.com/images/menu/gift.png"/>
                    Gifts                    <i class="fa fa-angle-down" aria-hidden="true"></i>
                    <ul class="sub-menu">
                        <li>
    <a href="https://www.spesati.com/gift-card-da-150">Gift Card Da 150</a>
</li><li>
    <a href="https://www.spesati.com/gift-card-da-100">Gift Card Da 100</a>
</li><li>
    <a href="https://www.spesati.com/gift-card-da-50">Gift Card Da 50</a>
</li><li>
    <a href="https://www.spesati.com/gift-card-da-25">Gift Card Da 25</a>
</li>                        <li>
                            <a class="estDynamic" href="https://www.spesati.com/gift">All products in the gifts category</a>
                        </li>
                    </ul>
                </li>
                <li>
                    <img src="http://cdn.spesati.com/images/menu/gift-card.png"/>
                    Gift card and discounts                    <i class="fa fa-angle-down" aria-hidden="true"></i>
                    <ul class="sub-menu">
                        <li>
    <a href="https://www.spesati.com/gift-card-da-150">Gift Card Da 150</a>
</li><li>
    <a href="https://www.spesati.com/gift-card-da-100">Gift Card Da 100</a>
</li><li>
    <a href="https://www.spesati.com/gift-card-da-50">Gift Card Da 50</a>
</li><li>
    <a href="https://www.spesati.com/gift-card-da-25">Gift Card Da 25</a>
</li>                    </ul>
                </li>
                <li>
                    <img src="http://cdn.spesati.com/images/menu/fuit-and-vegetables.png"/>
                    Fruit and vegetables                    <i class="fa fa-angle-down" aria-hidden="true"></i>
                    <ul class="sub-menu">
                        <li>
                            <a class="estDynamic" href="https://www.spesati.com/fruit-and-vegetables/pulses-and-beans">Cereals and pulses and beans</a>
                        </li>
                        <li>
                            <a class="estDynamic" href="https://www.spesati.com/fruit-and-vegetables/fruit">Fruit</a>
                        </li>
                        <li>
                            <a class="estDynamic" href="https://www.spesati.com/fruit-and-vegetables/canned-fruit">Canned fruit</a>
                        </li>
                        <li>
                            <a class="estDynamic" href="https://www.spesati.com/fruit-and-vegetables/dried-fruit">Dried fruit</a>
                        </li>
                        <li>
                            <a class="estDynamic" href="https://www.spesati.com/fruit-and-vegetables/ready-salads">Ready salads</a>
                        </li>
                        <li>
                            <a class="estDynamic" href="https://www.spesati.com/fruit-and-vegetables/fresh-spices">Fresh spices</a>
                        </li>
                        <li>
                            <a class="estDynamic" href="https://www.spesati.com/fruit-and-vegetables/vegetables">Vegetables and soy</a>
                        </li>
                    </ul>
                </li>
                <li>
                    <img src="http://cdn.spesati.com/images/menu/fresh-products.png"/>
                    Fresh products                    <i class="fa fa-angle-down" aria-hidden="true"></i>
                    <ul class="sub-menu">
                        <li>
                            <a class="estDynamic" href="https://www.spesati.com/fresh-products/margarine-and-butter">Butter and margarine</a>
                        </li>
                        <li>
                            <a class="estDynamic" href="https://www.spesati.com/fresh-products/danone">Danone</a>
                        </li>
                        <li>
                            <a class="estDynamic" href="https://www.spesati.com/fresh-products/dessert">Dessert</a>
                        </li>
                        <li>
                            <a class="estDynamic" href="https://www.spesati.com/fresh-products/sweets">Sweets</a>
                        </li>
                        <li>
                            <a class="estDynamic" href="https://www.spesati.com/fresh-products/dairy-products">Dairy product</a>
                        </li>
                        <li>
                            <a class="estDynamic" href="https://www.spesati.com/fresh-products/bakery">Yeast</a>
                        </li>
                        <li>
                            <a class="estDynamic" href="https://www.spesati.com/fresh-products/mascarpone">Mascarpone</a>
                        </li>
                        <li>
                            <a class="estDynamic" href="https://www.spesati.com/fresh-products/snacks">Snacks</a>
                        </li>
                        <li>
                            <a class="estDynamic" href="https://www.spesati.com/fresh-products/mozzarella">Mozzarella</a>
                        </li>
                        <li>
                            <a class="estDynamic" href="https://www.spesati.com/fresh-products/pasta">Pasta</a>
                        </li>
                        <li>
                            <a class="estDynamic" href="https://www.spesati.com/fresh-products/pesto-and-sauces">Pesto and sauces</a>
                        </li>
                        <li>
                            <a class="estDynamic" href="https://www.spesati.com/fresh-products/ricotta-and-cheese">Ricotta and cheese</a>
                        </li>
                        <li>
                            <a class="estDynamic" href="https://www.spesati.com/fresh-products/cured-meat">Cured meat</a>
                        </li>
                        <li>
                            <a class="estDynamic" href="https://www.spesati.com/fresh-products/wurstel">Würstel</a>
                        </li>
                        <li>
                            <a class="estDynamic" href="https://www.spesati.com/fresh-products/yogurt">Yogurt</a>
                        </li>
                    </ul>
                </li>
                <li>
                    <img src="http://cdn.spesati.com/images/menu/frozen-foods.png"/>
                    Frozen foods                    <i class="fa fa-angle-down" aria-hidden="true"></i>
                    <ul class="sub-menu">
                        <li>
                            <a class="estDynamic" href="https://www.spesati.com/frozen-foods/meat">Meat</a>
                        </li>
                        <li>
                            <a class="estDynamic" href="https://www.spesati.com/frozen-foods/ice-creams">Ice cream and sweet</a>
                        </li>
                        <li>
                            <a class="estDynamic" href="https://www.spesati.com/frozen-foods/pasta">Pasta</a>
                        </li>
                        <li>
                            <a class="estDynamic" href="https://www.spesati.com/frozen-foods/fish">Fish</a>
                        </li>
                        <li>
                            <a class="estDynamic" href="https://www.spesati.com/frozen-foods/ready-meals">Ready meals</a>
                        </li>
                        <li>
                            <a class="estDynamic" href="https://www.spesati.com/frozen-foods/pizzas">Pizzas</a>
                        </li>
                        <li>
                            <a class="estDynamic" href="https://www.spesati.com/frozen-foods/vegetables">Vegetables and soy</a>
                        </li>
                    </ul>
                </li>
                <li>
                    <img src="http://cdn.spesati.com/images/menu/bread-and-pasta.png"/>
                    Bread and pasta                    <i class="fa fa-angle-down" aria-hidden="true"></i>
                    <ul class="sub-menu">
                        <li>
                            <a class="estDynamic" href="https://www.spesati.com/bread-and-pasta/crackers">Crackers</a>
                        </li>
                        <li>
                            <a class="estDynamic" href="https://www.spesati.com/bread-and-pasta/rusks">Rusks</a>
                        </li>
                        <li>
                            <a class="estDynamic" href="https://www.spesati.com/bread-and-pasta/white-bread">White bread</a>
                        </li>
                        <li>
                            <a class="estDynamic" href="https://www.spesati.com/bread-and-pasta/local-bread">Local bread</a>
                        </li>
                        <li>
                            <a class="estDynamic" href="https://www.spesati.com/bread-and-pasta/soft-bread">Soft bread</a>
                        </li>
                        <li>
                            <a class="estDynamic" href="https://www.spesati.com/bread-and-pasta/sardinian-bread">Sardinian bread</a>
                        </li>
                        <li>
                            <a class="estDynamic" href="https://www.spesati.com/bread-and-pasta/bakery">Bakery</a>
                        </li>
                        <li>
                            <a class="estDynamic" href="https://www.spesati.com/bread-and-pasta/pasta">Pasta</a>
                        </li>
                        <li>
                            <a class="estDynamic" href="https://www.spesati.com/bread-and-pasta/fresh-pasta">Fresh pasta</a>
                        </li>
                    </ul>
                </li>
                <li>
                    <img src="http://cdn.spesati.com/images/menu/meat.png"/>
                    Meat                    <i class="fa fa-angle-down" aria-hidden="true"></i>
                    <ul class="sub-menu">
                        <li>
                            <a class="estDynamic" href="https://www.spesati.com/meat/beef">Beef</a>
                        </li>
                        <li>
                            <a class="estDynamic" href="https://www.spesati.com/meat/goat">Goat</a>
                        </li>
                        <li>
                            <a class="estDynamic" href="https://www.spesati.com/meat/packaged-meat">Packaged meat</a>
                        </li>
                        <li>
                            <a class="estDynamic" href="https://www.spesati.com/meat/rabbit">Rabbit</a>
                        </li>
                        <li>
                            <a class="estDynamic" href="https://www.spesati.com/meat/horse">Horse</a>
                        </li>
                        <li>
                            <a class="estDynamic" href="https://www.spesati.com/meat/pork">Pork</a>
                        </li>
                        <li>
                            <a class="estDynamic" href="https://www.spesati.com/meat/lamb">Lamb</a>
                        </li>
                        <li>
                            <a class="estDynamic" href="https://www.spesati.com/meat/poultry">Poultry</a>
                        </li>
                    </ul>
                </li>
                <li>
                    <img src="http://cdn.spesati.com/images/menu/fish.png"/>
                    Fish                    <i class="fa fa-angle-down" aria-hidden="true"></i>
                    <ul class="sub-menu">
                        <li>
                            <a class="estDynamic" href="https://www.spesati.com/fish/fresh-water">Fresh water</a>
                        </li>
                        <li>
                            <a class="estDynamic" href="https://www.spesati.com/fish/salt-water">Salt water</a>
                        </li>
                        <li>
                            <a class="estDynamic" href="https://www.spesati.com/fish/mussels">Mussels</a>
                        </li>
                        <li>
                            <a class="estDynamic" href="https://www.spesati.com/fish/dried-and-salted">Dried and salted</a>
                        </li>
                        <li>
                            <a class="estDynamic" href="https://www.spesati.com/fish/seafood-salad">Seafood salad</a>
                        </li>
                        <li>
                            <a class="estDynamic" href="https://www.spesati.com/fish/prepared">Prepared</a>
                        </li>
                        <li>
                            <a class="estDynamic" href="https://www.spesati.com/fish/specialty">Specialty</a>
                        </li>   
                        <li>
                            <a class="estDynamic" href="https://www.spesati.com/fish/tuna-and-salmon">Tuna and salmon</a>
                        </li>
                    </ul>
                </li>
                <li>
                    <img src="http://cdn.spesati.com/images/menu/alcohol.png"/>
                    Wine beer and spirits                    <i class="fa fa-angle-down" aria-hidden="true"></i>
                    <ul class="sub-menu">
                        <li>
                            <a class="estDynamic" href="https://www.spesati.com/wine-beer-and-spirits/spirits-and-liquors">Alcohol</a>
                        </li>
                        <li>
                            <a class="estDynamic" href="https://www.spesati.com/wine-beer-and-spirits/bitters">Bitters</a>
                        </li>
                        <li>
                            <a class="estDynamic" href="https://www.spesati.com/wine-beer-and-spirits/aperatif">Aperatifs</a>
                        </li>
                        <li>
                            <a class="estDynamic" href="https://www.spesati.com/wine-beer-and-spirits/beer">Beer</a>
                        </li>
                        <li>
                            <a class="estDynamic" href="https://www.spesati.com/wine-beer-and-spirits/creams">Creams</a>
                        </li>
                        <li>
                            <a class="estDynamic" href="https://www.spesati.com/wine-beer-and-spirits/spirits">Spirits</a>
                        </li>
                        <li>
                            <a class="estDynamic" href="https://www.spesati.com/wine-beer-and-spirits/liquors">Liquors</a>
                        </li>
                        <li>
                            <a class="estDynamic" href="https://www.spesati.com/wine-beer-and-spirits/white-wine">White wine</a>
                        </li>
                        <li>
                            <a class="estDynamic" href="https://www.spesati.com/wine-beer-and-spirits/prosecco-wine">Prosecco wine</a>
                        </li>
                        <li>
                            <a class="estDynamic" href="https://www.spesati.com/wine-beer-and-spirits/rose-wine">Rose wine</a>
                        </li>
                        <li>
                            <a class="estDynamic" href="https://www.spesati.com/wine-beer-and-spirits/red-wine">Red wine</a>
                        </li>
                        <li>
                            <a class="estDynamic" href="https://www.spesati.com/wine-beer-and-spirits/specialty-wine">Special wine</a>
                        </li>
                        <li>
                            <a class="estDynamic" href="https://www.spesati.com/wine-beer-and-spirits/sparkling-wine">Sparkling wine</a>
                        </li>
                        <li>
                            <a class="estDynamic" href="https://www.spesati.com/wine-beer-and-spirits/vermentino-wine">Vermentino wine</a>
                        </li>
                    </ul>
                </li>
                <li>
                    <img src="http://cdn.spesati.com/images/menu/water-and-drinks.png"/>
                    Water and drinks                    <i class="fa fa-angle-down" aria-hidden="true"></i>
                    <ul class="sub-menu">
                        <li>
                            <a class="estDynamic" href="https://www.spesati.com/water-and-drinks/san-martino">San Martino</a>
                        </li>
                        <li>
                            <a class="estDynamic" href="https://www.spesati.com/water-and-drinks/water">Water</a>
                        </li>
                        <li>
                            <a class="estDynamic" href="https://www.spesati.com/water-and-drinks/alpro">Alpro</a>
                        </li>
                        <li>
                            <a class="estDynamic" href="https://www.spesati.com/water-and-drinks/fizzy-drinks">Fizzy drinks</a>
                        </li>
                        <li>
                            <a class="estDynamic" href="https://www.spesati.com/water-and-drinks/coca-cola">Coca-Cola</a>
                        </li>
                        <li>
                            <a class="estDynamic" href="https://www.spesati.com/water-and-drinks/energy-drink">Energy drink</a>
                        </li>
                        <li>
                            <a class="estDynamic" href="https://www.spesati.com/water-and-drinks/syrups">Syrups</a>
                        </li>
                        <li>
                            <a class="estDynamic" href="https://www.spesati.com/water-and-drinks/supplements">Supplements</a>
                        </li>
                        <li>
                            <a class="estDynamic" href="https://www.spesati.com/water-and-drinks/instant-drinks">Instant drinks</a>
                        </li>
                        <li>
                            <a class="estDynamic" href="https://www.spesati.com/water-and-drinks/juice">Juice</a>
                        </li>
                        <li>
                            <a class="estDynamic" href="https://www.spesati.com/water-and-drinks/tea">Tea</a>
                        </li>
                    </ul>
                </li>
                <li>
                    <img src="http://cdn.spesati.com/images/menu/sweets.png"/>
                    Sweets                    <i class="fa fa-angle-down" aria-hidden="true"></i>
                    <ul class="sub-menu">
                        <li>
                            <a class="estDynamic" href="https://www.spesati.com/sweets/bars-and-snacks">Bars and snacks</a>
                        </li>
                        <li>
                            <a class="estDynamic" href="https://www.spesati.com/sweets/biscuits">Biscuits</a>
                        </li>
                        <li>
                            <a class="estDynamic" href="https://www.spesati.com/sweets/brioches">Brioches</a>
                        </li>
                        <li>
                            <a class="estDynamic" href="https://www.spesati.com/sweets/candy-and-chewing-gum">Candy and chewing gum</a>
                        </li>
                        <li>
                            <a class="estDynamic" href="https://www.spesati.com/sweets/cereals">Cereals</a>
                        </li>
                        <li>
                            <a class="estDynamic" href="https://www.spesati.com/sweets/chocolate">Chocolate</a>
                        </li>
                        <li>
                            <a class="estDynamic" href="https://www.spesati.com/sweets/spreadable-creams">Spreads</a>
                        </li>
                        <li>
                            <a class="estDynamic" href="https://www.spesati.com/sweets/dessert-toppings">Dessert toppings</a>
                        </li>
                        <li>
                            <a class="estDynamic" href="https://www.spesati.com/sweets/jam">Jam</a>
                        </li>
                        <li>
                            <a class="estDynamic" href="https://www.spesati.com/sweets/honey">Honey</a>
                        </li>
                        <li>
                            <a class="estDynamic" href="https://www.spesati.com/sweets/panettoni-and-pandoro">Panettone and pandoro</a>
                        </li>
                        <li>
                            <a class="estDynamic" href="https://www.spesati.com/sweets/pastry">Pastry</a>
                        </li>
                        <li>
                            <a class="estDynamic" href="https://www.spesati.com/sweets/instant-dessert">Prepared</a>
                        </li>
                        <li>
                            <a class="estDynamic" href="https://www.spesati.com/sweets/cakes-and-pies">Cakes and pies</a>
                        </li>
                        <li>
                            <a class="estDynamic" href="https://www.spesati.com/sweets/easter-eggs-and-doves">Easter eggs and doves</a>
                        </li>
                    </ul>
                </li>
                <li>
                    <img src="http://cdn.spesati.com/images/menu/shelf.png"/>
                    Cupboard                    <i class="fa fa-angle-down" aria-hidden="true"></i>
                    <ul class="sub-menu">
                        <li>
                            <a class="estDynamic" href="https://www.spesati.com/shelf/coffee">Coffee</a>
                        </li>
                        <li>
                            <a class="estDynamic" href="https://www.spesati.com/shelf/gift-baskets">Gift baskets</a>
                        </li>
                        <li>
                            <a class="estDynamic" href="https://www.spesati.com/shelf/stock-cubes">Nuts and preparations</a>
                        </li>
                        <li>
                            <a class="estDynamic" href="https://www.spesati.com/shelf/flour-and-baking">Flour and baking</a>
                        </li>
                        <li>
                            <a class="estDynamic" href="https://www.spesati.com/shelf/milk">Milk</a>
                        </li>
                        <li>
                            <a class="estDynamic" href="https://www.spesati.com/shelf/oil-salt-vinegar">Oil, vinegar and salt</a>
                        </li>
                        <li>
                            <a class="estDynamic" href="https://www.spesati.com/shelf/cream-and-bechamel">Cream and bechamel</a>
                        </li>
                        <li>
                            <a class="estDynamic" href="https://www.spesati.com/shelf/crisps-and-pretzels">Crisps and pretzels</a>
                        </li>
                        <li>
                            <a class="estDynamic" href="https://www.spesati.com/shelf/baby-and-infants-products">Early childhood products</a>
                        </li>
                        <li>
                            <a class="estDynamic" href="https://www.spesati.com/shelf/rice">Rice</a>
                        </li>
                        <li>
                            <a class="estDynamic" href="https://www.spesati.com/shelf/tins-and-preserves">Tins and Preserves</a>
                        </li>
                        <li>
                            <a class="estDynamic" href="https://www.spesati.com/shelf/spices">Spices</a>
                        </li>
                        <li>
                            <a class="estDynamic" href="https://www.spesati.com/shelf/sauces">Sauces</a>
                        </li>
                        <li>
                            <a class="estDynamic" href="https://www.spesati.com/shelf/tea-and-infusions">Tea and infusions</a>
                        </li>
                        <li>
                            <a class="estDynamic" href="https://www.spesati.com/shelf/eggs">Eggs</a>
                        </li>
                        <li>
                            <a class="estDynamic" href="https://www.spesati.com/shelf/sugar-and-sweeteners">Sugar and sweeteners</a>
                        </li>
                    </ul>
                </li>
                <li>
                    <img src="http://cdn.spesati.com/images/menu/personal-care.png"/>
                    Personal care                    <i class="fa fa-angle-down" aria-hidden="true"></i>
                    <ul class="sub-menu">
                        <li>
                            <a class="estDynamic" href="https://www.spesati.com/personal-care/accessories-and-cotton">Accessories and cotton</a>
                        </li>
                        <li>
                            <a class="estDynamic" href="https://www.spesati.com/personal-care/feminine-care-incontinence-and-baby-diapers">Feminine incontinence and diapers</a>
                        </li>
                        <li>
                            <a class="estDynamic" href="https://www.spesati.com/personal-care/shower-gel">Shower gel</a>
                        </li>
                        <li>
                            <a class="estDynamic" href="https://www.spesati.com/personal-care/creams">Creams</a>
                        </li>
                        <li>
                            <a class="estDynamic" href="https://www.spesati.com/personal-care/deodorant">Deodorant</a>
                        </li>
                        <li>
                            <a class="estDynamic" href="https://www.spesati.com/personal-care/hair-removal">Hair removal</a>
                        </li>
                        <li>
                            <a class="estDynamic" href="https://www.spesati.com/personal-care/disinfectants">Disinfectants</a>
                        </li>
                        <li>
                            <a class="estDynamic" href="https://www.spesati.com/personal-care/oral-hygiene">Oral hygiene</a>
                        </li>
                        <li>
                            <a class="estDynamic" href="https://www.spesati.com/personal-care/supplements-and-multivitamins">Supplements and multivitamins</a>
                        </li>
                        <li>
                            <a class="estDynamic" href="https://www.spesati.com/personal-care/first-aid">First aid label</a>
                        </li>
                        <li>
                            <a class="estDynamic" href="https://www.spesati.com/personal-care/beard-products">Beard products</a>
                        </li>
                        <li>
                            <a class="estDynamic" href="https://www.spesati.com/personal-care/hairs-products">Hair products</a>
                        </li>
                        <li>
                            <a class="estDynamic" href="https://www.spesati.com/personal-care/perfume">Perfumes</a>
                        </li>
                        <li>
                            <a class="estDynamic" href="https://www.spesati.com/personal-care/wipes">Wipes</a>
                        </li>
                        <li>
                            <a class="estDynamic" href="https://www.spesati.com/personal-care/soaps-and-body-wash">Soaps and body wash</a>
                        </li>
                        <li>
                            <a class="estDynamic" href="https://www.spesati.com/personal-care/shampoo-and-conditioner">Shampoo and conditioner</a>
                        </li>
                    </ul>
                </li>
                <li>
                    <img src="http://cdn.spesati.com/images/menu/pellet-and-home.png"/>
                    Home and outdoors                    <i class="fa fa-angle-down" aria-hidden="true"></i>
                    <ul class="sub-menu">
                        <li>
                            <a class="estDynamic" href="https://www.spesati.com/household-and-outdoors/distilled-water">Distilled water</a>
                        </li>
                        <li>
                            <a class="estDynamic" href="https://www.spesati.com/household-and-outdoors/car-products">Cars</a>
                        </li>
                        <li>
                            <a class="estDynamic" href="https://www.spesati.com/household-and-outdoors/bin-bags-and-buckets">Bin bags and buckets</a>
                        </li>
                        <li>
                            <a class="estDynamic" href="https://www.spesati.com/household-and-outdoors/bleach-and-stain-removers">Bleach and stain removers</a>
                        </li>
                        <li>
                            <a class="estDynamic" href="https://www.spesati.com/household-and-outdoors/candles">Candles</a>
                        </li>
                        <li>
                            <a class="estDynamic" href="https://www.spesati.com/household-and-outdoors/kitchen-roll">Kitchen roll</a>
                        </li>
                        <li>
                            <a class="estDynamic" href="https://www.spesati.com/household-and-outdoors/air-fresheners">Air fresheners</a>
                        </li>
                        <li>
                            <a class="estDynamic" href="https://www.spesati.com/household-and-outdoors/laundry-accessories-and-detergent">Laundry detergent</a>
                        </li>
                        <li>
                            <a class="estDynamic" href="https://www.spesati.com/household-and-outdoors/dishwasher-and-washing-up">Dishwasher and washing up</a>
                        </li>
                        <li>
                            <a class="estDynamic" href="https://www.spesati.com/household-and-outdoors/gardening">Gardening</a>
                        </li>
                        <li>
                            <a class="estDynamic" href="https://www.spesati.com/household-and-outdoors/light-bulbs-and-batteries">Lightbulbs and batteries</a>
                        </li>
                        <li>
                            <a class="estDynamic" href="https://www.spesati.com/household-and-outdoors/pellet-and-bbq">Pellet and BBQ</a>
                        </li>
                        <li>
                            <a class="estDynamic" href="https://www.spesati.com/household-and-outdoors/bathroom-products">Bathroom products</a>
                        </li>
                        <li>
                            <a class="estDynamic" href="https://www.spesati.com/household-and-outdoors/home-and-furniture-products">Home and furniture products</a>
                        </li>
                        <li>
                            <a class="estDynamic" href="https://www.spesati.com/household-and-outdoors/kitchen-products">Kitchen products</a>
                        </li>
                        <li>
                            <a class="estDynamic" href="https://www.spesati.com/household-and-outdoors/window-and-floor-cleaners">Window and floor cleaner</a>
                        </li>
                        <li>
                            <a class="estDynamic" href="https://www.spesati.com/household-and-outdoors/repellents">Repellents</a>
                        </li>
                        <li>
                            <a class="estDynamic" href="https://www.spesati.com/household-and-outdoors/disposable-tableware">Disposable tableware</a>
                        </li>
                    </ul>
                </li>
                <li>
                    <img src="http://cdn.spesati.com/images/menu/animals.png"/>
                    Pets                    <i class="fa fa-angle-down" aria-hidden="true"></i>
                    <ul class="sub-menu">
                        <li>
                            <a class="estDynamic" href="https://www.spesati.com/pets/pet-food-other-animals">Other animals pet food</a>
                        </li>
                        <li>
                            <a class="estDynamic" href="https://www.spesati.com/pets/pet-food-dogs">Pet food dogs</a>
                        </li>
                        <li>
                            <a class="estDynamic" href="https://www.spesati.com/pets/pet-food-cats">Pet food cats</a>
                        </li>
                        <li>
                            <a class="estDynamic" href="https://www.spesati.com/pets/hygiene-and-cleaning">Hygiene and cleaning</a>
                        </li>
                    </ul>
                </li>
                <li>
                    <img src="http://cdn.spesati.com/images/menu/technology.png"/>
                    Technology                    <i class="fa fa-angle-down" aria-hidden="true"></i>
                    <ul class="sub-menu">
                        <li>
                            <a class="estDynamic" href="https://www.spesati.com/technology/accessories">Accessories</a>
                        </li>
                        <li>
                            <a class="estDynamic" href="https://www.spesati.com/technology/computer">Computer</a>
                        </li>
                        <li>
                            <a class="estDynamic" href="https://www.spesati.com/technology/telephones">Telephones</a>
                        </li>
                        <li>
                            <a class="estDynamic" href="https://www.spesati.com/technology/tv">TV</a>
                        </li>
                    </ul>
                </li>
                <li>
                    <img src="http://cdn.spesati.com/images/menu/gluten-free.png"/>
                    Gluten free                    <i class="fa fa-angle-down" aria-hidden="true"></i>
                    <ul class="sub-menu">
                        <li>
                            <a class="estDynamic" href="https://www.spesati.com/gluten-free/frozen-foods">Frozen foods</a>
                        </li>
                        <li>
                            <a class="estDynamic" href="https://www.spesati.com/gluten-free/beer">Beer</a>
                        </li>
                        <li>
                            <a class="estDynamic" href="https://www.spesati.com/gluten-free/sweets">Sweets</a>
                        </li>
                        <li>
                            <a class="estDynamic" href="https://www.spesati.com/gluten-free/bread-and-pasta">Bread and pasta</a>
                        </li>
                        <li>
                            <a class="estDynamic" href="https://www.spesati.com/gluten-free/shelf">Cupboard</a>
                        </li>
                    </ul>
                </li>
                <li>
                    <img src="http://cdn.spesati.com/images/menu/lactose-free.png"/>
                    Lactose free                    <i class="fa fa-angle-down" aria-hidden="true"></i>
                    <ul class="sub-menu">
                        <li>
                            <a class="estDynamic" href="https://www.spesati.com/lactose-free/frozen-foods">Frozen foods</a>
                        </li>
                        <li>
                            <a class="estDynamic" href="https://www.spesati.com/lactose-free/sweets">Sweets</a>
                        </li>
                        <li>
                            <a class="estDynamic" href="https://www.spesati.com/lactose-free/dairy-product">Dairy product</a>
                        </li>
                        <li>
                            <a class="estDynamic" href="https://www.spesati.com/lactose-free/shelf">Cupboard</a>
                        </li>
                    </ul>
                </li>
                <li>
                    <img src="http://cdn.spesati.com/images/menu/special.png"/>
                    Special                    <i class="fa fa-angle-down" aria-hidden="true"></i>
                    <ul class="sub-menu">
                        <li>
                            <a class="estDynamic" href="https://www.spesati.com/special/alpro">Alpro</a>
                        </li>
                        <li>
                            <a class="estDynamic" href="https://www.spesati.com/special/organic">Biological</a>
                        </li>
                        <li>
                            <a class="estDynamic" href="https://www.spesati.com/special/meat">Meat</a>
                        </li>
                        <li>
                            <a class="estDynamic" href="https://www.spesati.com/special/wholegrain">Wholegrain</a>
                        </li>
                        <li>
                            <a class="estDynamic" href="https://www.spesati.com/special/bread-and-pasta">Bread and pasta</a>
                        </li>
                        <li>
                            <a class="estDynamic" href="https://www.spesati.com/special/vegan">Vegan</a>
                        </li>
                    </ul>
                </li>
                <li>
                    <img src="http://cdn.spesati.com/images/menu/sardinian-products.png"/>
                    Sardinian products                    <i class="fa fa-angle-down" aria-hidden="true"></i>
                    <ul class="sub-menu">
                        <li>
                            <a class="estDynamic" href="https://www.spesati.com/sardinian-products/drinks">Drinks</a>
                        </li>
                        <li>
                            <a class="estDynamic" href="https://www.spesati.com/sardinian-products/meat">Meat</a>
                        </li>
                        <li>
                            <a class="estDynamic" href="https://www.spesati.com/sardinian-products/sweets">Sweets</a>
                        </li>
                        <li>
                            <a class="estDynamic" href="https://www.spesati.com/sardinian-products/fruit-and-vegetables">Fruit and vegetables</a>
                        </li>
                        <li>
                            <a class="estDynamic" href="https://www.spesati.com/sardinian-products/ichnusa">Ichnusa</a>
                        </li>
                        <li>
                            <a class="estDynamic" href="https://www.spesati.com/sardinian-products/dairy-product">Dairy product</a>
                        </li>
                        <li>
                            <a class="estDynamic" href="https://www.spesati.com/sardinian-products/bread-and-pasta">Bread and pasta</a>
                        </li>
                        <li>
                            <a class="estDynamic" href="https://www.spesati.com/sardinian-products/fish">Fish</a>
                        </li>
                        <li>
                            <a class="estDynamic" href="https://www.spesati.com/sardinian-products/cured-meat">Cured meat</a>
                        </li>
                        <li>
                            <a class="estDynamic" href="https://www.spesati.com/sardinian-products/shelf">Cupboard</a>
                        </li>
                        <li>
                            <a class="estDynamic" href="https://www.spesati.com/sardinian-products/vermentino-wine">Vermentino wine</a>
                        </li>
                        <li>
                            <a class="estDynamic" href="https://www.spesati.com/sardinian-products/wine-beer-and-spirits">Wine beer and spirits</a>
                        </li>
                    </ul>
                </li>
            </ul>
        </li>
        <li>
            <a href="https://www.spesati.com/about">About</a>
        </li>
        <li>
            <a href="https://www.spesati.com/faq">Faq</a>
        </li>
        <li>
            <a href="https://www.spesati.com/customer-care">Support</a>
        </li>
        <li>
            <a href="https://www.spesati.com/news">Blog</a>
        </li>
        <li>
            <a href="https://www.spesati.com/terms-and-conditions">Conditions</a>
        </li>
        <li>
            <a href="https://www.spesati.com/privacy-policy">Privacy policy</a>
        </li>
        <li>
            <a href="https://www.spesati.com/login">Login</a>
        </li>
        <li>
             <a href="https://www.spesati.com/sign-up">Sign up</a>
        </li>
    </ul>
</div><section class="first">
    <div id="menuCategories" class="colLeft">
    <ul id="main_nav" >
        <li>
            <a class="estDynamic" href="https://www.spesati.com/on-offer">
               <img src="http://cdn.spesati.com/images/menu/on-sale.png"/>
               On sale            </a>
            <i class="fa fa-angle-right" aria-hidden="true"></i>
            <ul class="sub-menu">
                <li>
    <a href="https://www.spesati.com/tacchino-fesa-a-fette" class="estDynamic">Tacchino Fesa A Fette</a>
</li><li>
    <a href="https://www.spesati.com/amaro-montenegro-15lt" class="estDynamic">Amaro Montenegro 1,5lt</a>
</li><li>
    <a href="https://www.spesati.com/carbone-di-legna-sacco-10kg" class="estDynamic">Carbone Di Legna Sacco 10Kg</a>
</li><li>
    <a href="https://www.spesati.com/filu-e-ferru-silvio-carta-70cl" class="estDynamic">Filu E Ferru Silvio Carta 70Cl</a>
</li><li>
    <a href="https://www.spesati.com/braciole-suino-con-cotenna" class="estDynamic">Braciole Suino Con Cotenna</a>
</li><li>
    <a href="https://www.spesati.com/bovino-adulto-polpa" class="estDynamic">Bovino Adulto Polpa</a>
</li><li>
    <a href="https://www.spesati.com/vino-la-palma-cannonau-le-bombarde" class="estDynamic">Vino La Palma Cannonau Le Bombarde</a>
</li><li>
    <a href="https://www.spesati.com/fettine-sceltissime-bovino-adulto" class="estDynamic">Fettine Sceltissime Bovino Adulto</a>
</li><li>
    <a href="https://www.spesati.com/suino-fettine-scelte" class="estDynamic">Suino Fettine Scelte</a>
</li><li>
    <a href="https://www.spesati.com/lavazza-caffe-qualita-rossa-2x250gr" class="estDynamic">Lavazza Caffé Qualità Rossa 2x250gr</a>
</li>                <li>
                    <a class="estDynamic" href="https://www.spesati.com/on-offer">All products on sale</a>
                </li>
            </ul>
        </li>
        <li>
            <a class="estDynamic" href="https://www.spesati.com/gift">
               <img src="http://cdn.spesati.com/images/menu/gift.png"/>
               Gifts            </a>
            <i class="fa fa-angle-right" aria-hidden="true"></i>
            <ul class="sub-menu">
                <li>
    <a href="https://www.spesati.com/gift-card-da-150" class="estDynamic">Gift Card Da 150</a>
</li><li>
    <a href="https://www.spesati.com/gift-card-da-100" class="estDynamic">Gift Card Da 100</a>
</li><li>
    <a href="https://www.spesati.com/gift-card-da-50" class="estDynamic">Gift Card Da 50</a>
</li><li>
    <a href="https://www.spesati.com/gift-card-da-25" class="estDynamic">Gift Card Da 25</a>
</li>                <li>
                    <a class="estDynamic" href="https://www.spesati.com/gift">All products in the gifts category</a>
                </li>
            </ul>
        </li>
        <li>
            <a class="estDynamic" href="https://www.spesati.com/gift-card">
               <img src="http://cdn.spesati.com/images/menu/gift-card.png"/>
               Gift card and discounts            </a>
            <i class="fa fa-angle-right" aria-hidden="true"></i>
            <ul class="sub-menu">
                <li>
    <a href="https://www.spesati.com/gift-card-da-150">Gift Card Da 150</a>
</li><li>
    <a href="https://www.spesati.com/gift-card-da-100">Gift Card Da 100</a>
</li><li>
    <a href="https://www.spesati.com/gift-card-da-50">Gift Card Da 50</a>
</li><li>
    <a href="https://www.spesati.com/gift-card-da-25">Gift Card Da 25</a>
</li>            </ul>
        </li>
        <li>
            <a class="estDynamic" href="https://www.spesati.com/fruit-and-vegetables">
               <img src="http://cdn.spesati.com/images/menu/fuit-and-vegetables.png"/>
               Fruit and vegetables           </a>
            <i class="fa fa-angle-right" aria-hidden="true"></i>
            <ul class="sub-menu">
                <li>
                    <a class="estDynamic" href="https://www.spesati.com/fruit-and-vegetables/pulses-and-beans">Cereals and pulses and beans</a>
                </li>
                <li>
                    <a class="estDynamic" href="https://www.spesati.com/fruit-and-vegetables/fruit">Fruit</a>
                </li>
                <li>
                    <a class="estDynamic" href="https://www.spesati.com/fruit-and-vegetables/canned-fruit">Canned fruit</a>
                </li>
                <li>
                    <a class="estDynamic" href="https://www.spesati.com/fruit-and-vegetables/dried-fruit">Dried fruit</a>
                </li>
                <li>
                    <a class="estDynamic" href="https://www.spesati.com/fruit-and-vegetables/ready-salads">Ready salads</a>
                </li>
                <li>
                    <a class="estDynamic" href="https://www.spesati.com/fruit-and-vegetables/fresh-spices">Fresh spices</a>
                </li>
                <li>
                    <a class="estDynamic" href="https://www.spesati.com/fruit-and-vegetables/vegetables">Vegetables and soy</a>
                </li>
            </ul>
        </li>
        <li>
            <a class="estDynamic" href="https://www.spesati.com/fresh-products">
                <img src="http://cdn.spesati.com/images/menu/fresh-products.png"/>
                Fresh products            </a>
            <i class="fa fa-angle-right" aria-hidden="true"></i>
            <ul class="sub-menu">
                <li>
                    <a class="estDynamic" href="https://www.spesati.com/fresh-products/margarine-and-butter">Butter and margarine</a>
                </li>
                <li>
                    <a class="estDynamic" href="https://www.spesati.com/fresh-products/danone">Danone</a>
                </li>
                <li>
                    <a class="estDynamic" href="https://www.spesati.com/fresh-products/dessert">Dessert</a>
                </li>
                <li>
                    <a class="estDynamic" href="https://www.spesati.com/fresh-products/sweets">Sweets</a>
                </li>
                <li>
                    <a class="estDynamic" href="https://www.spesati.com/fresh-products/dairy-products">Dairy product</a>
                </li>
                <li>
                    <a class="estDynamic" href="https://www.spesati.com/fresh-products/bakery">Yeast</a>
                </li>
                <li>
                    <a class="estDynamic" href="https://www.spesati.com/fresh-products/mascarpone">Mascarpone</a>
                </li>
                <li>
                    <a class="estDynamic" href="https://www.spesati.com/fresh-products/snacks">Snacks</a>
                </li>
                <li>
                    <a class="estDynamic" href="https://www.spesati.com/fresh-products/mozzarella">Mozzarella</a>
                </li>
                <li>
                    <a class="estDynamic" href="https://www.spesati.com/fresh-products/pasta">Pasta</a>
                </li>
                <li>
                    <a class="estDynamic" href="https://www.spesati.com/fresh-products/pesto-and-sauces">Pesto and sauces</a>
                </li>
                <li>
                    <a class="estDynamic" href="https://www.spesati.com/fresh-products/ricotta-and-cheese">Ricotta and cheese</a>
                </li>
                <li>
                    <a class="estDynamic" href="https://www.spesati.com/fresh-products/cured-meat">Cured meat</a>
                </li>
                <li>
                    <a class="estDynamic" href="https://www.spesati.com/fresh-products/wurstel">Würstel</a>
                </li>
                <li>
                    <a class="estDynamic" href="https://www.spesati.com/fresh-products/yogurt">Yogurt</a>
                </li>
            </ul>
        </li>
        <li>
            <a class="estDynamic" href="https://www.spesati.com/frozen-foods">
                <img src="http://cdn.spesati.com/images/menu/frozen-foods.png"/>
                Frozen foods            </a>
            <i class="fa fa-angle-right" aria-hidden="true"></i>
            <ul class="sub-menu">
                <li>
                    <a class="estDynamic" href="https://www.spesati.com/frozen-foods/meat">Meat</a>
                </li>
                <li>
                    <a class="estDynamic" href="https://www.spesati.com/frozen-foods/ice-creams">Ice cream and sweet</a>
                </li>
                <li>
                    <a class="estDynamic" href="https://www.spesati.com/frozen-foods/pasta">Pasta</a>
                </li>
                <li>
                    <a class="estDynamic" href="https://www.spesati.com/frozen-foods/fish">Fish</a>
                </li>
                <li>
                    <a class="estDynamic" href="https://www.spesati.com/frozen-foods/ready-meals">Ready meals</a>
                </li>
                <li>
                    <a class="estDynamic" href="https://www.spesati.com/frozen-foods/pizzas">Pizzas</a>
                </li>
                <li>
                    <a class="estDynamic" href="https://www.spesati.com/frozen-foods/vegetables">Vegetables and soy</a>
                </li>
            </ul>
        </li>
        <li>
            <a class="estDynamic" href="https://www.spesati.com/bread-and-pasta">
                <img src="http://cdn.spesati.com/images/menu/bread-and-pasta.png"/>
                Bread and pasta            </a>
            <i class="fa fa-angle-right" aria-hidden="true"></i>
            <ul class="sub-menu">
                <li>
                    <a class="estDynamic" href="https://www.spesati.com/bread-and-pasta/crackers">Crackers</a>
                </li>
                <li>
                    <a class="estDynamic" href="https://www.spesati.com/bread-and-pasta/rusks">Rusks</a>
                </li>
                <li>
                    <a class="estDynamic" href="https://www.spesati.com/bread-and-pasta/white-bread">White bread</a>
                </li>
                <li>
                    <a class="estDynamic" href="https://www.spesati.com/bread-and-pasta/local-bread">Local bread</a>
                </li>
                <li>
                    <a class="estDynamic" href="https://www.spesati.com/bread-and-pasta/soft-bread">Soft bread</a>
                </li>
                <li>
                    <a class="estDynamic" href="https://www.spesati.com/bread-and-pasta/sardinian-bread">Sardinian bread</a>
                </li>
                <li>
                    <a class="estDynamic" href="https://www.spesati.com/bread-and-pasta/bakery">Bakery</a>
                </li>
                <li>
                    <a class="estDynamic" href="https://www.spesati.com/bread-and-pasta/pasta">Pasta</a>
                </li>
                <li>
                    <a class="estDynamic" href="https://www.spesati.com/bread-and-pasta/fresh-pasta">Fresh pasta</a>
                </li>
            </ul>
        </li>
        <li>
            <a class="estDynamic" href="https://www.spesati.com/meat">
                <img src="http://cdn.spesati.com/images/menu/meat.png"/>
                Meat            </a>
            <i class="fa fa-angle-right" aria-hidden="true"></i>
            <ul class="sub-menu">
                <li>
                    <a class="estDynamic" href="https://www.spesati.com/meat/beef">Beef</a>
                </li>
                <li>
                    <a class="estDynamic" href="https://www.spesati.com/meat/goat">Goat</a>
                </li>
                <li>
                    <a class="estDynamic" href="https://www.spesati.com/meat/packaged-meat">Packaged meat</a>
                </li>
                <li>
                    <a class="estDynamic" href="https://www.spesati.com/meat/rabbit">Rabbit</a>
                </li>
                <li>
                    <a class="estDynamic" href="https://www.spesati.com/meat/horse">Horse</a>
                </li>
                <li>
                    <a class="estDynamic" href="https://www.spesati.com/meat/pork">Pork</a>
                </li>
                <li>
                    <a class="estDynamic" href="https://www.spesati.com/meat/lamb">Lamb</a>
                </li>
                <li>
                    <a class="estDynamic" href="https://www.spesati.com/meat/poultry">Poultry</a>
                </li>
            </ul>
        </li>
        <li>
            <a class="estDynamic" href="https://www.spesati.com/fish">
                <img src="http://cdn.spesati.com/images/menu/fish.png"/>
                Fish            </a>
            <i class="fa fa-angle-right" aria-hidden="true"></i>
            <ul class="sub-menu">
                <li>
                    <a class="estDynamic" href="https://www.spesati.com/fish/fresh-water">Fresh water</a>
                </li>
                <li>
                    <a class="estDynamic" href="https://www.spesati.com/fish/salt-water">Salt water</a>
                </li>
                <li>
                    <a class="estDynamic" href="https://www.spesati.com/fish/mussels">Mussels</a>
                </li>
                <li>
                    <a class="estDynamic" href="https://www.spesati.com/fish/dried-and-salted">Dried and salted</a>
                </li>
                <li>
                    <a class="estDynamic" href="https://www.spesati.com/fish/seafood-salad">Seafood salad</a>
                </li>
                <li>
                    <a class="estDynamic" href="https://www.spesati.com/fish/prepared">Prepared</a>
                </li>
                <li>
                    <a class="estDynamic" href="https://www.spesati.com/fish/specialty">Specialty</a>
                </li>   
                <li>
                    <a class="estDynamic" href="https://www.spesati.com/fish/tuna-and-salmon">Tuna and salmon</a>
                </li>
            </ul>
        </li>
        <li>
            <a class="estDynamic" href="https://www.spesati.com/wine-beer-and-spirits">
                <img src="http://cdn.spesati.com/images/menu/alcohol.png"/>
                Wine beer and spirits            </a>
            <i class="fa fa-angle-right" aria-hidden="true"></i>
            <ul class="sub-menu">
                <li>
                    <a class="estDynamic" href="https://www.spesati.com/wine-beer-and-spirits/spirits-and-liquors">Alcohol</a>
                </li>
                <li>
                    <a class="estDynamic" href="https://www.spesati.com/wine-beer-and-spirits/bitters">Bitters</a>
                </li>
                <li>
                    <a class="estDynamic" href="https://www.spesati.com/wine-beer-and-spirits/aperatif">Aperatifs</a>
                </li>
                <li>
                    <a class="estDynamic" href="https://www.spesati.com/wine-beer-and-spirits/beer">Beer</a>
                </li>
                <li>
                    <a class="estDynamic" href="https://www.spesati.com/wine-beer-and-spirits/creams">Creams</a>
                </li>
                <li>
                    <a class="estDynamic" href="https://www.spesati.com/wine-beer-and-spirits/spirits">Spirits</a>
                </li>
                <li>
                    <a class="estDynamic" href="https://www.spesati.com/wine-beer-and-spirits/liquors">Liquors</a>
                </li>
                <li>
                    <a class="estDynamic" href="https://www.spesati.com/wine-beer-and-spirits/white-wine">White wine</a>
                </li>
                <li>
                    <a class="estDynamic" href="https://www.spesati.com/wine-beer-and-spirits/prosecco-wine">Prosecco wine</a>
                </li>
                <li>
                    <a class="estDynamic" href="https://www.spesati.com/wine-beer-and-spirits/rose-wine">Rose wine</a>
                </li>
                <li>
                    <a class="estDynamic" href="https://www.spesati.com/wine-beer-and-spirits/red-wine">Red wine</a>
                </li>
                <li>
                    <a class="estDynamic" href="https://www.spesati.com/wine-beer-and-spirits/specialty-wine">Special wine</a>
                </li>
                <li>
                    <a class="estDynamic" href="https://www.spesati.com/wine-beer-and-spirits/sparkling-wine">Sparkling wine</a>
                </li>
                <li>
                    <a class="estDynamic" href="https://www.spesati.com/wine-beer-and-spirits/vermentino-wine">Vermentino wine</a>
                </li>
            </ul>
        </li>
        <li>
            <a class="estDynamic" href="https://www.spesati.com/water-and-drinks">
                <img src="http://cdn.spesati.com/images/menu/water-and-drinks.png"/>
                Water and drinks            </a>
            <i class="fa fa-angle-right" aria-hidden="true"></i>
            <ul class="sub-menu">
                <li>
                    <a class="estDynamic" href="https://www.spesati.com/water-and-drinks/san-martino">San Martino</a>
                </li>
                <li>
                    <a class="estDynamic" href="https://www.spesati.com/water-and-drinks/water">Water</a>
                </li>
                <li>
                    <a class="estDynamic" href="https://www.spesati.com/water-and-drinks/alpro">Alpro</a>
                </li>
                <li>
                    <a class="estDynamic" href="https://www.spesati.com/water-and-drinks/fizzy-drinks">Fizzy drinks</a>
                </li>
                <li>
                    <a class="estDynamic" href="https://www.spesati.com/water-and-drinks/coca-cola">Coca-Cola</a>
                </li>
                <li>
                    <a class="estDynamic" href="https://www.spesati.com/water-and-drinks/energy-drink">Energy drink</a>
                </li>
                <li>
                    <a class="estDynamic" href="https://www.spesati.com/water-and-drinks/syrups">Syrups</a>
                </li>
                <li>
                    <a class="estDynamic" href="https://www.spesati.com/water-and-drinks/supplements">Supplements</a>
                </li>
                <li>
                    <a class="estDynamic" href="https://www.spesati.com/water-and-drinks/instant-drinks">Instant drinks</a>
                </li>
                <li>
                    <a class="estDynamic" href="https://www.spesati.com/water-and-drinks/juice">Juice</a>
                </li>
                <li>
                    <a class="estDynamic" href="https://www.spesati.com/water-and-drinks/tea">Tea</a>
                </li>
            </ul>
        </li>
        <li>
            <a class="estDynamic" href="https://www.spesati.com/sweets">
                <img src="http://cdn.spesati.com/images/menu/sweets.png"/>
                Sweets            </a>
            <i class="fa fa-angle-right" aria-hidden="true"></i>
            <ul class="sub-menu">
                <li>
                    <a class="estDynamic" href="https://www.spesati.com/sweets/bars-and-snacks">Bars and snacks</a>
                </li>
                <li>
                    <a class="estDynamic" href="https://www.spesati.com/sweets/biscuits">Biscuits</a>
                </li>
                <li>
                    <a class="estDynamic" href="https://www.spesati.com/sweets/brioches">Brioches</a>
                </li>
                <li>
                    <a class="estDynamic" href="https://www.spesati.com/sweets/candy-and-chewing-gum">Candy and chewing gum</a>
                </li>
                <li>
                    <a class="estDynamic" href="https://www.spesati.com/sweets/cereals">Cereals</a>
                </li>
                <li>
                    <a class="estDynamic" href="https://www.spesati.com/sweets/chocolate">Chocolate</a>
                </li>
                <li>
                    <a class="estDynamic" href="https://www.spesati.com/sweets/spreadable-creams">Spreads</a>
                </li>
                <li>
                    <a class="estDynamic" href="https://www.spesati.com/sweets/dessert-toppings">Dessert toppings</a>
                </li>
                <li>
                    <a class="estDynamic" href="https://www.spesati.com/sweets/jam">Jam</a>
                </li>
                <li>
                    <a class="estDynamic" href="https://www.spesati.com/sweets/honey">Honey</a>
                </li>
                <li>
                    <a class="estDynamic" href="https://www.spesati.com/sweets/panettoni-and-pandoro">Panettone and pandoro</a>
                </li>
                <li>
                    <a class="estDynamic" href="https://www.spesati.com/sweets/pastry">Pastry</a>
                </li>
                <li>
                    <a class="estDynamic" href="https://www.spesati.com/sweets/instant-dessert">Prepared</a>
                </li>
                <li>
                    <a class="estDynamic" href="https://www.spesati.com/sweets/cakes-and-pies">Cakes and pies</a>
                </li>
                <li>
                    <a class="estDynamic" href="https://www.spesati.com/sweets/easter-eggs-and-doves">Easter eggs and doves</a>
                </li>
            </ul>
        </li>
        <li>
            <a class="estDynamic" href="https://www.spesati.com/shelf">
                <img src="http://cdn.spesati.com/images/menu/shelf.png"/>
                Cupboard            </a>
            <i class="fa fa-angle-right" aria-hidden="true"></i>
            <ul class="sub-menu">
                <li>
                    <a class="estDynamic" href="https://www.spesati.com/shelf/coffee">Coffee</a>
                </li>
                <li>
                    <a class="estDynamic" href="https://www.spesati.com/shelf/gift-baskets">Gift baskets</a>
                </li>
                <li>
                    <a class="estDynamic" href="https://www.spesati.com/shelf/stock-cubes">Nuts and preparations</a>
                </li>
                <li>
                    <a class="estDynamic" href="https://www.spesati.com/shelf/flour-and-baking">Flour and baking</a>
                </li>
                <li>
                    <a class="estDynamic" href="https://www.spesati.com/shelf/milk">Milk</a>
                </li>
                <li>
                    <a class="estDynamic" href="https://www.spesati.com/shelf/oil-salt-vinegar">Oil, vinegar and salt</a>
                </li>
                <li>
                    <a class="estDynamic" href="https://www.spesati.com/shelf/cream-and-bechamel">Cream and bechamel</a>
                </li>
                <li>
                    <a class="estDynamic" href="https://www.spesati.com/shelf/crisps-and-pretzels">Crisps and pretzels</a>
                </li>
                <li>
                    <a class="estDynamic" href="https://www.spesati.com/shelf/baby-and-infants-products">Early childhood products</a>
                </li>
                <li>
                    <a class="estDynamic" href="https://www.spesati.com/shelf/rice">Rice</a>
                </li>
                <li>
                    <a class="estDynamic" href="https://www.spesati.com/shelf/tins-and-preserves">Tins and Preserves</a>
                </li>
                <li>
                    <a class="estDynamic" href="https://www.spesati.com/shelf/spices">Spices</a>
                </li>
                <li>
                    <a class="estDynamic" href="https://www.spesati.com/shelf/sauces">Sauces</a>
                </li>
                <li>
                    <a class="estDynamic" href="https://www.spesati.com/shelf/tea-and-infusions">Tea and infusions</a>
                </li>
                <li>
                    <a class="estDynamic" href="https://www.spesati.com/shelf/eggs">Eggs</a>
                </li>
                <li>
                    <a class="estDynamic" href="https://www.spesati.com/shelf/sugar-and-sweeteners">Sugar and sweeteners</a>
                </li>
            </ul>
        </li>
        <li>
            <a class="estDynamic" href="https://www.spesati.com/personal-care">
                <img src="http://cdn.spesati.com/images/menu/personal-care.png"/>
                Personal care            </a>
            <i class="fa fa-angle-right" aria-hidden="true"></i>
            <ul class="sub-menu">
                <li>
                    <a class="estDynamic" href="https://www.spesati.com/personal-care/accessories-and-cotton">Accessories and cotton</a>
                </li>
                <li>
                    <a class="estDynamic" href="https://www.spesati.com/personal-care/feminine-care-incontinence-and-baby-diapers">Feminine incontinence and diapers</a>
                </li>
                <li>
                    <a class="estDynamic" href="https://www.spesati.com/personal-care/shower-gel">Shower gel</a>
                </li>
                <li>
                    <a class="estDynamic" href="https://www.spesati.com/personal-care/creams">Creams</a>
                </li>
                <li>
                    <a class="estDynamic" href="https://www.spesati.com/personal-care/deodorant">Deodorant</a>
                </li>
                <li>
                    <a class="estDynamic" href="https://www.spesati.com/personal-care/hair-removal">Hair removal</a>
                </li>
                <li>
                    <a class="estDynamic" href="https://www.spesati.com/personal-care/disinfectants">Disinfectants</a>
                </li>
                <li>
                    <a class="estDynamic" href="https://www.spesati.com/personal-care/oral-hygiene">Oral hygiene</a>
                </li>
                <li>
                    <a class="estDynamic" href="https://www.spesati.com/personal-care/supplements-and-multivitamins">Supplements and multivitamins</a>
                </li>
                <li>
                    <a class="estDynamic" href="https://www.spesati.com/personal-care/first-aid">First aid label</a>
                </li>
                <li>
                    <a class="estDynamic" href="https://www.spesati.com/personal-care/beard-products">Beard products</a>
                </li>
                <li>
                    <a class="estDynamic" href="https://www.spesati.com/personal-care/hairs-products">Hair products</a>
                </li>
                <li>
                    <a class="estDynamic" href="https://www.spesati.com/personal-care/perfume">Perfumes</a>
                </li>
                <li>
                    <a class="estDynamic" href="https://www.spesati.com/personal-care/wipes">Wipes</a>
                </li>
                <li>
                    <a class="estDynamic" href="https://www.spesati.com/personal-care/soaps-and-body-wash">Soaps and body wash</a>
                </li>
                <li>
                    <a class="estDynamic" href="https://www.spesati.com/personal-care/shampoo-and-conditioner">Shampoo and conditioner</a>
                </li>
            </ul>
        </li>
        <li>
            <a class="estDynamic" href="https://www.spesati.com/household-and-outdoors">
                <img src="http://cdn.spesati.com/images/menu/pellet-and-home.png"/>
                Home and outdoors 
            </a>
            <i class="fa fa-angle-right" aria-hidden="true"></i>
            <ul class="sub-menu">
                <li>
                    <a class="estDynamic" href="https://www.spesati.com/household-and-outdoors/distilled-water">Distilled water</a>
                </li>
                <li>
                    <a class="estDynamic" href="https://www.spesati.com/household-and-outdoors/car-products">Cars</a>
                </li>
                <li>
                    <a class="estDynamic" href="https://www.spesati.com/household-and-outdoors/bin-bags-and-buckets">Bin bags and buckets</a>
                </li>
                <li>
                    <a class="estDynamic" href="https://www.spesati.com/household-and-outdoors/bleach-and-stain-removers">Bleach and stain removers</a>
                </li>
                <li>
                    <a class="estDynamic" href="https://www.spesati.com/household-and-outdoors/candles">Candles</a>
                </li>
                <li>
                    <a class="estDynamic" href="https://www.spesati.com/household-and-outdoors/kitchen-roll">Kitchen roll</a>
                </li>
                <li>
                    <a class="estDynamic" href="https://www.spesati.com/household-and-outdoors/air-fresheners">Air fresheners</a>
                </li>
                <li>
                    <a class="estDynamic" href="https://www.spesati.com/household-and-outdoors/laundry-accessories-and-detergent">Laundry detergent</a>
                </li>
                <li>
                    <a class="estDynamic" href="https://www.spesati.com/household-and-outdoors/dishwasher-and-washing-up">Dishwasher and washing up</a>
                </li>
                <li>
                    <a class="estDynamic" href="https://www.spesati.com/household-and-outdoors/gardening">Gardening</a>
                </li>
                <li>
                    <a class="estDynamic" href="https://www.spesati.com/household-and-outdoors/light-bulbs-and-batteries">Lightbulbs and batteries</a>
                </li>
                <li>
                    <a class="estDynamic" href="https://www.spesati.com/household-and-outdoors/pellet-and-bbq">Pellet and BBQ</a>
                </li>
                <li>
                    <a class="estDynamic" href="https://www.spesati.com/household-and-outdoors/bathroom-products">Bathroom products</a>
                </li>
                <li>
                    <a class="estDynamic" href="https://www.spesati.com/household-and-outdoors/home-and-furniture-products">Home and furniture products</a>
                </li>
                <li>
                    <a class="estDynamic" href="https://www.spesati.com/household-and-outdoors/kitchen-products">Kitchen products</a>
                </li>
                <li>
                    <a class="estDynamic" href="https://www.spesati.com/household-and-outdoors/window-and-floor-cleaners">Window and floor cleaner</a>
                </li>
                <li>
                    <a class="estDynamic" href="https://www.spesati.com/household-and-outdoors/repellents">Repellents</a>
                </li>
                <li>
                    <a class="estDynamic" href="https://www.spesati.com/household-and-outdoors/disposable-tableware">Disposable tableware</a>
                </li>
            </ul>
        </li>
        <li>
            <a class="estDynamic" href="https://www.spesati.com/pet">
                <img src="http://cdn.spesati.com/images/menu/animals.png"/>
                Pets            </a>
            <i class="fa fa-angle-right" aria-hidden="true"></i>
            <ul class="sub-menu">
                <li>
                    <a class="estDynamic" href="https://www.spesati.com/pets/pet-food-other-animals">Other animals pet food</a>
                </li>
                <li>
                    <a class="estDynamic" href="https://www.spesati.com/pets/pet-food-dogs">Pet food dogs</a>
                </li>
                <li>
                    <a class="estDynamic" href="https://www.spesati.com/pets/pet-food-cats">Pet food cats</a>
                </li>
                <li>
                    <a class="estDynamic" href="https://www.spesati.com/pets/hygiene-and-cleaning">Hygiene and cleaning</a>
                </li>
            </ul>
        </li>
        <li>
            <a class="estDynamic" href="https://www.spesati.com/technology">
                <img src="http://cdn.spesati.com/images/menu/technology.png"/>
                Technology            </a>
            <i class="fa fa-angle-right" aria-hidden="true"></i>
            <ul class="sub-menu">
                <li>
                    <a class="estDynamic" href="https://www.spesati.com/technology/accessories">Accessories</a>
                </li>
                <li>
                    <a class="estDynamic" href="https://www.spesati.com/technology/computer">Computer</a>
                </li>
                <li>
                    <a class="estDynamic" href="https://www.spesati.com/technology/telephones">Telephones</a>
                </li>
                <li>
                    <a class="estDynamic" href="https://www.spesati.com/technology/tv">TV</a>
                </li>
            </ul>
        </li>
        <li>
            <a class="estDynamic" href="https://www.spesati.com/gluten-free">
                <img src="http://cdn.spesati.com/images/menu/gluten-free.png"/>
                Gluten free            </a>
            <i class="fa fa-angle-right" aria-hidden="true"></i>
            <ul class="sub-menu">
                <li>
                    <a class="estDynamic" href="https://www.spesati.com/gluten-free/frozen-foods">Frozen foods</a>
                </li>
                <li>
                    <a class="estDynamic" href="https://www.spesati.com/gluten-free/beer">Beer</a>
                </li>
                <li>
                    <a class="estDynamic" href="https://www.spesati.com/gluten-free/sweets">Sweets</a>
                </li>
                <li>
                    <a class="estDynamic" href="https://www.spesati.com/gluten-free/bread-and-pasta">Bread and pasta</a>
                </li>
                <li>
                    <a class="estDynamic" href="https://www.spesati.com/gluten-free/shelf">Cupboard</a>
                </li>
            </ul>
        </li>
        <li>
            <a class="estDynamic" href="https://www.spesati.com/lactose-free">
                <img src="http://cdn.spesati.com/images/menu/lactose-free.png"/>
                Lactose free            </a>
            <i class="fa fa-angle-right" aria-hidden="true"></i>
            <ul class="sub-menu">
                <li>
                    <a class="estDynamic" href="https://www.spesati.com/lactose-free/frozen-foods">Frozen foods</a>
                </li>
                <li>
                    <a class="estDynamic" href="https://www.spesati.com/lactose-free/sweets">Sweets</a>
                </li>
                <li>
                    <a class="estDynamic" href="https://www.spesati.com/lactose-free/dairy-product">Dairy product</a>
                </li>
                <li>
                    <a class="estDynamic" href="https://www.spesati.com/lactose-free/shelf">Cupboard</a>
                </li>
            </ul>
        </li>
        <li>
            <a class="estDynamic" href="https://www.spesati.com/special">
                <img src="http://cdn.spesati.com/images/menu/special.png"/>
                Special            </a>
            <i class="fa fa-angle-right" aria-hidden="true"></i>
            <ul class="sub-menu">
                <li>
                    <a class="estDynamic" href="https://www.spesati.com/special/alpro">Alpro</a>
                </li>
                <li>
                    <a class="estDynamic" href="https://www.spesati.com/special/organic">Biological</a>
                </li>
                <li>
                    <a class="estDynamic" href="https://www.spesati.com/special/meat">Meat</a>
                </li>
                <li>
                    <a class="estDynamic" href="https://www.spesati.com/special/wholegrain">Wholegrain</a>
                </li>
                <li>
                    <a class="estDynamic" href="https://www.spesati.com/special/bread-and-pasta">Bread and pasta</a>
                </li>
                <li>
                    <a class="estDynamic" href="https://www.spesati.com/special/vegan">Vegan</a>
                </li>
            </ul>
        </li>
        <li>
            <a class="estDynamic" href="https://www.spesati.com/sardinian-products">
                <img src="http://cdn.spesati.com/images/menu/sardinian-products.png"/>
                Sardinian products            </a>
            <i class="fa fa-angle-right" aria-hidden="true"></i>
            <ul class="sub-menu">
                <li>
                    <a class="estDynamic" href="https://www.spesati.com/sardinian-products/drinks">Drinks</a>
                </li>
                <li>
                    <a class="estDynamic" href="https://www.spesati.com/sardinian-products/meat">Meat</a>
                </li>
                <li>
                    <a class="estDynamic" href="https://www.spesati.com/sardinian-products/sweets">Sweets</a>
                </li>
                <li>
                    <a class="estDynamic" href="https://www.spesati.com/sardinian-products/fruit-and-vegetables">Fruit and vegetables</a>
                </li>
                <li>
                    <a class="estDynamic" href="https://www.spesati.com/sardinian-products/ichnusa">Ichnusa</a>
                </li>
                <li>
                    <a class="estDynamic" href="https://www.spesati.com/sardinian-products/dairy-product">Dairy product</a>
                </li>
                <li>
                    <a class="estDynamic" href="https://www.spesati.com/sardinian-products/bread-and-pasta">Bread and pasta</a>
                </li>
                <li>
                    <a class="estDynamic" href="https://www.spesati.com/sardinian-products/fish">Fish</a>
                </li>
                <li>
                    <a class="estDynamic" href="https://www.spesati.com/sardinian-products/cured-meat">Cured meat</a>
                </li>
                <li>
                    <a class="estDynamic" href="https://www.spesati.com/sardinian-products/shelf">Cupboard</a>
                </li>
                <li>
                    <a class="estDynamic" href="https://www.spesati.com/sardinian-products/vermentino-wine">Vermentino wine</a>
                </li>
                <li>
                    <a class="estDynamic" href="https://www.spesati.com/sardinian-products/wine-beer-and-spirits">Wine beer and spirits</a>
                </li>
            </ul>
        </li>
    </ul>
</div>    <div class="colRight">
        <div class="title mobile">
	<a href="https://www.spesati.com/personal-care"><i class="fa red fa-angle-left fa-3x mobile" aria-hidden="true"></i></a>
	<h2>
		<b>
			shampoo and conditioner		</b>
	</h2>
</div>

<div class="breadcrumb bgGrey internal">
	<p>
		<b>
			<a href="https://www.spesati.com/">Home</a>
												&gt; <a href="https://www.spesati.com/personal-care">Personal care</a>
																&gt; Shampoo and conditioner									</b>
	</p>
	<div>
		<p>Order by</p>
		<select name="orderProd" id="orderProd">
			<option disabled="disabled" selected="selected">- Choose -</option>
			<option value="nameAsc">Name (A - Z)</option>
			<option value="nameDes">Name (Z - A)</option>
			<option value="priceHigh">Price - High to low</option>
			<option value="priceLow">Price - Low to high</option>
			<option value="soldAsc">Best Selling</option>
			<option value="available">Availability</option>
		</select>
	</div>
</div>
        <div class="containerProduct">
            <script type='text/javascript'>var track = '{"event":"ViewContent", "type":"category", "id":"Bellezza", "subids":["Shampo-Balsamo"], "url":"https://www.spesati.com/personal-care/shampoo-and-conditioner"}';</script>
<script>
gtag('event', 'select_content', {content_type: 'category', item_id: 'Bellezza'});gtag('event', 'select_content', {content_type: 'category', item_id: 'Shampo-Balsamo'});
</script>
<div class="left product prod1"
        data-name="Bals Pantene Idra Mirac 225ml"
        data-price="6.45"
        data-id="83951"
        data-available="yes"
        data-category="543615"
        data-bestselling="">
    <a href="https://www.spesati.com/bals-pantene-idra-mirac-225ml">
        <div style="background-image: url('https://cdn.spesati.com/images/products/000442501/pantene-pro-v-miracles-idratati-lucenti-con-biotinaessenza-di-baobab-balsamo-dissetante-200-ml-01.png')">
            <div class="hover"></div>
            
            <div class="stickers"></div>
        </div>
    </a>
    <div>
        <h4><a href="https://www.spesati.com/bals-pantene-idra-mirac-225ml"><b>Bals Pantene Idra Mirac 225ml</b></a></h4>
        <p class="description">Pantene Pro-V Miracles Idratati & Lucenti con Biotina+Essenza di Baobab Balsamo Dissetante 200 ml</p>
        <p class="right price"><b>6.45 €</b></p>
        <p class="right unitPrice">28.05 € per litre</p>
    </div>
    <div class="contButton">
    <a class="button bgRed white addToCart" href="#">Add</a>
</div>
</div><div class="left product prod2"
        data-name="Shamp Head&shoud Classico 225m"
        data-price="3.05"
        data-id="83777"
        data-available="yes"
        data-category="543615"
        data-bestselling="2">
    <a href="https://www.spesati.com/shamp-headshoud-classico-225m">
        <div style="background-image: url('https://cdn.spesati.com/images/products/000442328/head-shoulders-shampoo-antiforfora-classic-clean-225-ml-01.png')">
            <div class="hover"></div>
            <p class="arrow bgRed white">Best Seller</p>
            <div class="stickers"></div>
        </div>
    </a>
    <div>
        <h4><a href="https://www.spesati.com/shamp-headshoud-classico-225m"><b>Shamp Head&shoud Classico 225m</b></a></h4>
        <p class="description">Head & Shoulders Shampoo Antiforfora Classic Clean 225 ml</p>
        <p class="right price"><b>3.05 €</b></p>
        <p class="right unitPrice">13.26 € per litre</p>
    </div>
    <div class="contButton">
    <a class="button bgRed white addToCart" href="#">Add</a>
</div>
</div><div class="left product prod3"
        data-name="Bals Ultr Dolc Meraviglios 200"
        data-price="3.39"
        data-id="81314"
        data-available="yes"
        data-category="543615"
        data-bestselling="1">
    <a href="https://www.spesati.com/bals-ultr-dolc-meraviglios-200">
        <div style="background-image: url('https://cdn.spesati.com/images/products/000442300/garnier-ultra-dolce-balsamo-meraviglioso-allolio-dargan-e-di-camelia-per-capelli-secchi-200-ml-01.png')">
            <div class="hover"></div>
            <p class="arrow bgRed white">Best Seller</p>
            <div class="stickers"></div>
        </div>
    </a>
    <div>
        <h4><a href="https://www.spesati.com/bals-ultr-dolc-meraviglios-200"><b>Bals Ultr Dolc Meraviglios 200</b></a></h4>
        <p class="description">Garnier Ultra Dolce Balsamo Meraviglioso all'olio d'argan e di camelia per capelli secchi, 200 ml</p>
        <p class="right price"><b>3.39 €</b></p>
        <p class="right unitPrice">16.96 € per litre</p>
    </div>
    <div class="contButton">
    <a class="button bgRed white addToCart" href="#">Add</a>
</div>
</div><div class="left product prod4"
        data-name="Bals Ultr Dolc Camom/miele 200"
        data-price="3.39"
        data-id="81311"
        data-available="yes"
        data-category="543615"
        data-bestselling="1">
    <a href="https://www.spesati.com/bals-ultr-dolc-camommiele-200">
        <div style="background-image: url('https://cdn.spesati.com/images/products/000442299/garnier-ultra-dolce-balsamo-allestratto-di-camomilla-e-miele-per-capelli-chiari-200-ml-01.png')">
            <div class="hover"></div>
            <p class="arrow bgRed white">Best Seller</p>
            <div class="stickers"></div>
        </div>
    </a>
    <div>
        <h4><a href="https://www.spesati.com/bals-ultr-dolc-camommiele-200"><b>Bals Ultr Dolc Camom/miele 200</b></a></h4>
        <p class="description">Garnier Ultra Dolce Balsamo all'estratto di Camomilla e Miele per capelli chiari, 200 ml</p>
        <p class="right price"><b>3.39 €</b></p>
        <p class="right unitPrice">16.96 € per litre</p>
    </div>
    <div class="contButton">
    <a class="button bgRed white addToCart" href="#">Add</a>
</div>
</div><div class="left product prod5"
        data-name="Shamp Ultr Dolc 2in1 Kids 250m"
        data-price="3.39"
        data-id="81308"
        data-available="yes"
        data-category="543615"
        data-bestselling="">
    <a href="https://www.spesati.com/shamp-ultr-dolc-2in1-kids-250m">
        <div style="background-image: url('https://cdn.spesati.com/images/products/000442298/garnier-shampoo-2in1-ultra-dolce-delicatezza-davena-2in1-kids-per-capelli-e-cute-delicati-250-ml-01.png')">
            <div class="hover"></div>
            
            <div class="stickers"></div>
        </div>
    </a>
    <div>
        <h4><a href="https://www.spesati.com/shamp-ultr-dolc-2in1-kids-250m"><b>Shamp Ultr Dolc 2in1 Kids 250m</b></a></h4>
        <p class="description">Garnier Shampoo 2in1 Ultra Dolce Delicatezza d'Avena 2in1 Kids, Per Capelli e Cute Delicati, 250 ml</p>
        <p class="right price"><b>3.39 €</b></p>
        <p class="right unitPrice">13.57 € per litre</p>
    </div>
    <div class="contButton">
    <a class="button bgRed white addToCart" href="#">Add</a>
</div>
</div><div class="left product prod6"
        data-name="Shamp Ultra Dolce Avena 250ml"
        data-price="3.39"
        data-id="81293"
        data-available="yes"
        data-category="543615"
        data-bestselling="">
    <a href="https://www.spesati.com/shamp-ultra-dolce-avena-250ml">
        <div style="background-image: url('https://cdn.spesati.com/images/products/000442292/garnier-ultra-dolce-shampoo-delicatezza-davena-per-capelli-delicati-con-crema-di-riso-250-ml-01.png')">
            <div class="hover"></div>
            
            <div class="stickers"></div>
        </div>
    </a>
    <div>
        <h4><a href="https://www.spesati.com/shamp-ultra-dolce-avena-250ml"><b>Shamp Ultra Dolce Avena 250ml</b></a></h4>
        <p class="description">Garnier Ultra Dolce Shampoo Delicatezza D'Avena per capelli delicati- con crema di riso, 250 ml</p>
        <p class="right price"><b>3.39 €</b></p>
        <p class="right unitPrice">13.57 € per litre</p>
    </div>
    <div class="contButton">
    <a class="button bgRed white addToCart" href="#">Add</a>
</div>
</div><div class="left product prod7"
        data-name="Shamp Ultr Dolce Vaniglia 250m"
        data-price="3.39"
        data-id="81287"
        data-available="yes"
        data-category="543615"
        data-bestselling="">
    <a href="https://www.spesati.com/shamp-ultr-dolce-vaniglia-250m">
        <div style="background-image: url('https://cdn.spesati.com/images/products/000442290/garnier-shampoo-ultra-dolce-vaniglia-e-polpa-di-papaya-shampoo-per-capelli-lunghi-250-ml-01.png')">
            <div class="hover"></div>
            
            <div class="stickers"></div>
        </div>
    </a>
    <div>
        <h4><a href="https://www.spesati.com/shamp-ultr-dolce-vaniglia-250m"><b>Shamp Ultr Dolce Vaniglia 250m</b></a></h4>
        <p class="description">Garnier Shampoo Ultra Dolce Vaniglia e Polpa di Papaya, Shampoo per Capelli Lunghi, 250 ml</p>
        <p class="right price"><b>3.39 €</b></p>
        <p class="right unitPrice">13.57 € per litre</p>
    </div>
    <div class="contButton">
    <a class="button bgRed white addToCart" href="#">Add</a>
</div>
</div><div class="left product prod8"
        data-name="Shamp Ultr Dolc Argil/cedr 250"
        data-price="3.39"
        data-id="81284"
        data-available="yes"
        data-category="543615"
        data-bestselling="">
    <a href="https://www.spesati.com/shamp-ultr-dolc-argilcedr-250">
        <div style="background-image: url('https://cdn.spesati.com/images/products/000442289/garnier-ultra-dolce-shampoo-per-capelli-che-tendono-a-ingrassarsi-argilla-e-cedro-250-ml-01.png')">
            <div class="hover"></div>
            
            <div class="stickers"></div>
        </div>
    </a>
    <div>
        <h4><a href="https://www.spesati.com/shamp-ultr-dolc-argilcedr-250"><b>Shamp Ultr Dolc Argil/cedr 250</b></a></h4>
        <p class="description">Garnier Ultra Dolce, Shampoo per Capelli che Tendono a Ingrassarsi, Argilla e Cedro, 250 ml</p>
        <p class="right price"><b>3.39 €</b></p>
        <p class="right unitPrice">13.57 € per litre</p>
    </div>
    <div class="contButton">
    <a class="button bgRed white addToCart" href="#">Add</a>
</div>
</div><div class="left product prod9"
        data-name="Shamp Ultr Dolc Tesor Miel 250"
        data-price="3.39"
        data-id="81281"
        data-available="yes"
        data-category="543615"
        data-bestselling="">
    <a href="https://www.spesati.com/shamp-ultr-dolc-tesor-miel-250">
        <div style="background-image: url('https://cdn.spesati.com/images/products/000442288/garnier-ultra-dolce-shampoo-tesori-di-miele-con-pappa-reale-e-miele-per-capelli-fragili-250-ml-01.png')">
            <div class="hover"></div>
            
            <div class="stickers"></div>
        </div>
    </a>
    <div>
        <h4><a href="https://www.spesati.com/shamp-ultr-dolc-tesor-miel-250"><b>Shamp Ultr Dolc Tesor Miel 250</b></a></h4>
        <p class="description">Garnier Ultra Dolce Shampoo Tesori di Miele, con Pappa Reale e Miele per capelli fragili, 250 ml</p>
        <p class="right price"><b>3.39 €</b></p>
        <p class="right unitPrice">13.57 € per litre</p>
    </div>
    <div class="contButton">
    <a class="button bgRed white addToCart" href="#">Add</a>
</div>
</div><div class="left product prod10"
        data-name="Shamp Ultra Dolce Meravigl 250"
        data-price="3.39"
        data-id="81278"
        data-available="yes"
        data-category="543615"
        data-bestselling="2">
    <a href="https://www.spesati.com/shamp-ultra-dolce-meravigl-250">
        <div style="background-image: url('https://cdn.spesati.com/images/products/000442287/garnier-ultra-dolce-shampoo-meraviglioso-allolio-dargan-e-di-camelia-per-capelli-secchi-250-ml-01.png')">
            <div class="hover"></div>
            <p class="arrow bgRed white">Best Seller</p>
            <div class="stickers"></div>
        </div>
    </a>
    <div>
        <h4><a href="https://www.spesati.com/shamp-ultra-dolce-meravigl-250"><b>Shamp Ultra Dolce Meravigl 250</b></a></h4>
        <p class="description">Garnier Ultra Dolce Shampoo Meraviglioso all'olio d'argan e di camelia per capelli secchi, 250 ml</p>
        <p class="right price"><b>3.39 €</b></p>
        <p class="right unitPrice">13.57 € per litre</p>
    </div>
    <div class="contButton">
    <a class="button bgRed white addToCart" href="#">Add</a>
</div>
</div><div class="left product prod11"
        data-name="Shamp Ultra Dolce Albicocc 250"
        data-price="3.39"
        data-id="81275"
        data-available="yes"
        data-category="543615"
        data-bestselling="">
    <a href="https://www.spesati.com/shamp-ultra-dolce-albicocc-250">
        <div style="background-image: url('https://cdn.spesati.com/images/products/000442286/garnier-ultra-dolce-shampoo-2in1-per-bambini-allalbicocca-e-fiori-di-cotone-senza-parabeni-250-ml-01.png')">
            <div class="hover"></div>
            
            <div class="stickers"></div>
        </div>
    </a>
    <div>
        <h4><a href="https://www.spesati.com/shamp-ultra-dolce-albicocc-250"><b>Shamp Ultra Dolce Albicocc 250</b></a></h4>
        <p class="description">Garnier Ultra Dolce Shampoo 2in1 per Bambini all'albicocca e fiori di cotone, senza parabeni, 250 ml</p>
        <p class="right price"><b>3.39 €</b></p>
        <p class="right unitPrice">13.57 € per litre</p>
    </div>
    <div class="contButton">
    <a class="button bgRed white addToCart" href="#">Add</a>
</div>
</div><div class="left product prod12"
        data-name="Shamp Ultr Dolc Camom/miel 250"
        data-price="3.39"
        data-id="81272"
        data-available="yes"
        data-category="543615"
        data-bestselling="">
    <a href="https://www.spesati.com/shamp-ultr-dolc-camommiel-250">
        <div style="background-image: url('https://cdn.spesati.com/images/products/000442285/garnier-shampoo-ultra-dolce-camomilla-miele-di-fiori-shampoo-illuminante-250-ml-01.png')">
            <div class="hover"></div>
            
            <div class="stickers"></div>
        </div>
    </a>
    <div>
        <h4><a href="https://www.spesati.com/shamp-ultr-dolc-camommiel-250"><b>Shamp Ultr Dolc Camom/miel 250</b></a></h4>
        <p class="description">Garnier Shampoo Ultra Dolce Camomilla & Miele di Fiori Shampoo Illuminante 250 ml</p>
        <p class="right price"><b>3.39 €</b></p>
        <p class="right unitPrice">13.57 € per litre</p>
    </div>
    <div class="contButton">
    <a class="button bgRed white addToCart" href="#">Add</a>
</div>
</div><div class="left product prod13"
        data-name="Sham Elvive Hyaluronic 285ml"
        data-price="3.89"
        data-id="79642"
        data-available="yes"
        data-category="543615"
        data-bestselling="1">
    <a href="https://www.spesati.com/sham-elvive-hyaluronic-285ml">
        <div style="background-image: url('https://cdn.spesati.com/images/products/000442158/loreal-paris-elvive-hydra-hyaluronic-shampoo-72h-idratazione-profonda-con-acido-ialuronico-285ml-01.png')">
            <div class="hover"></div>
            <p class="arrow bgRed white">Best Seller</p>
            <div class="stickers"></div>
        </div>
    </a>
    <div>
        <h4><a href="https://www.spesati.com/sham-elvive-hyaluronic-285ml"><b>Sham Elvive Hyaluronic 285ml</b></a></h4>
        <p class="description">L'Oréal Paris Elvive Hydra Hyaluronic, Shampoo 72H Idratazione Profonda, con Acido Ialuronico, 285ml</p>
        <p class="right price"><b>3.89 €</b></p>
        <p class="right unitPrice">13.42 € per litre</p>
    </div>
    <div class="contButton">
    <a class="button bgRed white addToCart" href="#">Add</a>
</div>
</div><div class="left product prod14"
        data-name="Bals Elvive Olio Straor 250ml"
        data-price="3.59"
        data-id="61914"
        data-available="yes"
        data-category="543615"
        data-bestselling="1">
    <a href="https://www.spesati.com/bals-elvive-olio-straor-250ml">
        <div style="background-image: url('https://cdn.spesati.com/images/products/000434618/loreal-paris-balsamo-elvive-olio-straordinario-azione-nutriente-per-capelli-secchi-01.png')">
            <div class="hover"></div>
            <p class="arrow bgRed white">Best Seller</p>
            <div class="stickers"></div>
        </div>
    </a>
    <div>
        <h4><a href="https://www.spesati.com/bals-elvive-olio-straor-250ml"><b>Bals Elvive Olio Straor 250ml</b></a></h4>
        <p class="description">L'Oréal Paris Balsamo Elvive Olio Straordinario, Azione Nutriente per Capelli Secchi</p>
        <p class="right price"><b>3.59 €</b></p>
        <p class="right unitPrice">14.36 € per litre</p>
    </div>
    <div class="contButton">
    <a class="button bgRed white addToCart" href="#">Add</a>
</div>
</div><div class="left product prod15"
        data-name="Shamp Elvive Olio Straor 285ml"
        data-price="3.89"
        data-id="61911"
        data-available="yes"
        data-category="543615"
        data-bestselling="">
    <a href="https://www.spesati.com/shamp-elvive-olio-straor-285ml">
        <div style="background-image: url('https://cdn.spesati.com/images/products/000434617/loreal-paris-shampoo-elvive-olio-straordinario-azione-nutriente-per-capelli-secchi-285-ml-01.png')">
            <div class="hover"></div>
            
            <div class="stickers"></div>
        </div>
    </a>
    <div>
        <h4><a href="https://www.spesati.com/shamp-elvive-olio-straor-285ml"><b>Shamp Elvive Olio Straor 285ml</b></a></h4>
        <p class="description">L'Oréal Paris Shampoo Elvive Olio Straordinario, Azione Nutriente per Capelli Secchi, 285 ml</p>
        <p class="right price"><b>3.89 €</b></p>
        <p class="right unitPrice">13.42 € per litre</p>
    </div>
    <div class="contButton">
    <a class="button bgRed white addToCart" href="#">Add</a>
</div>
</div><div class="left product prod16"
        data-name="Bals Elvive Dreamlong 250ml"
        data-price="3.59"
        data-id="61905"
        data-available="yes"
        data-category="543615"
        data-bestselling="1">
    <a href="https://www.spesati.com/bals-elvive-dreamlong-250ml">
        <div style="background-image: url('https://cdn.spesati.com/images/products/000434615/loreal-paris-balsamo-elvive-dream-long-per-capelli-lunghi-e-lisci-01.png')">
            <div class="hover"></div>
            <p class="arrow bgRed white">Best Seller</p>
            <div class="stickers"></div>
        </div>
    </a>
    <div>
        <h4><a href="https://www.spesati.com/bals-elvive-dreamlong-250ml"><b>Bals Elvive Dreamlong 250ml</b></a></h4>
        <p class="description">L'Oréal Paris Balsamo Elvive Dream Long, Per Capelli Lunghi e Lisci</p>
        <p class="right price"><b>3.59 €</b></p>
        <p class="right unitPrice">14.36 € per litre</p>
    </div>
    <div class="contButton">
    <a class="button bgRed white addToCart" href="#">Add</a>
</div>
</div><div class="left product prod17"
        data-name="Shamp Elvive Dreamlong 285ml"
        data-price="3.89"
        data-id="61902"
        data-available="yes"
        data-category="543615"
        data-bestselling="1">
    <a href="https://www.spesati.com/shamp-elvive-dreamlong-285ml">
        <div style="background-image: url('https://cdn.spesati.com/images/products/000434614/loreal-paris-shampoo-elvive-dream-long-per-capelli-lisci-285-ml-01.png')">
            <div class="hover"></div>
            <p class="arrow bgRed white">Best Seller</p>
            <div class="stickers"></div>
        </div>
    </a>
    <div>
        <h4><a href="https://www.spesati.com/shamp-elvive-dreamlong-285ml"><b>Shamp Elvive Dreamlong 285ml</b></a></h4>
        <p class="description">L'Oréal Paris Shampoo Elvive Dream Long, Per Capelli Lisci, 285 ml</p>
        <p class="right price"><b>3.89 €</b></p>
        <p class="right unitPrice">13.42 € per litre</p>
    </div>
    <div class="contButton">
    <a class="button bgRed white addToCart" href="#">Add</a>
</div>
</div><div class="left product prod18"
        data-name="Shamp Elvive Full Resist 285m"
        data-price="3.89"
        data-id="61896"
        data-available="yes"
        data-category="543615"
        data-bestselling="1">
    <a href="https://www.spesati.com/shamp-elvive-full-resist-285m">
        <div style="background-image: url('https://cdn.spesati.com/images/products/000434612/loreal-paris-shampoo-elvive-full-resist-per-capelli-danneggiati-285-ml-01.png')">
            <div class="hover"></div>
            <p class="arrow bgRed white">Best Seller</p>
            <div class="stickers"></div>
        </div>
    </a>
    <div>
        <h4><a href="https://www.spesati.com/shamp-elvive-full-resist-285m"><b>Shamp Elvive Full Resist 285m</b></a></h4>
        <p class="description">L'Oréal Paris Shampoo Elvive Full Resist, Per Capelli Danneggiati, 285 ml</p>
        <p class="right price"><b>3.89 €</b></p>
        <p class="right unitPrice">13.42 € per litre</p>
    </div>
    <div class="contButton">
    <a class="button bgRed white addToCart" href="#">Add</a>
</div>
</div><div class="left product prod19"
        data-name="Shamp Elvive Multivit 2in1 285"
        data-price="3.89"
        data-id="61890"
        data-available="yes"
        data-category="543615"
        data-bestselling="">
    <a href="https://www.spesati.com/shamp-elvive-multivit-2in1-285">
        <div style="background-image: url('https://cdn.spesati.com/images/products/000434610/loreal-paris-shampoo-2in1-elvive-multivitaminico-azione-vitalizzante-per-tutti-i-capelli-285-ml-01.png')">
            <div class="hover"></div>
            
            <div class="stickers"></div>
        </div>
    </a>
    <div>
        <h4><a href="https://www.spesati.com/shamp-elvive-multivit-2in1-285"><b>Shamp Elvive Multivit 2in1 285</b></a></h4>
        <p class="description">L'Oréal Paris Shampoo 2in1 Elvive Multivitaminico, Azione Vitalizzante per Tutti i Capelli, 285 ml</p>
        <p class="right price"><b>3.89 €</b></p>
        <p class="right unitPrice">13.42 € per litre</p>
    </div>
    <div class="contButton">
    <a class="button bgRed white addToCart" href="#">Add</a>
</div>
</div><div class="left product prod20"
        data-name="Shamp Elvive Total Repair 285m"
        data-price="3.89"
        data-id="61887"
        data-available="yes"
        data-category="543615"
        data-bestselling="">
    <a href="https://www.spesati.com/shamp-elvive-total-repair-285m">
        <div style="background-image: url('https://cdn.spesati.com/images/products/000434608/loreal-paris-shampoo-elvive-total-repair-5-per-capelli-danneggiati-285-ml-01.png')">
            <div class="hover"></div>
            
            <div class="stickers"></div>
        </div>
    </a>
    <div>
        <h4><a href="https://www.spesati.com/shamp-elvive-total-repair-285m"><b>Shamp Elvive Total Repair 285m</b></a></h4>
        <p class="description">L'Oréal Paris Shampoo Elvive Total Repair 5, Per Capelli Danneggiati, 285 ml</p>
        <p class="right price"><b>3.89 €</b></p>
        <p class="right unitPrice">13.42 € per litre</p>
    </div>
    <div class="contButton">
    <a class="button bgRed white addToCart" href="#">Add</a>
</div>
</div><div class="left product prod21"
        data-name="Shamp Elvive Antif Normal 285m"
        data-price="3.89"
        data-id="61884"
        data-available="yes"
        data-category="543615"
        data-bestselling="">
    <a href="https://www.spesati.com/shamp-elvive-antif-normal-285m">
        <div style="background-image: url('https://cdn.spesati.com/images/products/000434607/loreal-paris-shampoo-elvive-antiforfora-per-capelli-normali-285-ml-01.png')">
            <div class="hover"></div>
            
            <div class="stickers"></div>
        </div>
    </a>
    <div>
        <h4><a href="https://www.spesati.com/shamp-elvive-antif-normal-285m"><b>Shamp Elvive Antif Normal 285m</b></a></h4>
        <p class="description">L'Oréal Paris Shampoo Elvive Antiforfora, Per Capelli Normali, 285 ml</p>
        <p class="right price"><b>3.89 €</b></p>
        <p class="right unitPrice">13.42 € per litre</p>
    </div>
    <div class="contButton">
    <a class="button bgRed white addToCart" href="#">Add</a>
</div>
</div><div class="left product prod22"
        data-name="Shamp Elvive Colorvive 285ml"
        data-price="3.89"
        data-id="61878"
        data-available="yes"
        data-category="543615"
        data-bestselling="">
    <a href="https://www.spesati.com/shamp-elvive-colorvive-285ml">
        <div style="background-image: url('https://cdn.spesati.com/images/products/000434605/loreal-paris-shampoo-elvive-color-vive-per-capelli-colorati-285-ml-01.png')">
            <div class="hover"></div>
            
            <div class="stickers"></div>
        </div>
    </a>
    <div>
        <h4><a href="https://www.spesati.com/shamp-elvive-colorvive-285ml"><b>Shamp Elvive Colorvive 285ml</b></a></h4>
        <p class="description">L'Oréal Paris Shampoo Elvive Color Vive, Per Capelli Colorati, 285 ml</p>
        <p class="right price"><b>3.89 €</b></p>
        <p class="right unitPrice">13.42 € per litre</p>
    </div>
    <div class="contButton">
    <a class="button bgRed white addToCart" href="#">Add</a>
</div>
</div><div class="left product prod23"
        data-name="Bals Pantene Lisci&seta 180ml"
        data-price="3.25"
        data-id="32814"
        data-available="yes"
        data-category="543615"
        data-bestselling="">
    <a href="https://www.spesati.com/bals-pantene-lisciseta-180ml">
        <div style="background-image: url('https://cdn.spesati.com/images/products/000434094/pantene-balsamo-lisci-effetto-seta-180-ml-01.png')">
            <div class="hover"></div>
            
            <div class="stickers"></div>
        </div>
    </a>
    <div>
        <h4><a href="https://www.spesati.com/bals-pantene-lisciseta-180ml"><b>Bals Pantene Lisci&seta 180ml</b></a></h4>
        <p class="description">Pantene Balsamo Lisci Effetto Seta 180 ml</p>
        <p class="right price"><b>3.25 €</b></p>
        <p class="right unitPrice">18.06 € per litre</p>
    </div>
    <div class="contButton">
    <a class="button bgRed white addToCart" href="#">Add</a>
</div>
</div><div class="left product prod24"
        data-name="Shamp Pantene 3in1 L&seta 225m"
        data-price="3.25"
        data-id="32811"
        data-available="yes"
        data-category="543615"
        data-bestselling="">
    <a href="https://www.spesati.com/shamp-pantene-3in1-lseta-225m">
        <div style="background-image: url('https://cdn.spesati.com/images/products/000434088/pantene-shampoobalsamotrattamento-3in1-lisci-effetto-seta-225-ml-01.png')">
            <div class="hover"></div>
            
            <div class="stickers"></div>
        </div>
    </a>
    <div>
        <h4><a href="https://www.spesati.com/shamp-pantene-3in1-lseta-225m"><b>Shamp Pantene 3in1 L&seta 225m</b></a></h4>
        <p class="description">Pantene Shampoo+Balsamo+Trattamento 3in1 Lisci Effetto Seta 225 ml</p>
        <p class="right price"><b>3.25 €</b></p>
        <p class="right unitPrice">14.44 € per litre</p>
    </div>
    <div class="contButton">
    <a class="button bgRed white addToCart" href="#">Add</a>
</div>
</div><div class="left product prod25"
        data-name="Shamp Pantene 3in1 Class 225ml"
        data-price="3.25"
        data-id="32810"
        data-available="yes"
        data-category="543615"
        data-bestselling="">
    <a href="https://www.spesati.com/shamp-pantene-3in1-class-225ml">
        <div style="background-image: url('https://cdn.spesati.com/images/products/000434087/pantene-shampoobalsamotrattamento-3in1-linea-classica-225-ml-01.png')">
            <div class="hover"></div>
            
            <div class="stickers"></div>
        </div>
    </a>
    <div>
        <h4><a href="https://www.spesati.com/shamp-pantene-3in1-class-225ml"><b>Shamp Pantene 3in1 Class 225ml</b></a></h4>
        <p class="description">Pantene Shampoo+Balsamo+Trattamento 3in1 Linea Classica 225 ml</p>
        <p class="right price"><b>3.25 €</b></p>
        <p class="right unitPrice">14.44 € per litre</p>
    </div>
    <div class="contButton">
    <a class="button bgRed white addToCart" href="#">Add</a>
</div>
</div><div class="left product prod26"
        data-name="Shamp Pantene Aqualig 225+50ml"
        data-price="3.25"
        data-id="32807"
        data-available="yes"
        data-category="543615"
        data-bestselling="">
    <a href="https://www.spesati.com/shamp-pantene-aqualig-22550ml">
        <div style="background-image: url('https://cdn.spesati.com/images/products/000434084/pantene-shampoo-aqualight-250-ml-01.png')">
            <div class="hover"></div>
            
            <div class="stickers"></div>
        </div>
    </a>
    <div>
        <h4><a href="https://www.spesati.com/shamp-pantene-aqualig-22550ml"><b>Shamp Pantene Aqualig 225+50ml</b></a></h4>
        <p class="description">Pantene Shampoo AquaLight 250 ml</p>
        <p class="right price"><b>3.25 €</b></p>
        <p class="right unitPrice">11.82 € per litre</p>
    </div>
    <div class="contButton">
    <a class="button bgRed white addToCart" href="#">Add</a>
</div>
</div><div class="left product prod27"
        data-name="Shamp Pantene 1in1 Ricci 225ml"
        data-price="3.25"
        data-id="32806"
        data-available="yes"
        data-category="543615"
        data-bestselling="">
    <a href="https://www.spesati.com/shamp-pantene-1in1-ricci-225ml">
        <div style="background-image: url('https://cdn.spesati.com/images/products/000434083/pantene-shampoo-ricci-perfetti-225-ml-01.png')">
            <div class="hover"></div>
            
            <div class="stickers"></div>
        </div>
    </a>
    <div>
        <h4><a href="https://www.spesati.com/shamp-pantene-1in1-ricci-225ml"><b>Shamp Pantene 1in1 Ricci 225ml</b></a></h4>
        <p class="description">Pantene Shampoo Ricci Perfetti 225 ml</p>
        <p class="right price"><b>3.25 €</b></p>
        <p class="right unitPrice">14.44 € per litre</p>
    </div>
    <div class="contButton">
    <a class="button bgRed white addToCart" href="#">Add</a>
</div>
</div><div class="left product prod28"
        data-name="Shamp Pantene 1in1 Lis&set 225"
        data-price="3.25"
        data-id="32805"
        data-available="yes"
        data-category="543615"
        data-bestselling="">
    <a href="https://www.spesati.com/shamp-pantene-1in1-lisset-225">
        <div style="background-image: url('https://cdn.spesati.com/images/products/000434082/pantene-shampoo-lisci-effetto-seta-225-ml-01.png')">
            <div class="hover"></div>
            
            <div class="stickers"></div>
        </div>
    </a>
    <div>
        <h4><a href="https://www.spesati.com/shamp-pantene-1in1-lisset-225"><b>Shamp Pantene 1in1 Lis&set 225</b></a></h4>
        <p class="description">Pantene Shampoo Lisci Effetto Seta 225 ml</p>
        <p class="right price"><b>3.25 €</b></p>
        <p class="right unitPrice">14.44 € per litre</p>
    </div>
    <div class="contButton">
    <a class="button bgRed white addToCart" href="#">Add</a>
</div>
</div><div class="left product prod29"
        data-name="Shamp Pantene 1in1 Class 225ml"
        data-price="3.25"
        data-id="32804"
        data-available="yes"
        data-category="543615"
        data-bestselling="">
    <a href="https://www.spesati.com/shamp-pantene-1in1-class-225ml">
        <div style="background-image: url('https://cdn.spesati.com/images/products/000434080/pantene-shampoo-linea-classica-225-ml-01.png')">
            <div class="hover"></div>
            
            <div class="stickers"></div>
        </div>
    </a>
    <div>
        <h4><a href="https://www.spesati.com/shamp-pantene-1in1-class-225ml"><b>Shamp Pantene 1in1 Class 225ml</b></a></h4>
        <p class="description">Pantene Shampoo Linea Classica 225 ml</p>
        <p class="right price"><b>3.25 €</b></p>
        <p class="right unitPrice">14.44 € per litre</p>
    </div>
    <div class="contButton">
    <a class="button bgRed white addToCart" href="#">Add</a>
</div>
</div><div class="left product prod30"
        data-name="Sunsilk Shampoo Morbidezza Luminosita'"
        data-price="3.25"
        data-id="322"
        data-available="yes"
        data-category="543615"
        data-bestselling="">
    <a href="https://www.spesati.com/sunsilk-shampoo-morbidezza-luminosita">
        <div style="background-image: url('https://cdn.spesati.com/images/products/000304647/sunsilk-morbidi-e-luminosi-shampoo-per-capelli-secchi-250-ml-01.png')">
            <div class="hover"></div>
            
            <div class="stickers"></div>
        </div>
    </a>
    <div>
        <h4><a href="https://www.spesati.com/sunsilk-shampoo-morbidezza-luminosita"><b>Sunsilk Shampoo Morbidezza Luminosita'</b></a></h4>
        <p class="description">sunsilk Morbidi e Luminosi Shampoo per Capelli Secchi 250 mL</p>
        <p class="right price"><b>3.25 €</b></p>
        <p class="right unitPrice">13.01 € per litre</p>
    </div>
    <div class="contButton">
    <a class="button bgRed white addToCart" href="#">Add</a>
</div>
</div><div class="left product prod31"
        data-name="Balsamo Sunsilk Effetto Liscio 200Ml"
        data-price="2.59"
        data-id="6749"
        data-available="yes"
        data-category="543615"
        data-bestselling="">
    <a href="https://www.spesati.com/balsamo-sunsilk-effetto-liscio-200ml">
        <div style="background-image: url('https://cdn.spesati.com/images/products/000304637/sunsilk-liscio-perfetto-balsamo-per-capelli-lisci-200-ml-01.png')">
            <div class="hover"></div>
            
            <div class="stickers"></div>
        </div>
    </a>
    <div>
        <h4><a href="https://www.spesati.com/balsamo-sunsilk-effetto-liscio-200ml"><b>Balsamo Sunsilk Effetto Liscio 200Ml</b></a></h4>
        <p class="description">sunsilk Liscio Perfetto Balsamo per Capelli Lisci 200 mL</p>
        <p class="right price"><b>2.59 €</b></p>
        <p class="right unitPrice">12.96 € per litre</p>
    </div>
    <div class="contButton">
    <a class="button bgRed white addToCart" href="#">Add</a>
</div>
</div><div class="left product prod32"
        data-name="Sunsilk Balsamo Ricci"
        data-price="2.59"
        data-id="316"
        data-available="yes"
        data-category="543615"
        data-bestselling="">
    <a href="https://www.spesati.com/sunsilk-balsamo-ricci">
        <div style="background-image: url('https://cdn.spesati.com/images/products/000304634/sunsilk-ricci-da-sogno-balsamo-per-capelli-ricci-200-ml-01.png')">
            <div class="hover"></div>
            
            <div class="stickers"></div>
        </div>
    </a>
    <div>
        <h4><a href="https://www.spesati.com/sunsilk-balsamo-ricci"><b>Sunsilk Balsamo Ricci</b></a></h4>
        <p class="description">sunsilk Ricci da Sogno Balsamo per Capelli Ricci 200 mL</p>
        <p class="right price"><b>2.59 €</b></p>
        <p class="right unitPrice">12.96 € per litre</p>
    </div>
    <div class="contButton">
    <a class="button bgRed white addToCart" href="#">Add</a>
</div>
</div><div class="left product prod33"
        data-name="Sunsilk Shampoo Lisci"
        data-price="3.25"
        data-id="321"
        data-available="yes"
        data-category="543615"
        data-bestselling="">
    <a href="https://www.spesati.com/sunsilk-shampoo-lisci">
        <div style="background-image: url('https://cdn.spesati.com/images/products/000304629/sunsilk-liscio-perfetto-shampoo-per-capelli-lisci-200-ml-01.png')">
            <div class="hover"></div>
            
            <div class="stickers"></div>
        </div>
    </a>
    <div>
        <h4><a href="https://www.spesati.com/sunsilk-shampoo-lisci"><b>Sunsilk Shampoo Lisci</b></a></h4>
        <p class="description">sunsilk Liscio Perfetto Shampoo per Capelli Lisci 200 mL</p>
        <p class="right price"><b>3.25 €</b></p>
        <p class="right unitPrice">13.01 € per litre</p>
    </div>
    <div class="contButton">
    <a class="button bgRed white addToCart" href="#">Add</a>
</div>
</div><div class="left product prod34"
        data-name="Sunsilk Shampoo Ricci"
        data-price="3.25"
        data-id="323"
        data-available="yes"
        data-category="543615"
        data-bestselling="">
    <a href="https://www.spesati.com/sunsilk-shampoo-ricci">
        <div style="background-image: url('https://cdn.spesati.com/images/products/000304625/sunsilk-ricci-da-sogno-shampoo-per-capelli-ricci-250-ml-01.png')">
            <div class="hover"></div>
            
            <div class="stickers"></div>
        </div>
    </a>
    <div>
        <h4><a href="https://www.spesati.com/sunsilk-shampoo-ricci"><b>Sunsilk Shampoo Ricci</b></a></h4>
        <p class="description">sunsilk Ricci da Sogno Shampoo per Capelli Ricci 250 mL</p>
        <p class="right price"><b>3.25 €</b></p>
        <p class="right unitPrice">13.01 € per litre</p>
    </div>
    <div class="contButton">
    <a class="button bgRed white addToCart" href="#">Add</a>
</div>
</div><div class="left product prod35"
        data-name="Shamp Sunsilk Lisci 2in1 250ml"
        data-price="3.25"
        data-id="29820"
        data-available="yes"
        data-category="543615"
        data-bestselling="">
    <a href="https://www.spesati.com/shamp-sunsilk-lisci-2in1-250ml">
        <div style="background-image: url('https://cdn.spesati.com/images/products/000304622/sunsilk-liscio-perfetto-shampoo-2in1-per-capelli-lisci-250-ml-01.png')">
            <div class="hover"></div>
            
            <div class="stickers"></div>
        </div>
    </a>
    <div>
        <h4><a href="https://www.spesati.com/shamp-sunsilk-lisci-2in1-250ml"><b>Shamp Sunsilk Lisci 2in1 250ml</b></a></h4>
        <p class="description">sunsilk Liscio Perfetto Shampoo 2in1 per Capelli Lisci 250 mL</p>
        <p class="right price"><b>3.25 €</b></p>
        <p class="right unitPrice">13.01 € per litre</p>
    </div>
    <div class="contButton">
    <a class="button bgRed white addToCart" href="#">Add</a>
</div>
</div><div class="left product prod36"
        data-name="Head Shoulders Shampoo 2in1 Antiforfora"
        data-price="3.05"
        data-id="295"
        data-available="yes"
        data-category="543615"
        data-bestselling="">
    <a href="https://www.spesati.com/head-shoulders-shampoo-2in1-antiforfora">
        <div style="background-image: url('https://cdn.spesati.com/images/products/000303587/head-shoulders-antiforfora-shampoo-balsamo-2in1-antiprurito-225-ml-01.png')">
            <div class="hover"></div>
            
            <div class="stickers"></div>
        </div>
    </a>
    <div>
        <h4><a href="https://www.spesati.com/head-shoulders-shampoo-2in1-antiforfora"><b>Head Shoulders Shampoo 2in1 Antiforfora</b></a></h4>
        <p class="description">Head & Shoulders Antiforfora Shampoo + Balsamo 2in1 Antiprurito* 225 ml</p>
        <p class="right price"><b>3.05 €</b></p>
        <p class="right unitPrice">12.20 € per litre</p>
    </div>
    <div class="contButton">
    <a class="button bgRed white addToCart" href="#">Add</a>
</div>
</div><div class="left product prod37"
        data-name="Bals Fructis Hydra Liss 200 Ml"
        data-price="2.49"
        data-id="29707"
        data-available="yes"
        data-category="543615"
        data-bestselling="">
    <a href="https://www.spesati.com/bals-fructis-hydra-liss-200-ml">
        <div style="background-image: url('https://cdn.spesati.com/images/products/000303543/garnier-balsamo-fructis-hydra-liss-shine-per-capelli-secchi-o-crespi-200-ml-01.png')">
            <div class="hover"></div>
            <p class="arrow bgRed white">Offer</p>
            <div class="stickers"></div>
        </div>
    </a>
    <div>
        <h4><a href="https://www.spesati.com/bals-fructis-hydra-liss-200-ml"><b>Bals Fructis Hydra Liss 200 Ml</b></a></h4>
        <p class="description">Garnier Balsamo Fructis Hydra Liss & Shine, per Capelli Secchi o Crespi, 200 ml</p>
        <p class="left offer red">2.99 €</p>
<p class="right price"><b>2.49 €</b></p>
        <p class="right unitPrice">12.46 € per litre</p>
    </div>
    <div class="contButton">
    <a class="button bgRed white addToCart" href="#">Add</a>
</div>
</div><div class="left product prod38"
        data-name="Shamp Fructis Normali 250 Ml"
        data-price="2.49"
        data-id="29705"
        data-available="yes"
        data-category="543615"
        data-bestselling="">
    <a href="https://www.spesati.com/shamp-fructis-normali-250-ml">
        <div style="background-image: url('https://cdn.spesati.com/images/products/000303535/garnier-shampoo-fructis-capelli-normali-capelli-forti-e-brillanti-250-ml-01.png')">
            <div class="hover"></div>
            <p class="arrow bgRed white">Offer</p>
            <div class="stickers"></div>
        </div>
    </a>
    <div>
        <h4><a href="https://www.spesati.com/shamp-fructis-normali-250-ml"><b>Shamp Fructis Normali 250 Ml</b></a></h4>
        <p class="description">Garnier Shampoo Fructis Capelli Normali, Capelli Forti e Brillanti, 250 ml</p>
        <p class="left offer red">3.05 €</p>
<p class="right price"><b>2.49 €</b></p>
        <p class="right unitPrice">9.96 € per litre</p>
    </div>
    <div class="contButton">
    <a class="button bgRed white addToCart" href="#">Add</a>
</div>
</div><div class="left product prod39"
        data-name="Shamp Fructis Normali 2in1 250"
        data-price="2.49"
        data-id="29704"
        data-available="yes"
        data-category="543615"
        data-bestselling="">
    <a href="https://www.spesati.com/shamp-fructis-normali-2in1-250">
        <div style="background-image: url('https://cdn.spesati.com/images/products/000303530/garnier-shampoo-fructis-capelli-normali-2in1-capelli-forti-e-brillanti-250-ml-01.png')">
            <div class="hover"></div>
            <p class="arrow bgRed white">Offer</p>
            <div class="stickers"></div>
        </div>
    </a>
    <div>
        <h4><a href="https://www.spesati.com/shamp-fructis-normali-2in1-250"><b>Shamp Fructis Normali 2in1 250</b></a></h4>
        <p class="description">Garnier Shampoo Fructis Capelli Normali 2in1, Capelli Forti e Brillanti, 250 ml</p>
        <p class="left offer red">3.05 €</p>
<p class="right price"><b>2.49 €</b></p>
        <p class="right unitPrice">9.96 € per litre</p>
    </div>
    <div class="contButton">
    <a class="button bgRed white addToCart" href="#">Add</a>
</div>
</div><div class="left product prod40"
        data-name="Balsamo Splendor Cocco 300Ml"
        data-price="1.39"
        data-id="6757"
        data-available="yes"
        data-category="543615"
        data-bestselling="1">
    <a href="https://www.spesati.com/balsamo-splendor-cocco-300ml">
        <div style="background-image: url('https://cdn.spesati.com/images/products/000303420/splendor-balsamo-addolcente-al-cocco-capelli-lunghi-e-ribelli-300-ml-01.png')">
            <div class="hover"></div>
            <p class="arrow bgRed white">Best Seller</p>
            <div class="stickers"></div>
        </div>
    </a>
    <div>
        <h4><a href="https://www.spesati.com/balsamo-splendor-cocco-300ml"><b>Balsamo Splendor Cocco 300Ml</b></a></h4>
        <p class="description">Splend'Or Balsamo addolcente al cocco capelli lunghi e ribelli 300 ml</p>
        <p class="right price"><b>1.39 €</b></p>
        <p class="right unitPrice">4.64 € per litre</p>
    </div>
    <div class="contButton">
    <a class="button bgRed white addToCart" href="#">Add</a>
</div>
</div><div class="left product prod41"
        data-name="Shampoo dimension 2in1 normali 250ml"
        data-price="1.49"
        data-id="5326"
        data-available="yes"
        data-category="543615"
        data-bestselling="">
    <a href="https://www.spesati.com/shampoo-dimension-2in1-normali-250ml">
        <div style="background-image: url('https://cdn.spesati.com/images/products/000302866/dimension-by-lux-shampoo-balsamo-2in1-capelli-normali-effetto-brillantezza-250-ml-01.png')">
            <div class="hover"></div>
            
            <div class="stickers"></div>
        </div>
    </a>
    <div>
        <h4><a href="https://www.spesati.com/shampoo-dimension-2in1-normali-250ml"><b>Shampoo dimension 2in1 normali 250ml</b></a></h4>
        <p class="description">Dimension by Lux Shampoo & Balsamo 2in1 Capelli Normali Effetto Brillantezza 250 ml</p>
        <p class="right price"><b>1.49 €</b></p>
        <p class="right unitPrice">5.95 € per litre</p>
    </div>
    <div class="contButton">
    <a class="button bgRed white addToCart" href="#">Add</a>
</div>
</div><div class="left product prod42"
        data-name="Shampoo dimension 2in1 lisci 250ml"
        data-price="1.49"
        data-id="5327"
        data-available="yes"
        data-category="543615"
        data-bestselling="">
    <a href="https://www.spesati.com/shampoo-dimension-2in1-lisci-250ml">
        <div style="background-image: url('https://cdn.spesati.com/images/products/000302865/dimension-by-lux-shampoo-balsamo-2in1-capelli-lisci-effetto-seta-250-ml-01.png')">
            <div class="hover"></div>
            
            <div class="stickers"></div>
        </div>
    </a>
    <div>
        <h4><a href="https://www.spesati.com/shampoo-dimension-2in1-lisci-250ml"><b>Shampoo dimension 2in1 lisci 250ml</b></a></h4>
        <p class="description">Dimension by Lux Shampoo & Balsamo 2in1 Capelli Lisci Effetto Seta 250 ml</p>
        <p class="right price"><b>1.49 €</b></p>
        <p class="right unitPrice">5.95 € per litre</p>
    </div>
    <div class="contButton">
    <a class="button bgRed white addToCart" href="#">Add</a>
</div>
</div><div class="left product prod43"
        data-name="Shamp Splendor Cocco 300ml"
        data-price="1.55"
        data-id="29597"
        data-available="yes"
        data-category="543615"
        data-bestselling="1">
    <a href="https://www.spesati.com/shamp-splendor-cocco-300ml">
        <div style="background-image: url('https://cdn.spesati.com/images/products/000302817/splendor-shampoo-addolcente-al-cocco-per-tutti-i-tipi-di-capelli-300-ml-01.png')">
            <div class="hover"></div>
            <p class="arrow bgRed white">Best Seller</p>
            <div class="stickers"></div>
        </div>
    </a>
    <div>
        <h4><a href="https://www.spesati.com/shamp-splendor-cocco-300ml"><b>Shamp Splendor Cocco 300ml</b></a></h4>
        <p class="description">Splend'Or Shampoo addolcente al cocco per Tutti i Tipi di Capelli 300 mL</p>
        <p class="right price"><b>1.55 €</b></p>
        <p class="right unitPrice">5.16 € per litre</p>
    </div>
    <div class="contButton">
    <a class="button bgRed white addToCart" href="#">Add</a>
</div>
</div><div class="left product prod44"
        data-name="Fructis Balsamo Hydra Ricci"
        data-price="2.49"
        data-id="287"
        data-available="yes"
        data-category="543615"
        data-bestselling="">
    <a href="https://www.spesati.com/fructis-balsamo-hydra-ricci">
        <div style="background-image: url('https://cdn.spesati.com/images/products/000302509/garnier-balsamo-fructis-hydra-ricci-contouring-per-capelli-ricci-tendenti-al-crespo-200-ml-01.png')">
            <div class="hover"></div>
            <p class="arrow bgRed white">Offer</p>
            <div class="stickers"></div>
        </div>
    </a>
    <div>
        <h4><a href="https://www.spesati.com/fructis-balsamo-hydra-ricci"><b>Fructis Balsamo Hydra Ricci</b></a></h4>
        <p class="description">Garnier Balsamo Fructis Hydra Ricci Contouring, per Capelli Ricci Tendenti al Crespo, 200 ml</p>
        <p class="left offer red">2.99 €</p>
<p class="right price"><b>2.49 €</b></p>
        <p class="right unitPrice">12.46 € per litre</p>
    </div>
    <div class="contButton">
    <a class="button bgRed white addToCart" href="#">Add</a>
</div>
</div><div class="left product prod45"
        data-name="Shamp Fructis Hydra Ricci 250"
        data-price="2.49"
        data-id="29550"
        data-available="yes"
        data-category="543615"
        data-bestselling="">
    <a href="https://www.spesati.com/shamp-fructis-hydra-ricci-250">
        <div style="background-image: url('https://cdn.spesati.com/images/products/000302507/garnier-shampoo-fructis-hydra-ricci-contouring-per-capelli-ricchi-tendenti-al-crespo-250-ml-01.png')">
            <div class="hover"></div>
            <p class="arrow bgRed white">Offer</p>
            <div class="stickers"></div>
        </div>
    </a>
    <div>
        <h4><a href="https://www.spesati.com/shamp-fructis-hydra-ricci-250"><b>Shamp Fructis Hydra Ricci 250</b></a></h4>
        <p class="description">Garnier Shampoo Fructis Hydra Ricci Contouring, per Capelli Ricchi Tendenti al Crespo, 250 ml</p>
        <p class="left offer red">3.05 €</p>
<p class="right price"><b>2.49 €</b></p>
        <p class="right unitPrice">9.96 € per litre</p>
    </div>
    <div class="contButton">
    <a class="button bgRed white addToCart" href="#">Add</a>
</div>
</div><div class="left product prod46"
        data-name="Sham Johns Baby 750ml"
        data-price="3.49"
        data-id="89221"
        data-available="yes"
        data-category="543615"
        data-bestselling="">
    <a href="https://www.spesati.com/sham-johns-baby-750ml">
        <div style="background-image: url('https://cdn.spesati.com/images/products/missing-image/missing-image.jpg')">
            <div class="hover"></div>
            
            <div class="stickers"></div>
        </div>
    </a>
    <div>
        <h4><a href="https://www.spesati.com/sham-johns-baby-750ml"><b>Sham Johns Baby 750ml</b></a></h4>
        <p class="description">0.75 Lt</p>
        <p class="right price"><b>3.49 €</b></p>
        <p class="right unitPrice">4.65 € per litre</p>
    </div>
    <div class="contButton">
    <a class="button bgRed white addToCart" href="#">Add</a>
</div>
</div><div class="left product prod47"
        data-name="Shamp Head&should Lisci 225ml"
        data-price="3.05"
        data-id="81606"
        data-available="no"
        data-category="543615"
        data-bestselling="">
    <a href="https://www.spesati.com/shamp-headshould-lisci-225ml">
        <div style="background-image: url('https://cdn.spesati.com/images/products/000442329/head-shoulders-shampoo-antiforfora-lisci-setosi-225-ml-01.png')">
            <div class="hover"></div>
            
            <div class="stickers"></div>
        </div>
    </a>
    <div>
        <h4><a href="https://www.spesati.com/shamp-headshould-lisci-225ml"><b>Shamp Head&should Lisci 225ml</b></a></h4>
        <p class="description">Head & Shoulders Shampoo Antiforfora Lisci & Setosi 225 ml</p>
        <p class="right price"><b>3.05 €</b></p>
        <p class="right unitPrice">13.26 € per litre</p>
    </div>
    <div class="notAvailable">
    <a class="button bgDarkGrey white" href="https://www.spesati.com/shamp-headshould-lisci-225ml">Not available</a>
</div>
</div><div class="left product prod48"
        data-name="Bals Ultr Dolc Argan/mirt 200m"
        data-price="3.47"
        data-id="81320"
        data-available="no"
        data-category="543615"
        data-bestselling="">
    <a href="https://www.spesati.com/bals-ultr-dolc-arganmirt-200m">
        <div style="background-image: url('https://cdn.spesati.com/images/products/000442303/garnier-ultra-dolce-balsamo-allolio-di-argan-e-mirtillo-rosso-per-capelli-trattati-o-colorati-200ml-01.png')">
            <div class="hover"></div>
            
            <div class="stickers"></div>
        </div>
    </a>
    <div>
        <h4><a href="https://www.spesati.com/bals-ultr-dolc-arganmirt-200m"><b>Bals Ultr Dolc Argan/mirt 200m</b></a></h4>
        <p class="description">Garnier Ultra Dolce Balsamo all'Olio di Argan e Mirtillo Rosso per capelli trattati o colorati 200ml</p>
        <p class="right price"><b>3.47 €</b></p>
        <p class="right unitPrice">17.36 € per litre</p>
    </div>
    <div class="notAvailable">
    <a class="button bgDarkGrey white" href="https://www.spesati.com/bals-ultr-dolc-arganmirt-200m">Not available</a>
</div>
</div><div class="left product prod49"
        data-name="Bals Ultr Dolc Tesor Orien 200"
        data-price="3.39"
        data-id="81317"
        data-available="no"
        data-category="543615"
        data-bestselling="">
    <a href="https://www.spesati.com/bals-ultr-dolc-tesor-orien-200">
        <div style="background-image: url('https://cdn.spesati.com/images/products/000442301/garnier-ultra-dolce-balsamo-tesori-di-miele-con-pappa-reale-rinforza-i-capelli-fragili-200-ml-01.png')">
            <div class="hover"></div>
            
            <div class="stickers"></div>
        </div>
    </a>
    <div>
        <h4><a href="https://www.spesati.com/bals-ultr-dolc-tesor-orien-200"><b>Bals Ultr Dolc Tesor Orien 200</b></a></h4>
        <p class="description">Garnier Ultra Dolce Balsamo Tesori di Miele con Pappa reale, rinforza i capelli fragili 200 ml</p>
        <p class="right price"><b>3.39 €</b></p>
        <p class="right unitPrice">16.96 € per litre</p>
    </div>
    <div class="notAvailable">
    <a class="button bgDarkGrey white" href="https://www.spesati.com/bals-ultr-dolc-tesor-orien-200">Not available</a>
</div>
</div><div class="left product prod50"
        data-name="Shamp Ultr Dolc Oliv Mitic 250"
        data-price="3.29"
        data-id="81302"
        data-available="no"
        data-category="543615"
        data-bestselling="">
    <a href="https://www.spesati.com/shamp-ultr-dolc-oliv-mitic-250">
        <div style="background-image: url('https://cdn.spesati.com/images/products/000442295/garnier-ultra-dolce-shampoo-nutriente-oliva-mitica-per-capelli-inariditi-e-sensibilizzati-250-ml-01.png')">
            <div class="hover"></div>
            
            <div class="stickers"></div>
        </div>
    </a>
    <div>
        <h4><a href="https://www.spesati.com/shamp-ultr-dolc-oliv-mitic-250"><b>Shamp Ultr Dolc Oliv Mitic 250</b></a></h4>
        <p class="description">Garnier Ultra Dolce Shampoo nutriente Oliva Mitica per capelli inariditi e sensibilizzati, 250 ml</p>
        <p class="right price"><b>3.29 €</b></p>
        <p class="right unitPrice">13.16 € per litre</p>
    </div>
    <div class="notAvailable">
    <a class="button bgDarkGrey white" href="https://www.spesati.com/shamp-ultr-dolc-oliv-mitic-250">Not available</a>
</div>
</div><div class="left product prod51"
        data-name="Shamp Ultr Dolc Arg/mirt R 250"
        data-price="3.29"
        data-id="81299"
        data-available="no"
        data-category="543615"
        data-bestselling="">
    <a href="https://www.spesati.com/shamp-ultr-dolc-argmirt-r-250">
        <div style="background-image: url('https://cdn.spesati.com/images/products/000442294/garnier-ultra-dolce-shampoo-allolio-di-argan-e-mirtillo-rosso-per-capelli-colorati-250-ml-01.png')">
            <div class="hover"></div>
            
            <div class="stickers"></div>
        </div>
    </a>
    <div>
        <h4><a href="https://www.spesati.com/shamp-ultr-dolc-argmirt-r-250"><b>Shamp Ultr Dolc Arg/mirt R 250</b></a></h4>
        <p class="description">Garnier Ultra Dolce Shampoo all'Olio di Argan e Mirtillo Rosso per capelli colorati, 250 ml</p>
        <p class="right price"><b>3.29 €</b></p>
        <p class="right unitPrice">13.16 € per litre</p>
    </div>
    <div class="notAvailable">
    <a class="button bgDarkGrey white" href="https://www.spesati.com/shamp-ultr-dolc-argmirt-r-250">Not available</a>
</div>
</div><div class="left product prod52"
        data-name="Shamp Ult Dolc Cilieg/mand 250"
        data-price="3.29"
        data-id="81296"
        data-available="no"
        data-category="543615"
        data-bestselling="">
    <a href="https://www.spesati.com/shamp-ult-dolc-ciliegmand-250">
        <div style="background-image: url('https://cdn.spesati.com/images/products/000442293/garnier-ultra-dolce-shampoo-2in1-per-bambine-alla-ciliegia-e-mandorla-dolce-senza-parabeni-250-ml-01.png')">
            <div class="hover"></div>
            
            <div class="stickers"></div>
        </div>
    </a>
    <div>
        <h4><a href="https://www.spesati.com/shamp-ult-dolc-ciliegmand-250"><b>Shamp Ult Dolc Cilieg/mand 250</b></a></h4>
        <p class="description">Garnier Ultra Dolce Shampoo 2in1 per Bambine alla Ciliegia e Mandorla Dolce, senza parabeni, 250 ml</p>
        <p class="right price"><b>3.29 €</b></p>
        <p class="right unitPrice">13.16 € per litre</p>
    </div>
    <div class="notAvailable">
    <a class="button bgDarkGrey white" href="https://www.spesati.com/shamp-ult-dolc-ciliegmand-250">Not available</a>
</div>
</div><div class="left product prod53"
        data-name="Shamp Elvive Liss Intense 285m"
        data-price="4.03"
        data-id="61908"
        data-available="no"
        data-category="543615"
        data-bestselling="">
    <a href="https://www.spesati.com/shamp-elvive-liss-intense-285m">
        <div style="background-image: url('https://cdn.spesati.com/images/products/000434616/loreal-paris-shampoo-elvive-liss-intense-per-capelli-secchi-difficili-da-lisciare-285-ml-01.png')">
            <div class="hover"></div>
            
            <div class="stickers"></div>
        </div>
    </a>
    <div>
        <h4><a href="https://www.spesati.com/shamp-elvive-liss-intense-285m"><b>Shamp Elvive Liss Intense 285m</b></a></h4>
        <p class="description">L'Oréal Paris Shampoo Elvive Liss Intense, Per Capelli Secchi, Difficili da Lisciare, 285 ml</p>
        <p class="right price"><b>4.03 €</b></p>
        <p class="right unitPrice">13.91 € per litre</p>
    </div>
    <div class="notAvailable">
    <a class="button bgDarkGrey white" href="https://www.spesati.com/shamp-elvive-liss-intense-285m">Not available</a>
</div>
</div><div class="left product prod54"
        data-name="Shamp Elvive Antif Grassi 285m"
        data-price="4.38"
        data-id="61899"
        data-available="no"
        data-category="543615"
        data-bestselling="">
    <a href="https://www.spesati.com/shamp-elvive-antif-grassi-285m">
        <div style="background-image: url('https://cdn.spesati.com/images/products/000434613/loreal-paris-shampoo-elvive-antiforfora-per-capelli-grassi-285-ml-01.png')">
            <div class="hover"></div>
            
            <div class="stickers"></div>
        </div>
    </a>
    <div>
        <h4><a href="https://www.spesati.com/shamp-elvive-antif-grassi-285m"><b>Shamp Elvive Antif Grassi 285m</b></a></h4>
        <p class="description">L'Oréal Paris Shampoo Elvive Antiforfora, Per Capelli Grassi, 285 ml</p>
        <p class="right price"><b>4.38 €</b></p>
        <p class="right unitPrice">15.12 € per litre</p>
    </div>
    <div class="notAvailable">
    <a class="button bgDarkGrey white" href="https://www.spesati.com/shamp-elvive-antif-grassi-285m">Not available</a>
</div>
</div><div class="left product prod55"
        data-name="Shamp Elvive Multivit Fres 285"
        data-price="4.38"
        data-id="61893"
        data-available="no"
        data-category="543615"
        data-bestselling="">
    <a href="https://www.spesati.com/shamp-elvive-multivit-fres-285">
        <div style="background-image: url('https://cdn.spesati.com/images/products/000434611/loreal-paris-shampoo-elvive-multivitaminico-fresh-azione-vitalizzante-per-tutti-i-capelli-285-ml-01.png')">
            <div class="hover"></div>
            
            <div class="stickers"></div>
        </div>
    </a>
    <div>
        <h4><a href="https://www.spesati.com/shamp-elvive-multivit-fres-285"><b>Shamp Elvive Multivit Fres 285</b></a></h4>
        <p class="description">L'Oréal Paris Shampoo Elvive Multivitaminico Fresh, Azione Vitalizzante per Tutti i Capelli, 285 ml</p>
        <p class="right price"><b>4.38 €</b></p>
        <p class="right unitPrice">15.12 € per litre</p>
    </div>
    <div class="notAvailable">
    <a class="button bgDarkGrey white" href="https://www.spesati.com/shamp-elvive-multivit-fres-285">Not available</a>
</div>
</div><div class="left product prod56"
        data-name="Shamp Elvive Ricci Sublimi 285"
        data-price="4.38"
        data-id="61881"
        data-available="no"
        data-category="543615"
        data-bestselling="">
    <a href="https://www.spesati.com/shamp-elvive-ricci-sublimi-285">
        <div style="background-image: url('https://cdn.spesati.com/images/products/000434606/loreal-paris-shampoo-elvive-olio-straordinario-ricci-sublimi-per-capelli-ricci-e-secchi-285-ml-01.png')">
            <div class="hover"></div>
            
            <div class="stickers"></div>
        </div>
    </a>
    <div>
        <h4><a href="https://www.spesati.com/shamp-elvive-ricci-sublimi-285"><b>Shamp Elvive Ricci Sublimi 285</b></a></h4>
        <p class="description">L'Oréal Paris Shampoo Elvive Olio Straordinario Ricci Sublimi, Per Capelli Ricci e Secchi, 285 ml</p>
        <p class="right price"><b>4.38 €</b></p>
        <p class="right unitPrice">15.12 € per litre</p>
    </div>
    <div class="notAvailable">
    <a class="button bgDarkGrey white" href="https://www.spesati.com/shamp-elvive-ricci-sublimi-285">Not available</a>
</div>
</div><div class="left product prod57"
        data-name="Bals Elvive Colorvive 250ml"
        data-price="3.59"
        data-id="61875"
        data-available="no"
        data-category="543615"
        data-bestselling="">
    <a href="https://www.spesati.com/bals-elvive-colorvive-250ml">
        <div style="background-image: url('https://cdn.spesati.com/images/products/000434604/loreal-paris-balsamo-elvive-color-vive-per-capelli-colorati-o-con-meches-250-ml-01.png')">
            <div class="hover"></div>
            
            <div class="stickers"></div>
        </div>
    </a>
    <div>
        <h4><a href="https://www.spesati.com/bals-elvive-colorvive-250ml"><b>Bals Elvive Colorvive 250ml</b></a></h4>
        <p class="description">L'Oréal Paris Balsamo Elvive Color Vive, Per Capelli Colorati o con Mèches 250 ml</p>
        <p class="right price"><b>3.59 €</b></p>
        <p class="right unitPrice">14.36 € per litre</p>
    </div>
    <div class="notAvailable">
    <a class="button bgDarkGrey white" href="https://www.spesati.com/bals-elvive-colorvive-250ml">Not available</a>
</div>
</div><div class="left product prod58"
        data-name="Bals Pantene Linea Class 180ml"
        data-price="3.58"
        data-id="32813"
        data-available="no"
        data-category="543615"
        data-bestselling="">
    <a href="https://www.spesati.com/bals-pantene-linea-class-180ml">
        <div style="background-image: url('https://cdn.spesati.com/images/products/000434092/pantene-balsamo-linea-classica-180-ml-01.png')">
            <div class="hover"></div>
            
            <div class="stickers"></div>
        </div>
    </a>
    <div>
        <h4><a href="https://www.spesati.com/bals-pantene-linea-class-180ml"><b>Bals Pantene Linea Class 180ml</b></a></h4>
        <p class="description">Pantene Balsamo Linea Classica 180 ml</p>
        <p class="right price"><b>3.58 €</b></p>
        <p class="right unitPrice">19.89 € per litre</p>
    </div>
    <div class="notAvailable">
    <a class="button bgDarkGrey white" href="https://www.spesati.com/bals-pantene-linea-class-180ml">Not available</a>
</div>
</div><div class="left product prod59"
        data-name="Shamp Pantene 3in1 Ricci 225ml"
        data-price="3.88"
        data-id="32812"
        data-available="no"
        data-category="543615"
        data-bestselling="">
    <a href="https://www.spesati.com/shamp-pantene-3in1-ricci-225ml">
        <div style="background-image: url('https://cdn.spesati.com/images/products/000434091/pantene-shampoobalsamotrattamento-3in1-ricci-perfetti-225-ml-01.png')">
            <div class="hover"></div>
            
            <div class="stickers"></div>
        </div>
    </a>
    <div>
        <h4><a href="https://www.spesati.com/shamp-pantene-3in1-ricci-225ml"><b>Shamp Pantene 3in1 Ricci 225ml</b></a></h4>
        <p class="description">Pantene Shampoo+Balsamo+Trattamento 3in1 Ricci Perfetti 225 ml</p>
        <p class="right price"><b>3.88 €</b></p>
        <p class="right unitPrice">17.23 € per litre</p>
    </div>
    <div class="notAvailable">
    <a class="button bgDarkGrey white" href="https://www.spesati.com/shamp-pantene-3in1-ricci-225ml">Not available</a>
</div>
</div><div class="left product prod60"
        data-name="Shamp Pantene 1in1 Antif 225ml"
        data-price="3.88"
        data-id="32809"
        data-available="no"
        data-category="543615"
        data-bestselling="">
    <a href="https://www.spesati.com/shamp-pantene-1in1-antif-225ml">
        <div style="background-image: url('https://cdn.spesati.com/images/products/000434086/pantene-shampoo-antiforfora-225-ml-01.png')">
            <div class="hover"></div>
            
            <div class="stickers"></div>
        </div>
    </a>
    <div>
        <h4><a href="https://www.spesati.com/shamp-pantene-1in1-antif-225ml"><b>Shamp Pantene 1in1 Antif 225ml</b></a></h4>
        <p class="description">Pantene Shampoo Antiforfora 225 ml</p>
        <p class="right price"><b>3.88 €</b></p>
        <p class="right unitPrice">17.23 € per litre</p>
    </div>
    <div class="notAvailable">
    <a class="button bgDarkGrey white" href="https://www.spesati.com/shamp-pantene-1in1-antif-225ml">Not available</a>
</div>
</div><div class="left product prod61"
        data-name="Shamp Ultr Dolc Vanigl Pap 300"
        data-price="3.67"
        data-id="32165"
        data-available="no"
        data-category="543615"
        data-bestselling="">
    <a href="https://www.spesati.com/shamp-ultr-dolc-vanigl-pap-300">
        <div style="background-image: url('https://cdn.spesati.com/images/products/000313782/garnier-ultra-dolce-shampoo-2in1-al-latte-di-vaniglia-e-polpa-di-papaya-per-capelli-lunghi-300-ml-01.png')">
            <div class="hover"></div>
            
            <div class="stickers"></div>
        </div>
    </a>
    <div>
        <h4><a href="https://www.spesati.com/shamp-ultr-dolc-vanigl-pap-300"><b>Shamp Ultr Dolc Vanigl Pap 300</b></a></h4>
        <p class="description">Garnier Ultra Dolce Shampoo 2in1 al latte di Vaniglia e polpa di Papaya per capelli lunghi, 300 ml</p>
        <p class="right price"><b>3.67 €</b></p>
        <p class="right unitPrice">12.25 € per litre</p>
    </div>
    <div class="notAvailable">
    <a class="button bgDarkGrey white" href="https://www.spesati.com/shamp-ultr-dolc-vanigl-pap-300">Not available</a>
</div>
</div><div class="left product prod62"
        data-name="Shamp Ultra Dolce Camomill 300"
        data-price="3.67"
        data-id="32163"
        data-available="no"
        data-category="543615"
        data-bestselling="">
    <a href="https://www.spesati.com/shamp-ultra-dolce-camomill-300">
        <div style="background-image: url('https://cdn.spesati.com/images/products/000313777/garnier-ultra-dolce-shampoo-allestratto-di-camomilla-e-miele-capelli-chiari-senza-parabeni-300-ml-01.png')">
            <div class="hover"></div>
            
            <div class="stickers"></div>
        </div>
    </a>
    <div>
        <h4><a href="https://www.spesati.com/shamp-ultra-dolce-camomill-300"><b>Shamp Ultra Dolce Camomill 300</b></a></h4>
        <p class="description">Garnier Ultra Dolce Shampoo all'estratto di Camomilla e Miele capelli chiari, senza parabeni, 300 ml</p>
        <p class="right price"><b>3.67 €</b></p>
        <p class="right unitPrice">12.25 € per litre</p>
    </div>
    <div class="notAvailable">
    <a class="button bgDarkGrey white" href="https://www.spesati.com/shamp-ultra-dolce-camomill-300">Not available</a>
</div>
</div><div class="left product prod63"
        data-name="Shamp Ultr Dolc Argil Anic 300"
        data-price="3.67"
        data-id="32161"
        data-available="no"
        data-category="543615"
        data-bestselling="">
    <a href="https://www.spesati.com/shamp-ultr-dolc-argil-anic-300">
        <div style="background-image: url('https://cdn.spesati.com/images/products/000313773/garnier-ultra-dolce-shampoo-purificante-argilla-dolce-e-cedro-per-capelli-grassi-300-ml-01.png')">
            <div class="hover"></div>
            
            <div class="stickers"></div>
        </div>
    </a>
    <div>
        <h4><a href="https://www.spesati.com/shamp-ultr-dolc-argil-anic-300"><b>Shamp Ultr Dolc Argil Anic 300</b></a></h4>
        <p class="description">Garnier Ultra Dolce Shampoo purificante Argilla Dolce e Cedro per capelli grassi 300 ml</p>
        <p class="right price"><b>3.67 €</b></p>
        <p class="right unitPrice">12.25 € per litre</p>
    </div>
    <div class="notAvailable">
    <a class="button bgDarkGrey white" href="https://www.spesati.com/shamp-ultr-dolc-argil-anic-300">Not available</a>
</div>
</div><div class="left product prod64"
        data-name="Shamp Ultra Dolce 5 Piante 300"
        data-price="3.67"
        data-id="32160"
        data-available="no"
        data-category="543615"
        data-bestselling="">
    <a href="https://www.spesati.com/shamp-ultra-dolce-5-piante-300">
        <div style="background-image: url('https://cdn.spesati.com/images/products/000313771/garnier-ultra-dolce-shampoo-5-piante-per-capelli-normali-senza-parabeni-estratti-naturali-300-ml-01.png')">
            <div class="hover"></div>
            
            <div class="stickers"></div>
        </div>
    </a>
    <div>
        <h4><a href="https://www.spesati.com/shamp-ultra-dolce-5-piante-300"><b>Shamp Ultra Dolce 5 Piante 300</b></a></h4>
        <p class="description">Garnier Ultra Dolce Shampoo 5 Piante per capelli normali, senza parabeni, estratti naturali, 300 ml</p>
        <p class="right price"><b>3.67 €</b></p>
        <p class="right unitPrice">12.25 € per litre</p>
    </div>
    <div class="notAvailable">
    <a class="button bgDarkGrey white" href="https://www.spesati.com/shamp-ultra-dolce-5-piante-300">Not available</a>
</div>
</div><div class="left product prod65"
        data-name="Balsamo Ultra Dolce Meraviglia 250Ml"
        data-price="3.68"
        data-id="6754"
        data-available="no"
        data-category="543615"
        data-bestselling="">
    <a href="https://www.spesati.com/balsamo-ultra-dolce-meraviglia-250ml">
        <div style="background-image: url('https://cdn.spesati.com/images/products/000313770/garnier-ultra-dolce-balsamo-meraviglioso-allolio-dargan-e-di-camelia-per-capelli-secchi-250-ml-01.png')">
            <div class="hover"></div>
            
            <div class="stickers"></div>
        </div>
    </a>
    <div>
        <h4><a href="https://www.spesati.com/balsamo-ultra-dolce-meraviglia-250ml"><b>Balsamo Ultra Dolce Meraviglia 250Ml</b></a></h4>
        <p class="description">Garnier Ultra Dolce Balsamo Meraviglioso all'olio d'argan e di camelia per capelli secchi, 250 ml</p>
        <p class="right price"><b>3.68 €</b></p>
        <p class="right unitPrice">14.73 € per litre</p>
    </div>
    <div class="notAvailable">
    <a class="button bgDarkGrey white" href="https://www.spesati.com/balsamo-ultra-dolce-meraviglia-250ml">Not available</a>
</div>
</div><div class="left product prod66"
        data-name="Balsamo Ultra Dolce Camomilla 250Ml"
        data-price="3.68"
        data-id="23060"
        data-available="no"
        data-category="543615"
        data-bestselling="">
    <a href="https://www.spesati.com/balsamo-ultra-dolce-camomilla-250ml">
        <div style="background-image: url('https://cdn.spesati.com/images/products/000313768/garnier-ultra-dolce-balsamo-allestratto-di-camomilla-e-miele-per-capelli-chiari-250-ml-01.png')">
            <div class="hover"></div>
            
            <div class="stickers"></div>
        </div>
    </a>
    <div>
        <h4><a href="https://www.spesati.com/balsamo-ultra-dolce-camomilla-250ml"><b>Balsamo Ultra Dolce Camomilla 250Ml</b></a></h4>
        <p class="description">Garnier Ultra Dolce Balsamo all'estratto di Camomilla e Miele per capelli chiari, 250 ml</p>
        <p class="right price"><b>3.68 €</b></p>
        <p class="right unitPrice">14.73 € per litre</p>
    </div>
    <div class="notAvailable">
    <a class="button bgDarkGrey white" href="https://www.spesati.com/balsamo-ultra-dolce-camomilla-250ml">Not available</a>
</div>
</div><div class="left product prod67"
        data-name="Balsamo Ultra Dolce Vaniglia 250Ml"
        data-price="3.68"
        data-id="6744"
        data-available="no"
        data-category="543615"
        data-bestselling="">
    <a href="https://www.spesati.com/balsamo-ultra-dolce-vaniglia-250ml">
        <div style="background-image: url('https://cdn.spesati.com/images/products/000313765/garnier-ultra-dolce-balsamo-al-latte-di-vaniglia-e-polpa-papaya-per-capelli-lunghi-e-fragili--250l-01.png')">
            <div class="hover"></div>
            
            <div class="stickers"></div>
        </div>
    </a>
    <div>
        <h4><a href="https://www.spesati.com/balsamo-ultra-dolce-vaniglia-250ml"><b>Balsamo Ultra Dolce Vaniglia 250Ml</b></a></h4>
        <p class="description">Garnier Ultra Dolce Balsamo al latte di Vaniglia e polpa Papaya per capelli lunghi e fragili, 250l</p>
        <p class="right price"><b>3.68 €</b></p>
        <p class="right unitPrice">14.73 € per litre</p>
    </div>
    <div class="notAvailable">
    <a class="button bgDarkGrey white" href="https://www.spesati.com/balsamo-ultra-dolce-vaniglia-250ml">Not available</a>
</div>
</div><div class="left product prod68"
        data-name="Sunsilk Balsamo Danneggiati"
        data-price="2.92"
        data-id="311"
        data-available="no"
        data-category="543615"
        data-bestselling="">
    <a href="https://www.spesati.com/sunsilk-balsamo-danneggiati">
        <div style="background-image: url('https://cdn.spesati.com/images/products/000304635/sunsilk-ricostruzione-intensiva-balsamo-200-ml-01.png')">
            <div class="hover"></div>
            
            <div class="stickers"></div>
        </div>
    </a>
    <div>
        <h4><a href="https://www.spesati.com/sunsilk-balsamo-danneggiati"><b>Sunsilk Balsamo Danneggiati</b></a></h4>
        <p class="description">Sunsilk Ricostruzione intensiva Balsamo 200 ml</p>
        <p class="right price"><b>2.92 €</b></p>
        <p class="right unitPrice">14.59 € per litre</p>
    </div>
    <div class="notAvailable">
    <a class="button bgDarkGrey white" href="https://www.spesati.com/sunsilk-balsamo-danneggiati">Not available</a>
</div>
</div><div class="left product prod69"
        data-name="Sunsilk Shampoo Capelli Danneggiati"
        data-price="2.91"
        data-id="319"
        data-available="no"
        data-category="543615"
        data-bestselling="">
    <a href="https://www.spesati.com/sunsilk-shampoo-capelli-danneggiati">
        <div style="background-image: url('https://cdn.spesati.com/images/products/000304626/sunsilk-ricostruzione-intensiva-shampoo-250-ml-01.png')">
            <div class="hover"></div>
            
            <div class="stickers"></div>
        </div>
    </a>
    <div>
        <h4><a href="https://www.spesati.com/sunsilk-shampoo-capelli-danneggiati"><b>Sunsilk Shampoo Capelli Danneggiati</b></a></h4>
        <p class="description">Sunsilk Ricostruzione intensiva Shampoo 250 ml</p>
        <p class="right price"><b>2.91 €</b></p>
        <p class="right unitPrice">11.63 € per litre</p>
    </div>
    <div class="notAvailable">
    <a class="button bgDarkGrey white" href="https://www.spesati.com/sunsilk-shampoo-capelli-danneggiati">Not available</a>
</div>
</div><div class="left product prod70"
        data-name="Head Shoulders Shampoo Lisci Setosi"
        data-price="3.50"
        data-id="296"
        data-available="no"
        data-category="543615"
        data-bestselling="">
    <a href="https://www.spesati.com/head-shoulders-shampoo-lisci-setosi">
        <div style="background-image: url('https://cdn.spesati.com/images/products/000303577/head--shoulders-lisci-e-setosi-shampoo-antiforfora-250-ml-01.png')">
            <div class="hover"></div>
            
            <div class="stickers"></div>
        </div>
    </a>
    <div>
        <h4><a href="https://www.spesati.com/head-shoulders-shampoo-lisci-setosi"><b>Head Shoulders Shampoo Lisci Setosi</b></a></h4>
        <p class="description">Head & Shoulders Lisci e Setosi Shampoo Antiforfora 250 ml</p>
        <p class="right price"><b>3.50 €</b></p>
        <p class="right unitPrice">14.02 € per litre</p>
    </div>
    <div class="notAvailable">
    <a class="button bgDarkGrey white" href="https://www.spesati.com/head-shoulders-shampoo-lisci-setosi">Not available</a>
</div>
</div><div class="left product prod71"
        data-name="Fructis Balsamo Color resist"
        data-price="3.04"
        data-id="286"
        data-available="no"
        data-category="543615"
        data-bestselling="">
    <a href="https://www.spesati.com/fructis-balsamo-color-resist">
        <div style="background-image: url('https://cdn.spesati.com/images/products/000303542/garnier-balsamo-fructis-color-resist-balsamo-per-capelli-colorati-200-ml-01.png')">
            <div class="hover"></div>
            
            <div class="stickers"></div>
        </div>
    </a>
    <div>
        <h4><a href="https://www.spesati.com/fructis-balsamo-color-resist"><b>Fructis Balsamo Color resist</b></a></h4>
        <p class="description">Garnier Balsamo Fructis Color Resist, Balsamo per Capelli Colorati, 200 ml</p>
        <p class="right price"><b>3.04 €</b></p>
        <p class="right unitPrice">15.19 € per litre</p>
    </div>
    <div class="notAvailable">
    <a class="button bgDarkGrey white" href="https://www.spesati.com/fructis-balsamo-color-resist">Not available</a>
</div>
</div><div class="left product prod72"
        data-name="Bals Fructis Addio Danni 200ml"
        data-price="3.49"
        data-id="29619"
        data-available="no"
        data-category="543615"
        data-bestselling="">
    <a href="https://www.spesati.com/bals-fructis-addio-danni-200ml">
        <div style="background-image: url('https://cdn.spesati.com/images/products/000303030/garnier-balsamo-fructis-addio-danni-per-capelli-fragili-o-danneggiati-da-rivitalizzare-200-ml-01.png')">
            <div class="hover"></div>
            
            <div class="stickers"></div>
        </div>
    </a>
    <div>
        <h4><a href="https://www.spesati.com/bals-fructis-addio-danni-200ml"><b>Bals Fructis Addio Danni 200ml</b></a></h4>
        <p class="description">Garnier Balsamo Fructis Addio Danni, per Capelli Fragili o Danneggiati, da Rivitalizzare, 200 ml</p>
        <p class="right price"><b>3.49 €</b></p>
        <p class="right unitPrice">17.43 € per litre</p>
    </div>
    <div class="notAvailable">
    <a class="button bgDarkGrey white" href="https://www.spesati.com/bals-fructis-addio-danni-200ml">Not available</a>
</div>
</div><div class="left product prod73"
        data-name="Shampoo palmolive 2in1 350ml"
        data-price="1.74"
        data-id="5332"
        data-available="no"
        data-category="543615"
        data-bestselling="">
    <a href="https://www.spesati.com/shampoo-palmolive-2in1-350ml">
        <div style="background-image: url('https://cdn.spesati.com/images/products/000302928/palmolive-shampoo-naturals-hydra-balance-2-in-1-con-pesca-100-naturale--tutti-i-tipi-capelli-350-ml-01.png')">
            <div class="hover"></div>
            
            <div class="stickers"></div>
        </div>
    </a>
    <div>
        <h4><a href="https://www.spesati.com/shampoo-palmolive-2in1-350ml"><b>Shampoo palmolive 2in1 350ml</b></a></h4>
        <p class="description">Palmolive shampoo Naturals Hydra Balance 2 in 1 con pesca 100% naturale, tutti i tipi capelli 350 ml</p>
        <p class="right price"><b>1.74 €</b></p>
        <p class="right unitPrice">4.98 € per litre</p>
    </div>
    <div class="notAvailable">
    <a class="button bgDarkGrey white" href="https://www.spesati.com/shampoo-palmolive-2in1-350ml">Not available</a>
</div>
</div><div class="left product prod74"
        data-name="Shampoo palmolive colorati 350ml"
        data-price="1.74"
        data-id="5333"
        data-available="no"
        data-category="543615"
        data-bestselling="">
    <a href="https://www.spesati.com/shampoo-palmolive-colorati-350ml">
        <div style="background-image: url('https://cdn.spesati.com/images/products/000302924/palmolive-shampoo-naturals-brilliant-color-con-melograno-350-ml-01.png')">
            <div class="hover"></div>
            
            <div class="stickers"></div>
        </div>
    </a>
    <div>
        <h4><a href="https://www.spesati.com/shampoo-palmolive-colorati-350ml"><b>Shampoo palmolive colorati 350ml</b></a></h4>
        <p class="description">Palmolive shampoo Naturals Brilliant Color con melograno 350 ml</p>
        <p class="right price"><b>1.74 €</b></p>
        <p class="right unitPrice">4.98 € per litre</p>
    </div>
    <div class="notAvailable">
    <a class="button bgDarkGrey white" href="https://www.spesati.com/shampoo-palmolive-colorati-350ml">Not available</a>
</div>
</div>        </div>
    </div>
</section>
<div class="footer">
    <div class="bgDarkGrey"></div>
    <footer>
        <div class="left bgDarkGrey">
            <a id="logoFooter" href="https://www.spesati.com/" class="estDynamic">
                <img src="http://cdn.spesati.com/images/layout/logo-eng.png" alt="Spesati.com" />
                <h2 class="red">Grocery Delivery</h2>
            </a>
            <a class="button bgRed white mobile" href="tel:390707968318">Phone order</a>
            <a class="button bgRed white desktop" href="https://www.spesati.com/news/2020-04-07/news-on-spesati-the-telephone-order-service-is-active">Phone order</a>
            <a class="button bgRed white" href="https://www.spesati.com/cdn-cgi/l/email-protection#4d24232b220d3e3d283e2c3924632e2220">Send mail</a>
            <div id="social">
                <a class="left" href="https://www.facebook.com/spesati/" rel="external" target="_blank">
                    <span class="facebook bgRed fa-stack fa-lg">
                        <i class="fa fa-facebook fa-stack-1x "></i>
                    </span>
                </a>
                <a class="right" href="https://twitter.com/spesati" rel="external" target="_blank">
                    <span class="twitter bgRed fa-stack fa-lg">
                        <i class="fa fa-twitter fa-stack-1x "></i>
                    </span>
                </a>
            </div>
            <p>Copyright 2024 Spesati.com </p>
            
                    <p>All rights reserved</p>
                    <p>SPESATI SRL</p>
                    <p>Corso Vittorio Veneto 15/I, 07026, Olbia</p>
                    <p>CF e P.Iva: 02772380909</p>
                        </div>
        <div class="center bgRed">
            <div class="top">
                <h3>Categories</h3>
                <div class="col">
                    <ul>
                        <li>
                            <a href="#" class="estDynamic">On sale</a>
                        </li>
                        <li>
                            <a href="https://www.spesati.com/fruit-and-vegetables" class="estDynamic">Fruit and vegetables</a>
                        </li>
                        <li>
                            <a href="https://www.spesati.com/fresh-products" class="estDynamic">Fresh products</a>
                        </li>
                        <li>
                            <a href="https://www.spesati.com/frozen-foods" class="estDynamic">Frozen foods</a>
                        </li>
                        <li>
                            <a href="https://www.spesati.com/bread-and-pasta" class="estDynamic">Bread and pasta</a>
                        </li>
                        <li>
                            <a href="https://www.spesati.com/meat" class="estDynamic">Meat</a>
                        </li>
                        <li>
                            <a href="https://www.spesati.com/fish" class="estDynamic">Fish</a>
                        </li>
                    </ul>
                </div>
                <div class="col">
                    <ul>
                        <li>
                            <a href="https://www.spesati.com/wine-beer-and-spirits" class="estDynamic">Wine beer and spirits</a>
                        </li>
                        <li>
                            <a href="https://www.spesati.com/water-and-drinks" class="estDynamic">Water and drinks</a>
                        </li>
                        <li>
                            <a href="https://www.spesati.com/sweets" class="estDynamic">Sweets</a>
                        </li>
                        <li>
                            <a href="https://www.spesati.com/shelf" class="estDynamic">Cupboard</a>
                        </li>
                        <li>
                            <a href="https://www.spesati.com/personal-care" class="estDynamic">Personal care</a>
                        </li>
                        <li>
                            <a href="https://www.spesati.com/household-and-outdoors" class="estDynamic">Home and outdoors</a>
                        </li>
                        <li>
                            <a href="https://www.spesati.com/pet" class="estDynamic">Pets</a>
                        </li>
                    </ul>
                </div>
                <div class="col">
                    <ul>
                        <li>
                            <a href="https://www.spesati.com/technology" class="estDynamic">Technology</a>
                        </li>
                        <li>
                            <a href="https://www.spesati.com/gluten-free" class="estDynamic">Gluten free</a>
                        </li>
                        <li>
                            <a href="https://www.spesati.com/lactose-free" class="estDynamic">Lactose free</a>
                        </li>
                        <li>
                            <a href="https://www.spesati.com/special" class="estDynamic">Special</a>
                        </li>
                        <li>
                            <a href="https://www.spesati.com/sardinian-products" class="estDynamic">Sardinian products</a>
                        </li>
                    </ul>
                </div>
            </div>
            <div class="bottom bgRed">
                <div class="left">
                    <h3>Delivery payment</h3>
                    <div>
                        <i class="fa fa-money fa-3x" aria-hidden="true"></i>
                        <p>Cash</p>
                    </div>
                    <div>
                        <i class="fa fa-credit-card fa-3x" aria-hidden="true"></i>
                        <p>Bancomat or card</p>
                    </div>
                </div>
                <div class="right">
                    <h3>Online payment</h3>
                    <div>
                        <i class="fa fa-credit-card fa-3x" aria-hidden="true"></i>
                        <p>Credit or debit card <span class="red">online</span></p>
                    </div>
                    <div>
                        <i class="fa fa-paypal fa-3x" aria-hidden="true"></i>
                        <p>PayPal</p>
                    </div>
                    <div>
                        <i class="fa fa-university fa-3x" aria-hidden="true"></i>
                        <p>Bank transfer</p>
                    </div>
                </div>
            </div>
        </div>
        <div class="right bgRed">
            <div>
                <i class="fa fa-truck fa-flip-horizontal"></i>
                <a class="button bgYellow white" href="https://www.spesati.com/delivery-prices">Delivery prices</a>
                
                    <h3>Home delivery:</h3>
                    <p><b>Monday to Saturday</b></p>
                    <p><b>9:00 to 20:00</b></p>
                    <p><b>Minimum order:</b> 29€</p>
                    <p><b>Delivery starting from:</b> 3,50€</p>
                            </div>
            <ul>
                <li>
                    <a href="https://www.spesati.com/delivery-prices">Delivery prices</a>
                </li>
                <li>
                    <a href="https://www.spesati.com/about">About</a>
                </li>
                <li>
                    <a href="https://www.spesati.com/faq">Faq</a>
                </li>
                <li>
                    <a href="https://www.spesati.com/customer-care">Support</a>
                </li>
                <li>
                    <a href="https://www.spesati.com/news">Blog</a>
                </li>
                <li>
                    <a href="https://www.spesati.com/terms-and-conditions">Conditions</a>
                </li>
                <li>
                    <a href="https://www.spesati.com/privacy-policy">Privacy policy</a>
                </li>
                <li>
                    <a href="https://www.spesati.com/legal-warranty">Legal guarantee</a>
                </li>
            </ul>
        </div>
    </footer>
    <div class="bgRed"></div>
</div>
<!--Start of Tawk.to Script-->
<script data-cfasync="false" src="https://www.spesati.com/cdn-cgi/scripts/5c5dd728/cloudflare-static/email-decode.min.js"></script><script type="text/javascript">
var Tawk_API=Tawk_API||{}, Tawk_LoadStart=new Date();
(function(){
var s1=document.createElement("script"),s0=document.getElementsByTagName("script")[0];
s1.async=true;
s1.src='https://embed.tawk.to/59e86945c28eca75e4626ed9/default';
s1.charset='UTF-8';
s1.setAttribute('crossorigin','*');
s0.parentNode.insertBefore(s1,s0);
})();
</script>
<!--End of Tawk.to Script-->

<!-- Here are parked a few translatable strings, useful for Javascript rendering -->
<div id="js-texts" hidden>
    <input type="hidden" name="save_cart_notice" value="Saving your cart it will be possible to reload it next time you come for shopping">
    <input type="hidden" name="save_cart_notice_title" value="Want to save your cart?">
    <input type="hidden" name="save_cart_ok" value="Save">
    <input type="hidden" name="save_cart_ko" value="Don't Save">
    <input type="hidden" name="reload_cart" value="The Reload Order function allows you to top up your last cart to make a New Order. Warning: do not use this function to add products to the last order. At this time it is not possible to modify an order placed previously.">
</div>

<!-- new site and login popup -->
</body>
<!-- Mirrored from www.spesati.com/personal-care/shampoo-and-conditioner by HTTrack Website Copier/3.x [XR&CO'2014], Fri, 23 Feb 2024 18:50:12 GMT -->
</html>