<!DOCTYPE html><html lang="en">
<!-- Mirrored from www.spesati.com/on-offer by HTTrack Website Copier/3.x [XR&CO'2014], Fri, 23 Feb 2024 17:18:35 GMT -->
<!-- Added by HTTrack --><meta http-equiv="content-type" content="text/html;charset=utf-8" /><!-- /Added by HTTrack -->
<head>
    <title>On sale - Spesati.com</title>
    <meta http-equiv="Content-Type" content="text/html; charset=UTF-8" />
    <meta name="description" content="" />
    <meta name="keywords" content="" />
    <link href="images/favicon.ico" rel="shortcut icon" type="image/x-icon" />
    <meta name="author" content="www.dodify.com" /><link rel="canonical" href="on-offer.html" /><link rel="alternate" hreflang="en" href="on-offer.html" /><link rel="alternate" hreflang="it" href="https://www.spesati.it/in-offerta" /><link href="../cdnjs.cloudflare.com/ajax/libs/meyer-reset/2.0/reset.min.css" rel="stylesheet" type="text/css" /><link href="../cdnjs.cloudflare.com/ajax/libs/font-awesome/6.5.1/css/all.min.css" rel="stylesheet" type="text/css" /><link href="https://fonts.googleapis.com/css?family=Montserrat:400,700" rel="stylesheet" type="text/css" /><link href="../cdnjs.cloudflare.com/ajax/libs/fancybox/2.1.5/jquery.fancybox.min.css" rel="stylesheet" type="text/css" /><link href="style/mainbea6.css?v=7" rel="stylesheet" type="text/css" /><link href="style/lightslider.css" rel="stylesheet" type="text/css" /><link href="style/categories.css" rel="stylesheet" type="text/css" /><script src="../cdnjs.cloudflare.com/ajax/libs/jquery/3.6.1/jquery.min.js" type="text/javascript"></script><script src="../ajax.googleapis.com/ajax/libs/jquery/1.11.0/jquery.min.js" type="text/javascript"></script><script src="http://unpkg.com/@floating-ui/core@0.4.0" type="text/javascript"></script><script src="http://unpkg.com/@floating-ui/dom@0.2.0" type="text/javascript"></script><script src="../cdnjs.cloudflare.com/ajax/libs/fancybox/2.1.5/jquery.fancybox.min.js" type="text/javascript"></script><script src="js/menu.js" type="text/javascript"></script><script src="js/interfaceb6f5.js?v=10" type="text/javascript"></script><script src="js/spesati.lightslider.min.js" type="text/javascript"></script><meta name="viewport" content="width=device-width, initial-scale=1, maximum-scale=1" /><meta name = "format-detection" content = "telephone=no">
<!-- Facebook Pixel Code -->
<script>
  !function(f,b,e,v,n,t,s)
  {if(f.fbq)return;n=f.fbq=function(){n.callMethod?
  n.callMethod.apply(n,arguments):n.queue.push(arguments)};
  if(!f._fbq)f._fbq=n;n.push=n;n.loaded=!0;n.version='2.0';
  n.queue=[];t=b.createElement(e);t.async=!0;
  t.src=v;s=b.getElementsByTagName(e)[0];
  s.parentNode.insertBefore(t,s)}(window, document,'script',
  '../connect.facebook.net/en_US/fbevents.js');
  fbq('init', '792335014180667');
  fbq('track', 'PageView');
</script>
<noscript>
    <img height="1" width="1" style="display:none" src="https://www.facebook.com/tr?id=792335014180667&amp;ev=PageView&amp;noscript=1" />
</noscript>
<!-- End Facebook Pixel Code -->

<!-- GA4 -->
<script async src="https://www.googletagmanager.com/gtag/js?id=G-SSS6NRNXL0"></script>
<script>
  window.dataLayer = window.dataLayer || [];
  function gtag(){dataLayer.push(arguments);}
  gtag('js', new Date());
  gtag('config', 'AW-976671669');
  gtag('config', 'G-SSS6NRNXL0');
</script>
<!-- Elements for PWA deploy -->
<link rel="manifest" href="manifest.json">
<meta name="theme-color" media="(prefers-color-scheme: light)" content="white">
<meta name="theme-color" media="(prefers-color-scheme: dark)"  content="black">
<link href=images/icon-192.png rel=apple-touch-icon sizes="192x192">
<!-- Establishment logic -->
<script>var pageEstablishment = "Olbia"; var estDefaultPages = true</script>
    <!--[if lt IE 9]>
        <script src="https://cdnjs.cloudflare.com/ajax/libs/html5shiv/3.7.3/html5shiv.min.js" type="text/javascript"></script>
    <![endif]--><script type="text/javascript">
$(document).ready(function() {
    // Check if exists cookie
    if(document.cookie.indexOf("cookieAccepted") < 0) {
        var cookieText = '<div id=\"cookie\"><p>This site uses cookies. Cookies are used for ads personalisation. <a href=\"/privacy-policy\">More info</a></p><button id=\"cookieConsent\" type=\"button\">Accept</button></div>';
        $("body").append($(
            cookieText
        ));
        $('#cookie').css({
            'width'           : '100%',
            'text-align'      : 'center',
            'color'           : '#FFFFFF',
            'background-color': '#000000', 
            'opacity'         : '.8', 
            'position'        : 'fixed', 
            'bottom'          : '0',
            'padding'         : '.5em 0',
            'z-index'         : '999'
        });
        $('#cookie > *').css({
            'display': 'inline'
        });
        $('#cookie a').css({
            'color'          : '#FFFFFF',
            'text-decoration': 'underline',
            'margin-right'   : '2%'
        });
        $('#cookieConsent').click(function() {
            // Set cookie
            var expiry = new Date();
            expiry.setTime(expiry.getTime() + (365 * 24 * 60 * 60 * 1000));
            document.cookie = "cookieAccepted=yes; expires=" + expiry.toGMTString() + "; path=/; domain=.spesati.com";
            $('#cookie').css({'display': 'none'});
        });
    }
});
</script></head><body><script type="text/javascript">
    var addText = "Add";
    var slider  = null;
    $(document).ready(function() {
        slider = $('#cartSlider').lightSlider({
            controls: false,
            item:13,
            loop:false,
            slideMove:1,
            easing: 'cubic-bezier(0.25, 0, 0.25, 1)',
            speed:600,
            responsive : [
                {
                    breakpoint:1400,
                    settings: {
                        item:12,
                        slideMove:1,
                    }
                },
                {
                    breakpoint:1200,
                    settings: {
                        item:11,
                        slideMove:1,
                    }
                },
                {
                    breakpoint:1080,
                    settings: {
                        item:14,
                        slideMove:1,
                    }
                },
                {
                    breakpoint:800,
                    settings: {
                        item:12,
                        slideMove:1,
                    }
                }
            ]
        });
        $('.lSPager').css("display","none");
        $('.lSAction').css("display","block");
        $('#goToPrevSlide').on('click', function () {
            slider.goToPrevSlide();
        });
        $('#goToNextSlide').on('click', function () {
            slider.goToNextSlide();
        });
    });

</script>
<div id="header" class="bgYellow">
    <header>
        <a class="menu" href="#"><i class="fa red fa-bars fa-2x"></i></a>
        <a id="logo" class="colLeft estDynamic" href="index.html">
            <img src="../cdn.spesati.com/images/layout/logo-eng.png" alt="Spesati.com" />
            <h2 class="red">Grocery Delivery</h2>
        </a>
        <div class="colRight">
            <div id="controls" class="right">
                <p id="establishmentControls">
                    <span class="establishmentWarning"><i class="fa-solid fa-triangle-exclamation red" title="Stai visualizzando i prodotti disponibili in una zona diversa. Se vuoi cambiare zona, cliccan qui"></i>&nbsp;&nbsp;</span>
                    Shopping from <b><a id="establishment" href="#"></a></b> <span id="estAddress">for </span> <a href="change-establishment.html">(<i class="fa-solid fa-pencil"></i> Change)</a> <span class="establishmentWarning">but viewing <b>Olbia</b></span>
                </p>
                <p><a href="https://www.spesati.it/in-offerta" class="black switch-site">Versione italiana</a></p>                
            </div>
            <div>
                <form id="search" action="https://www.spesati.com/search" method="post" class="left">
                    <fieldset>
                        <div>
                            <input type="text" name="searchBox" id="searchBox" placeholder="Search for a product"></input>
                            <input id="searchButton" type="submit" name="searchButton" class="button bgRed white left" value="Find" />
                        </div>
                    </fieldset>
                </form>
                <div class="center left">
                    <a class="button bgRed white log-in" href="login.html">Login</a>
                    <a class="button bgRed white sign-up" href="sign-up.html">Sign up</a>
                    <a class="button bgRed white profile" href="profile.html">Profile</a>
                    <a class="button bgRed white log-out" href="index.html" data-endpoint-check-cart="https://api.spesati.com/cart/check">Logout</a>
                </div>
                <div class="right user-function-icons">
                    <a class="red left account"><i class="fa fa-user fa-3x"></i></a>
                    <div id="dropdown">
                        <a class="log-in button bgRed white" href="login.html">Login</a>
                        <a class="sign-up button bgRed white" href="sign-up.html">Sign up</a>
                        <a class="profile button bgRed white" href="profile.html">Profile</a>
                        <a class="log-out button bgRed white" href="index.html">Logout</a>
                    </div>

                    <div class="cart left">
                        <i class="fa fa-sm fa-shopping-cart red" aria-hidden="true" id="shipping-cart-button"></i>
                        <p id="cartQuantity"></p>
                    </div>

                    <a class="right" href="cart.html"><p class="black" id="cartTotal"></p></a>
                </div>
            </div>
                            <div id="previewCart">
                    <i id="goToPrevSlide" class="yellow fa fa-angle-left fa-2x" aria-hidden="true"></i>
                    <div><ul id="cartSlider"></ul></div>
                    <i id="goToNextSlide" class="yellow fa fa-angle-right fa-2x" aria-hidden="true"></i>
                </div>
                    </div>
    </header>

    <div id="shipping-cart-options" data-inited="false">
        <a href="cart.html" class="goto-cart">checkout</a>
        <a href="#" data-endpoint-auth="https://api.spesati.com/cart/save" data-endpoint-noauth="/login" class="save-cart">save</a>
        <a href="#" data-endpoint-auth="https://api.spesati.com/cart/load" class="load-cart">load</a>
    </div>
</div>
<div id="menuCategoriesMobile" class="mobile bgRed">
    <div class="closeMenu">
        <i class="fa fa-times fa-2x white"></i>
        Close
    </div>
    <ul class="bgRed white">
        <div id="langMobile" class="right">
        <a href="https://www.spesati.it/in-offerta" class="white switch-site"><p>Versione italiana</p></a>    </div>
        <li><a>Categories</a>
            <ul class="bgWhite">
                <li>
                    <img src="../cdn.spesati.com/images/menu/on-sale.png"/>
                    On sale                    <i class="fa fa-angle-down" aria-hidden="true"></i>
                    <ul class="sub-menu">
                    <li>
    <a href="tacchino-fesa-a-fette.html">Tacchino Fesa A Fette</a>
</li><li>
    <a href="amaro-montenegro-15lt.html">Amaro Montenegro 1,5lt</a>
</li><li>
    <a href="carbone-di-legna-sacco-10kg.html">Carbone Di Legna Sacco 10Kg</a>
</li><li>
    <a href="filu-e-ferru-silvio-carta-70cl.html">Filu E Ferru Silvio Carta 70Cl</a>
</li><li>
    <a href="braciole-suino-con-cotenna.html">Braciole Suino Con Cotenna</a>
</li><li>
    <a href="bovino-adulto-polpa.html">Bovino Adulto Polpa</a>
</li><li>
    <a href="vino-la-palma-cannonau-le-bombarde.html">Vino La Palma Cannonau Le Bombarde</a>
</li><li>
    <a href="fettine-sceltissime-bovino-adulto.html">Fettine Sceltissime Bovino Adulto</a>
</li><li>
    <a href="suino-fettine-scelte.html">Suino Fettine Scelte</a>
</li><li>
    <a href="lavazza-caffe-qualita-rossa-2x250gr.html">Lavazza Caffé Qualità Rossa 2x250gr</a>
</li>                        <li>
                            <a class="estDynamic" href="on-offer.html">All products on sale</a>
                        </li>
                    </ul>
                </li>
                <li>
                    <img src="../cdn.spesati.com/images/menu/gift.png"/>
                    Gifts                    <i class="fa fa-angle-down" aria-hidden="true"></i>
                    <ul class="sub-menu">
                        <li>
    <a href="gift-card-da-150.html">Gift Card Da 150</a>
</li><li>
    <a href="gift-card-da-100.html">Gift Card Da 100</a>
</li><li>
    <a href="gift-card-da-50.html">Gift Card Da 50</a>
</li><li>
    <a href="gift-card-da-25.html">Gift Card Da 25</a>
</li>                        <li>
                            <a class="estDynamic" href="gift.html">All products in the gifts category</a>
                        </li>
                    </ul>
                </li>
                <li>
                    <img src="../cdn.spesati.com/images/menu/gift-card.png"/>
                    Gift card and discounts                    <i class="fa fa-angle-down" aria-hidden="true"></i>
                    <ul class="sub-menu">
                        <li>
    <a href="gift-card-da-150.html">Gift Card Da 150</a>
</li><li>
    <a href="gift-card-da-100.html">Gift Card Da 100</a>
</li><li>
    <a href="gift-card-da-50.html">Gift Card Da 50</a>
</li><li>
    <a href="gift-card-da-25.html">Gift Card Da 25</a>
</li>                    </ul>
                </li>
                <li>
                    <img src="../cdn.spesati.com/images/menu/fuit-and-vegetables.png"/>
                    Fruit and vegetables                    <i class="fa fa-angle-down" aria-hidden="true"></i>
                    <ul class="sub-menu">
                        <li>
                            <a class="estDynamic" href="fruit-and-vegetables/pulses-and-beans.html">Cereals and pulses and beans</a>
                        </li>
                        <li>
                            <a class="estDynamic" href="fruit-and-vegetables/fruit.html">Fruit</a>
                        </li>
                        <li>
                            <a class="estDynamic" href="fruit-and-vegetables/canned-fruit.html">Canned fruit</a>
                        </li>
                        <li>
                            <a class="estDynamic" href="fruit-and-vegetables/dried-fruit.html">Dried fruit</a>
                        </li>
                        <li>
                            <a class="estDynamic" href="fruit-and-vegetables/ready-salads.html">Ready salads</a>
                        </li>
                        <li>
                            <a class="estDynamic" href="fruit-and-vegetables/fresh-spices.html">Fresh spices</a>
                        </li>
                        <li>
                            <a class="estDynamic" href="fruit-and-vegetables/vegetables.html">Vegetables and soy</a>
                        </li>
                    </ul>
                </li>
                <li>
                    <img src="../cdn.spesati.com/images/menu/fresh-products.png"/>
                    Fresh products                    <i class="fa fa-angle-down" aria-hidden="true"></i>
                    <ul class="sub-menu">
                        <li>
                            <a class="estDynamic" href="fresh-products/margarine-and-butter.html">Butter and margarine</a>
                        </li>
                        <li>
                            <a class="estDynamic" href="fresh-products/danone.html">Danone</a>
                        </li>
                        <li>
                            <a class="estDynamic" href="fresh-products/dessert.html">Dessert</a>
                        </li>
                        <li>
                            <a class="estDynamic" href="fresh-products/sweets.html">Sweets</a>
                        </li>
                        <li>
                            <a class="estDynamic" href="fresh-products/dairy-products.html">Dairy product</a>
                        </li>
                        <li>
                            <a class="estDynamic" href="fresh-products/bakery.html">Yeast</a>
                        </li>
                        <li>
                            <a class="estDynamic" href="fresh-products/mascarpone.html">Mascarpone</a>
                        </li>
                        <li>
                            <a class="estDynamic" href="fresh-products/snacks.html">Snacks</a>
                        </li>
                        <li>
                            <a class="estDynamic" href="fresh-products/mozzarella.html">Mozzarella</a>
                        </li>
                        <li>
                            <a class="estDynamic" href="fresh-products/pasta.html">Pasta</a>
                        </li>
                        <li>
                            <a class="estDynamic" href="fresh-products/pesto-and-sauces.html">Pesto and sauces</a>
                        </li>
                        <li>
                            <a class="estDynamic" href="fresh-products/ricotta-and-cheese.html">Ricotta and cheese</a>
                        </li>
                        <li>
                            <a class="estDynamic" href="fresh-products/cured-meat.html">Cured meat</a>
                        </li>
                        <li>
                            <a class="estDynamic" href="fresh-products/wurstel.html">Würstel</a>
                        </li>
                        <li>
                            <a class="estDynamic" href="fresh-products/yogurt.html">Yogurt</a>
                        </li>
                    </ul>
                </li>
                <li>
                    <img src="../cdn.spesati.com/images/menu/frozen-foods.png"/>
                    Frozen foods                    <i class="fa fa-angle-down" aria-hidden="true"></i>
                    <ul class="sub-menu">
                        <li>
                            <a class="estDynamic" href="frozen-foods/meat.html">Meat</a>
                        </li>
                        <li>
                            <a class="estDynamic" href="frozen-foods/ice-creams.html">Ice cream and sweet</a>
                        </li>
                        <li>
                            <a class="estDynamic" href="frozen-foods/pasta.html">Pasta</a>
                        </li>
                        <li>
                            <a class="estDynamic" href="frozen-foods/fish.html">Fish</a>
                        </li>
                        <li>
                            <a class="estDynamic" href="frozen-foods/ready-meals.html">Ready meals</a>
                        </li>
                        <li>
                            <a class="estDynamic" href="frozen-foods/pizzas.html">Pizzas</a>
                        </li>
                        <li>
                            <a class="estDynamic" href="frozen-foods/vegetables.html">Vegetables and soy</a>
                        </li>
                    </ul>
                </li>
                <li>
                    <img src="../cdn.spesati.com/images/menu/bread-and-pasta.png"/>
                    Bread and pasta                    <i class="fa fa-angle-down" aria-hidden="true"></i>
                    <ul class="sub-menu">
                        <li>
                            <a class="estDynamic" href="bread-and-pasta/crackers.html">Crackers</a>
                        </li>
                        <li>
                            <a class="estDynamic" href="bread-and-pasta/rusks.html">Rusks</a>
                        </li>
                        <li>
                            <a class="estDynamic" href="bread-and-pasta/white-bread.html">White bread</a>
                        </li>
                        <li>
                            <a class="estDynamic" href="bread-and-pasta/local-bread.html">Local bread</a>
                        </li>
                        <li>
                            <a class="estDynamic" href="bread-and-pasta/soft-bread.html">Soft bread</a>
                        </li>
                        <li>
                            <a class="estDynamic" href="bread-and-pasta/sardinian-bread.html">Sardinian bread</a>
                        </li>
                        <li>
                            <a class="estDynamic" href="bread-and-pasta/bakery.html">Bakery</a>
                        </li>
                        <li>
                            <a class="estDynamic" href="bread-and-pasta/pasta.html">Pasta</a>
                        </li>
                        <li>
                            <a class="estDynamic" href="bread-and-pasta/fresh-pasta.html">Fresh pasta</a>
                        </li>
                    </ul>
                </li>
                <li>
                    <img src="../cdn.spesati.com/images/menu/meat.png"/>
                    Meat                    <i class="fa fa-angle-down" aria-hidden="true"></i>
                    <ul class="sub-menu">
                        <li>
                            <a class="estDynamic" href="meat/beef.html">Beef</a>
                        </li>
                        <li>
                            <a class="estDynamic" href="meat/goat.html">Goat</a>
                        </li>
                        <li>
                            <a class="estDynamic" href="meat/packaged-meat.html">Packaged meat</a>
                        </li>
                        <li>
                            <a class="estDynamic" href="meat/rabbit.html">Rabbit</a>
                        </li>
                        <li>
                            <a class="estDynamic" href="meat/horse.html">Horse</a>
                        </li>
                        <li>
                            <a class="estDynamic" href="meat/pork.html">Pork</a>
                        </li>
                        <li>
                            <a class="estDynamic" href="meat/lamb.html">Lamb</a>
                        </li>
                        <li>
                            <a class="estDynamic" href="meat/poultry.html">Poultry</a>
                        </li>
                    </ul>
                </li>
                <li>
                    <img src="../cdn.spesati.com/images/menu/fish.png"/>
                    Fish                    <i class="fa fa-angle-down" aria-hidden="true"></i>
                    <ul class="sub-menu">
                        <li>
                            <a class="estDynamic" href="fish/fresh-water.html">Fresh water</a>
                        </li>
                        <li>
                            <a class="estDynamic" href="fish/salt-water.html">Salt water</a>
                        </li>
                        <li>
                            <a class="estDynamic" href="fish/mussels.html">Mussels</a>
                        </li>
                        <li>
                            <a class="estDynamic" href="fish/dried-and-salted.html">Dried and salted</a>
                        </li>
                        <li>
                            <a class="estDynamic" href="fish/seafood-salad.html">Seafood salad</a>
                        </li>
                        <li>
                            <a class="estDynamic" href="fish/prepared.html">Prepared</a>
                        </li>
                        <li>
                            <a class="estDynamic" href="fish/specialty.html">Specialty</a>
                        </li>   
                        <li>
                            <a class="estDynamic" href="fish/tuna-and-salmon.html">Tuna and salmon</a>
                        </li>
                    </ul>
                </li>
                <li>
                    <img src="../cdn.spesati.com/images/menu/alcohol.png"/>
                    Wine beer and spirits                    <i class="fa fa-angle-down" aria-hidden="true"></i>
                    <ul class="sub-menu">
                        <li>
                            <a class="estDynamic" href="wine-beer-and-spirits/spirits-and-liquors.html">Alcohol</a>
                        </li>
                        <li>
                            <a class="estDynamic" href="wine-beer-and-spirits/bitters.html">Bitters</a>
                        </li>
                        <li>
                            <a class="estDynamic" href="wine-beer-and-spirits/aperatif.html">Aperatifs</a>
                        </li>
                        <li>
                            <a class="estDynamic" href="wine-beer-and-spirits/beer.html">Beer</a>
                        </li>
                        <li>
                            <a class="estDynamic" href="wine-beer-and-spirits/creams.html">Creams</a>
                        </li>
                        <li>
                            <a class="estDynamic" href="wine-beer-and-spirits/spirits.html">Spirits</a>
                        </li>
                        <li>
                            <a class="estDynamic" href="wine-beer-and-spirits/liquors.html">Liquors</a>
                        </li>
                        <li>
                            <a class="estDynamic" href="wine-beer-and-spirits/white-wine.html">White wine</a>
                        </li>
                        <li>
                            <a class="estDynamic" href="wine-beer-and-spirits/prosecco-wine.html">Prosecco wine</a>
                        </li>
                        <li>
                            <a class="estDynamic" href="wine-beer-and-spirits/rose-wine.html">Rose wine</a>
                        </li>
                        <li>
                            <a class="estDynamic" href="wine-beer-and-spirits/red-wine.html">Red wine</a>
                        </li>
                        <li>
                            <a class="estDynamic" href="wine-beer-and-spirits/specialty-wine.html">Special wine</a>
                        </li>
                        <li>
                            <a class="estDynamic" href="wine-beer-and-spirits/sparkling-wine.html">Sparkling wine</a>
                        </li>
                        <li>
                            <a class="estDynamic" href="wine-beer-and-spirits/vermentino-wine.html">Vermentino wine</a>
                        </li>
                    </ul>
                </li>
                <li>
                    <img src="../cdn.spesati.com/images/menu/water-and-drinks.png"/>
                    Water and drinks                    <i class="fa fa-angle-down" aria-hidden="true"></i>
                    <ul class="sub-menu">
                        <li>
                            <a class="estDynamic" href="water-and-drinks/san-martino.html">San Martino</a>
                        </li>
                        <li>
                            <a class="estDynamic" href="water-and-drinks/water.html">Water</a>
                        </li>
                        <li>
                            <a class="estDynamic" href="water-and-drinks/alpro.html">Alpro</a>
                        </li>
                        <li>
                            <a class="estDynamic" href="water-and-drinks/fizzy-drinks.html">Fizzy drinks</a>
                        </li>
                        <li>
                            <a class="estDynamic" href="water-and-drinks/coca-cola.html">Coca-Cola</a>
                        </li>
                        <li>
                            <a class="estDynamic" href="water-and-drinks/energy-drink.html">Energy drink</a>
                        </li>
                        <li>
                            <a class="estDynamic" href="water-and-drinks/syrups.html">Syrups</a>
                        </li>
                        <li>
                            <a class="estDynamic" href="water-and-drinks/supplements.html">Supplements</a>
                        </li>
                        <li>
                            <a class="estDynamic" href="water-and-drinks/instant-drinks.html">Instant drinks</a>
                        </li>
                        <li>
                            <a class="estDynamic" href="water-and-drinks/juice.html">Juice</a>
                        </li>
                        <li>
                            <a class="estDynamic" href="water-and-drinks/tea.html">Tea</a>
                        </li>
                    </ul>
                </li>
                <li>
                    <img src="../cdn.spesati.com/images/menu/sweets.png"/>
                    Sweets                    <i class="fa fa-angle-down" aria-hidden="true"></i>
                    <ul class="sub-menu">
                        <li>
                            <a class="estDynamic" href="sweets/bars-and-snacks.html">Bars and snacks</a>
                        </li>
                        <li>
                            <a class="estDynamic" href="sweets/biscuits.html">Biscuits</a>
                        </li>
                        <li>
                            <a class="estDynamic" href="sweets/brioches.html">Brioches</a>
                        </li>
                        <li>
                            <a class="estDynamic" href="sweets/candy-and-chewing-gum.html">Candy and chewing gum</a>
                        </li>
                        <li>
                            <a class="estDynamic" href="sweets/cereals.html">Cereals</a>
                        </li>
                        <li>
                            <a class="estDynamic" href="sweets/chocolate.html">Chocolate</a>
                        </li>
                        <li>
                            <a class="estDynamic" href="sweets/spreadable-creams.html">Spreads</a>
                        </li>
                        <li>
                            <a class="estDynamic" href="sweets/dessert-toppings.html">Dessert toppings</a>
                        </li>
                        <li>
                            <a class="estDynamic" href="sweets/jam.html">Jam</a>
                        </li>
                        <li>
                            <a class="estDynamic" href="sweets/honey.html">Honey</a>
                        </li>
                        <li>
                            <a class="estDynamic" href="sweets/panettoni-and-pandoro.html">Panettone and pandoro</a>
                        </li>
                        <li>
                            <a class="estDynamic" href="sweets/pastry.html">Pastry</a>
                        </li>
                        <li>
                            <a class="estDynamic" href="sweets/instant-dessert.html">Prepared</a>
                        </li>
                        <li>
                            <a class="estDynamic" href="sweets/cakes-and-pies.html">Cakes and pies</a>
                        </li>
                        <li>
                            <a class="estDynamic" href="sweets/easter-eggs-and-doves.html">Easter eggs and doves</a>
                        </li>
                    </ul>
                </li>
                <li>
                    <img src="../cdn.spesati.com/images/menu/shelf.png"/>
                    Cupboard                    <i class="fa fa-angle-down" aria-hidden="true"></i>
                    <ul class="sub-menu">
                        <li>
                            <a class="estDynamic" href="shelf/coffee.html">Coffee</a>
                        </li>
                        <li>
                            <a class="estDynamic" href="shelf/gift-baskets.html">Gift baskets</a>
                        </li>
                        <li>
                            <a class="estDynamic" href="shelf/stock-cubes.html">Nuts and preparations</a>
                        </li>
                        <li>
                            <a class="estDynamic" href="shelf/flour-and-baking.html">Flour and baking</a>
                        </li>
                        <li>
                            <a class="estDynamic" href="shelf/milk.html">Milk</a>
                        </li>
                        <li>
                            <a class="estDynamic" href="shelf/oil-salt-vinegar.html">Oil, vinegar and salt</a>
                        </li>
                        <li>
                            <a class="estDynamic" href="shelf/cream-and-bechamel.html">Cream and bechamel</a>
                        </li>
                        <li>
                            <a class="estDynamic" href="shelf/crisps-and-pretzels.html">Crisps and pretzels</a>
                        </li>
                        <li>
                            <a class="estDynamic" href="shelf/baby-and-infants-products.html">Early childhood products</a>
                        </li>
                        <li>
                            <a class="estDynamic" href="shelf/rice.html">Rice</a>
                        </li>
                        <li>
                            <a class="estDynamic" href="shelf/tins-and-preserves.html">Tins and Preserves</a>
                        </li>
                        <li>
                            <a class="estDynamic" href="shelf/spices.html">Spices</a>
                        </li>
                        <li>
                            <a class="estDynamic" href="shelf/sauces.html">Sauces</a>
                        </li>
                        <li>
                            <a class="estDynamic" href="shelf/tea-and-infusions.html">Tea and infusions</a>
                        </li>
                        <li>
                            <a class="estDynamic" href="shelf/eggs.html">Eggs</a>
                        </li>
                        <li>
                            <a class="estDynamic" href="shelf/sugar-and-sweeteners.html">Sugar and sweeteners</a>
                        </li>
                    </ul>
                </li>
                <li>
                    <img src="../cdn.spesati.com/images/menu/personal-care.png"/>
                    Personal care                    <i class="fa fa-angle-down" aria-hidden="true"></i>
                    <ul class="sub-menu">
                        <li>
                            <a class="estDynamic" href="personal-care/accessories-and-cotton.html">Accessories and cotton</a>
                        </li>
                        <li>
                            <a class="estDynamic" href="personal-care/feminine-care-incontinence-and-baby-diapers.html">Feminine incontinence and diapers</a>
                        </li>
                        <li>
                            <a class="estDynamic" href="personal-care/shower-gel.html">Shower gel</a>
                        </li>
                        <li>
                            <a class="estDynamic" href="personal-care/creams.html">Creams</a>
                        </li>
                        <li>
                            <a class="estDynamic" href="personal-care/deodorant.html">Deodorant</a>
                        </li>
                        <li>
                            <a class="estDynamic" href="personal-care/hair-removal.html">Hair removal</a>
                        </li>
                        <li>
                            <a class="estDynamic" href="personal-care/disinfectants.html">Disinfectants</a>
                        </li>
                        <li>
                            <a class="estDynamic" href="personal-care/oral-hygiene.html">Oral hygiene</a>
                        </li>
                        <li>
                            <a class="estDynamic" href="personal-care/supplements-and-multivitamins.html">Supplements and multivitamins</a>
                        </li>
                        <li>
                            <a class="estDynamic" href="personal-care/first-aid.html">First aid label</a>
                        </li>
                        <li>
                            <a class="estDynamic" href="personal-care/beard-products.html">Beard products</a>
                        </li>
                        <li>
                            <a class="estDynamic" href="personal-care/hairs-products.html">Hair products</a>
                        </li>
                        <li>
                            <a class="estDynamic" href="personal-care/perfume.html">Perfumes</a>
                        </li>
                        <li>
                            <a class="estDynamic" href="personal-care/wipes.html">Wipes</a>
                        </li>
                        <li>
                            <a class="estDynamic" href="personal-care/soaps-and-body-wash.html">Soaps and body wash</a>
                        </li>
                        <li>
                            <a class="estDynamic" href="personal-care/shampoo-and-conditioner.html">Shampoo and conditioner</a>
                        </li>
                    </ul>
                </li>
                <li>
                    <img src="../cdn.spesati.com/images/menu/pellet-and-home.png"/>
                    Home and outdoors                    <i class="fa fa-angle-down" aria-hidden="true"></i>
                    <ul class="sub-menu">
                        <li>
                            <a class="estDynamic" href="household-and-outdoors/distilled-water.html">Distilled water</a>
                        </li>
                        <li>
                            <a class="estDynamic" href="household-and-outdoors/car-products.html">Cars</a>
                        </li>
                        <li>
                            <a class="estDynamic" href="household-and-outdoors/bin-bags-and-buckets.html">Bin bags and buckets</a>
                        </li>
                        <li>
                            <a class="estDynamic" href="household-and-outdoors/bleach-and-stain-removers.html">Bleach and stain removers</a>
                        </li>
                        <li>
                            <a class="estDynamic" href="household-and-outdoors/candles.html">Candles</a>
                        </li>
                        <li>
                            <a class="estDynamic" href="household-and-outdoors/kitchen-roll.html">Kitchen roll</a>
                        </li>
                        <li>
                            <a class="estDynamic" href="household-and-outdoors/air-fresheners.html">Air fresheners</a>
                        </li>
                        <li>
                            <a class="estDynamic" href="household-and-outdoors/laundry-accessories-and-detergent.html">Laundry detergent</a>
                        </li>
                        <li>
                            <a class="estDynamic" href="household-and-outdoors/dishwasher-and-washing-up.html">Dishwasher and washing up</a>
                        </li>
                        <li>
                            <a class="estDynamic" href="household-and-outdoors/gardening.html">Gardening</a>
                        </li>
                        <li>
                            <a class="estDynamic" href="household-and-outdoors/light-bulbs-and-batteries.html">Lightbulbs and batteries</a>
                        </li>
                        <li>
                            <a class="estDynamic" href="household-and-outdoors/pellet-and-bbq.html">Pellet and BBQ</a>
                        </li>
                        <li>
                            <a class="estDynamic" href="household-and-outdoors/bathroom-products.html">Bathroom products</a>
                        </li>
                        <li>
                            <a class="estDynamic" href="household-and-outdoors/home-and-furniture-products.html">Home and furniture products</a>
                        </li>
                        <li>
                            <a class="estDynamic" href="household-and-outdoors/kitchen-products.html">Kitchen products</a>
                        </li>
                        <li>
                            <a class="estDynamic" href="household-and-outdoors/window-and-floor-cleaners.html">Window and floor cleaner</a>
                        </li>
                        <li>
                            <a class="estDynamic" href="household-and-outdoors/repellents.html">Repellents</a>
                        </li>
                        <li>
                            <a class="estDynamic" href="household-and-outdoors/disposable-tableware.html">Disposable tableware</a>
                        </li>
                    </ul>
                </li>
                <li>
                    <img src="../cdn.spesati.com/images/menu/animals.png"/>
                    Pets                    <i class="fa fa-angle-down" aria-hidden="true"></i>
                    <ul class="sub-menu">
                        <li>
                            <a class="estDynamic" href="pets/pet-food-other-animals.html">Other animals pet food</a>
                        </li>
                        <li>
                            <a class="estDynamic" href="pets/pet-food-dogs.html">Pet food dogs</a>
                        </li>
                        <li>
                            <a class="estDynamic" href="pets/pet-food-cats.html">Pet food cats</a>
                        </li>
                        <li>
                            <a class="estDynamic" href="pets/hygiene-and-cleaning.html">Hygiene and cleaning</a>
                        </li>
                    </ul>
                </li>
                <li>
                    <img src="../cdn.spesati.com/images/menu/technology.png"/>
                    Technology                    <i class="fa fa-angle-down" aria-hidden="true"></i>
                    <ul class="sub-menu">
                        <li>
                            <a class="estDynamic" href="technology/accessories.html">Accessories</a>
                        </li>
                        <li>
                            <a class="estDynamic" href="technology/computer.html">Computer</a>
                        </li>
                        <li>
                            <a class="estDynamic" href="technology/telephones.html">Telephones</a>
                        </li>
                        <li>
                            <a class="estDynamic" href="technology/tv.html">TV</a>
                        </li>
                    </ul>
                </li>
                <li>
                    <img src="../cdn.spesati.com/images/menu/gluten-free.png"/>
                    Gluten free                    <i class="fa fa-angle-down" aria-hidden="true"></i>
                    <ul class="sub-menu">
                        <li>
                            <a class="estDynamic" href="gluten-free/frozen-foods.html">Frozen foods</a>
                        </li>
                        <li>
                            <a class="estDynamic" href="gluten-free/beer.html">Beer</a>
                        </li>
                        <li>
                            <a class="estDynamic" href="gluten-free/sweets.html">Sweets</a>
                        </li>
                        <li>
                            <a class="estDynamic" href="gluten-free/bread-and-pasta.html">Bread and pasta</a>
                        </li>
                        <li>
                            <a class="estDynamic" href="gluten-free/shelf.html">Cupboard</a>
                        </li>
                    </ul>
                </li>
                <li>
                    <img src="../cdn.spesati.com/images/menu/lactose-free.png"/>
                    Lactose free                    <i class="fa fa-angle-down" aria-hidden="true"></i>
                    <ul class="sub-menu">
                        <li>
                            <a class="estDynamic" href="lactose-free/frozen-foods.html">Frozen foods</a>
                        </li>
                        <li>
                            <a class="estDynamic" href="lactose-free/sweets.html">Sweets</a>
                        </li>
                        <li>
                            <a class="estDynamic" href="lactose-free/dairy-product.html">Dairy product</a>
                        </li>
                        <li>
                            <a class="estDynamic" href="lactose-free/shelf.html">Cupboard</a>
                        </li>
                    </ul>
                </li>
                <li>
                    <img src="../cdn.spesati.com/images/menu/special.png"/>
                    Special                    <i class="fa fa-angle-down" aria-hidden="true"></i>
                    <ul class="sub-menu">
                        <li>
                            <a class="estDynamic" href="special/alpro.html">Alpro</a>
                        </li>
                        <li>
                            <a class="estDynamic" href="special/organic.html">Biological</a>
                        </li>
                        <li>
                            <a class="estDynamic" href="special/meat.html">Meat</a>
                        </li>
                        <li>
                            <a class="estDynamic" href="special/wholegrain.html">Wholegrain</a>
                        </li>
                        <li>
                            <a class="estDynamic" href="special/bread-and-pasta.html">Bread and pasta</a>
                        </li>
                        <li>
                            <a class="estDynamic" href="special/vegan.html">Vegan</a>
                        </li>
                    </ul>
                </li>
                <li>
                    <img src="../cdn.spesati.com/images/menu/sardinian-products.png"/>
                    Sardinian products                    <i class="fa fa-angle-down" aria-hidden="true"></i>
                    <ul class="sub-menu">
                        <li>
                            <a class="estDynamic" href="sardinian-products/drinks.html">Drinks</a>
                        </li>
                        <li>
                            <a class="estDynamic" href="sardinian-products/meat.html">Meat</a>
                        </li>
                        <li>
                            <a class="estDynamic" href="sardinian-products/sweets.html">Sweets</a>
                        </li>
                        <li>
                            <a class="estDynamic" href="sardinian-products/fruit-and-vegetables.html">Fruit and vegetables</a>
                        </li>
                        <li>
                            <a class="estDynamic" href="sardinian-products/ichnusa.html">Ichnusa</a>
                        </li>
                        <li>
                            <a class="estDynamic" href="sardinian-products/dairy-product.html">Dairy product</a>
                        </li>
                        <li>
                            <a class="estDynamic" href="sardinian-products/bread-and-pasta.html">Bread and pasta</a>
                        </li>
                        <li>
                            <a class="estDynamic" href="sardinian-products/fish.html">Fish</a>
                        </li>
                        <li>
                            <a class="estDynamic" href="sardinian-products/cured-meat.html">Cured meat</a>
                        </li>
                        <li>
                            <a class="estDynamic" href="sardinian-products/shelf.html">Cupboard</a>
                        </li>
                        <li>
                            <a class="estDynamic" href="sardinian-products/vermentino-wine.html">Vermentino wine</a>
                        </li>
                        <li>
                            <a class="estDynamic" href="sardinian-products/wine-beer-and-spirits.html">Wine beer and spirits</a>
                        </li>
                    </ul>
                </li>
            </ul>
        </li>
        <li>
            <a href="about.html">About</a>
        </li>
        <li>
            <a href="faq.html">Faq</a>
        </li>
        <li>
            <a href="customer-care.html">Support</a>
        </li>
        <li>
            <a href="news.html">Blog</a>
        </li>
        <li>
            <a href="terms-and-conditions.html">Conditions</a>
        </li>
        <li>
            <a href="privacy-policy.html">Privacy policy</a>
        </li>
        <li>
            <a href="login.html">Login</a>
        </li>
        <li>
             <a href="sign-up.html">Sign up</a>
        </li>
    </ul>
</div><section class="first">
    <div id="menuCategories" class="colLeft">
    <ul id="main_nav" >
        <li>
            <a class="estDynamic" href="on-offer.html">
               <img src="../cdn.spesati.com/images/menu/on-sale.png"/>
               On sale            </a>
            <i class="fa fa-angle-right" aria-hidden="true"></i>
            <ul class="sub-menu">
                <li>
    <a href="tacchino-fesa-a-fette.html" class="estDynamic">Tacchino Fesa A Fette</a>
</li><li>
    <a href="amaro-montenegro-15lt.html" class="estDynamic">Amaro Montenegro 1,5lt</a>
</li><li>
    <a href="carbone-di-legna-sacco-10kg.html" class="estDynamic">Carbone Di Legna Sacco 10Kg</a>
</li><li>
    <a href="filu-e-ferru-silvio-carta-70cl.html" class="estDynamic">Filu E Ferru Silvio Carta 70Cl</a>
</li><li>
    <a href="braciole-suino-con-cotenna.html" class="estDynamic">Braciole Suino Con Cotenna</a>
</li><li>
    <a href="bovino-adulto-polpa.html" class="estDynamic">Bovino Adulto Polpa</a>
</li><li>
    <a href="vino-la-palma-cannonau-le-bombarde.html" class="estDynamic">Vino La Palma Cannonau Le Bombarde</a>
</li><li>
    <a href="fettine-sceltissime-bovino-adulto.html" class="estDynamic">Fettine Sceltissime Bovino Adulto</a>
</li><li>
    <a href="suino-fettine-scelte.html" class="estDynamic">Suino Fettine Scelte</a>
</li><li>
    <a href="lavazza-caffe-qualita-rossa-2x250gr.html" class="estDynamic">Lavazza Caffé Qualità Rossa 2x250gr</a>
</li>                <li>
                    <a class="estDynamic" href="on-offer.html">All products on sale</a>
                </li>
            </ul>
        </li>
        <li>
            <a class="estDynamic" href="gift.html">
               <img src="../cdn.spesati.com/images/menu/gift.png"/>
               Gifts            </a>
            <i class="fa fa-angle-right" aria-hidden="true"></i>
            <ul class="sub-menu">
                <li>
    <a href="gift-card-da-150.html" class="estDynamic">Gift Card Da 150</a>
</li><li>
    <a href="gift-card-da-100.html" class="estDynamic">Gift Card Da 100</a>
</li><li>
    <a href="gift-card-da-50.html" class="estDynamic">Gift Card Da 50</a>
</li><li>
    <a href="gift-card-da-25.html" class="estDynamic">Gift Card Da 25</a>
</li>                <li>
                    <a class="estDynamic" href="gift.html">All products in the gifts category</a>
                </li>
            </ul>
        </li>
        <li>
            <a class="estDynamic" href="gift-card.html">
               <img src="../cdn.spesati.com/images/menu/gift-card.png"/>
               Gift card and discounts            </a>
            <i class="fa fa-angle-right" aria-hidden="true"></i>
            <ul class="sub-menu">
                <li>
    <a href="gift-card-da-150.html">Gift Card Da 150</a>
</li><li>
    <a href="gift-card-da-100.html">Gift Card Da 100</a>
</li><li>
    <a href="gift-card-da-50.html">Gift Card Da 50</a>
</li><li>
    <a href="gift-card-da-25.html">Gift Card Da 25</a>
</li>            </ul>
        </li>
        <li>
            <a class="estDynamic" href="fruit-and-vegetables.html">
               <img src="../cdn.spesati.com/images/menu/fuit-and-vegetables.png"/>
               Fruit and vegetables           </a>
            <i class="fa fa-angle-right" aria-hidden="true"></i>
            <ul class="sub-menu">
                <li>
                    <a class="estDynamic" href="fruit-and-vegetables/pulses-and-beans.html">Cereals and pulses and beans</a>
                </li>
                <li>
                    <a class="estDynamic" href="fruit-and-vegetables/fruit.html">Fruit</a>
                </li>
                <li>
                    <a class="estDynamic" href="fruit-and-vegetables/canned-fruit.html">Canned fruit</a>
                </li>
                <li>
                    <a class="estDynamic" href="fruit-and-vegetables/dried-fruit.html">Dried fruit</a>
                </li>
                <li>
                    <a class="estDynamic" href="fruit-and-vegetables/ready-salads.html">Ready salads</a>
                </li>
                <li>
                    <a class="estDynamic" href="fruit-and-vegetables/fresh-spices.html">Fresh spices</a>
                </li>
                <li>
                    <a class="estDynamic" href="fruit-and-vegetables/vegetables.html">Vegetables and soy</a>
                </li>
            </ul>
        </li>
        <li>
            <a class="estDynamic" href="fresh-products.html">
                <img src="../cdn.spesati.com/images/menu/fresh-products.png"/>
                Fresh products            </a>
            <i class="fa fa-angle-right" aria-hidden="true"></i>
            <ul class="sub-menu">
                <li>
                    <a class="estDynamic" href="fresh-products/margarine-and-butter.html">Butter and margarine</a>
                </li>
                <li>
                    <a class="estDynamic" href="fresh-products/danone.html">Danone</a>
                </li>
                <li>
                    <a class="estDynamic" href="fresh-products/dessert.html">Dessert</a>
                </li>
                <li>
                    <a class="estDynamic" href="fresh-products/sweets.html">Sweets</a>
                </li>
                <li>
                    <a class="estDynamic" href="fresh-products/dairy-products.html">Dairy product</a>
                </li>
                <li>
                    <a class="estDynamic" href="fresh-products/bakery.html">Yeast</a>
                </li>
                <li>
                    <a class="estDynamic" href="fresh-products/mascarpone.html">Mascarpone</a>
                </li>
                <li>
                    <a class="estDynamic" href="fresh-products/snacks.html">Snacks</a>
                </li>
                <li>
                    <a class="estDynamic" href="fresh-products/mozzarella.html">Mozzarella</a>
                </li>
                <li>
                    <a class="estDynamic" href="fresh-products/pasta.html">Pasta</a>
                </li>
                <li>
                    <a class="estDynamic" href="fresh-products/pesto-and-sauces.html">Pesto and sauces</a>
                </li>
                <li>
                    <a class="estDynamic" href="fresh-products/ricotta-and-cheese.html">Ricotta and cheese</a>
                </li>
                <li>
                    <a class="estDynamic" href="fresh-products/cured-meat.html">Cured meat</a>
                </li>
                <li>
                    <a class="estDynamic" href="fresh-products/wurstel.html">Würstel</a>
                </li>
                <li>
                    <a class="estDynamic" href="fresh-products/yogurt.html">Yogurt</a>
                </li>
            </ul>
        </li>
        <li>
            <a class="estDynamic" href="frozen-foods.html">
                <img src="../cdn.spesati.com/images/menu/frozen-foods.png"/>
                Frozen foods            </a>
            <i class="fa fa-angle-right" aria-hidden="true"></i>
            <ul class="sub-menu">
                <li>
                    <a class="estDynamic" href="frozen-foods/meat.html">Meat</a>
                </li>
                <li>
                    <a class="estDynamic" href="frozen-foods/ice-creams.html">Ice cream and sweet</a>
                </li>
                <li>
                    <a class="estDynamic" href="frozen-foods/pasta.html">Pasta</a>
                </li>
                <li>
                    <a class="estDynamic" href="frozen-foods/fish.html">Fish</a>
                </li>
                <li>
                    <a class="estDynamic" href="frozen-foods/ready-meals.html">Ready meals</a>
                </li>
                <li>
                    <a class="estDynamic" href="frozen-foods/pizzas.html">Pizzas</a>
                </li>
                <li>
                    <a class="estDynamic" href="frozen-foods/vegetables.html">Vegetables and soy</a>
                </li>
            </ul>
        </li>
        <li>
            <a class="estDynamic" href="bread-and-pasta.html">
                <img src="../cdn.spesati.com/images/menu/bread-and-pasta.png"/>
                Bread and pasta            </a>
            <i class="fa fa-angle-right" aria-hidden="true"></i>
            <ul class="sub-menu">
                <li>
                    <a class="estDynamic" href="bread-and-pasta/crackers.html">Crackers</a>
                </li>
                <li>
                    <a class="estDynamic" href="bread-and-pasta/rusks.html">Rusks</a>
                </li>
                <li>
                    <a class="estDynamic" href="bread-and-pasta/white-bread.html">White bread</a>
                </li>
                <li>
                    <a class="estDynamic" href="bread-and-pasta/local-bread.html">Local bread</a>
                </li>
                <li>
                    <a class="estDynamic" href="bread-and-pasta/soft-bread.html">Soft bread</a>
                </li>
                <li>
                    <a class="estDynamic" href="bread-and-pasta/sardinian-bread.html">Sardinian bread</a>
                </li>
                <li>
                    <a class="estDynamic" href="bread-and-pasta/bakery.html">Bakery</a>
                </li>
                <li>
                    <a class="estDynamic" href="bread-and-pasta/pasta.html">Pasta</a>
                </li>
                <li>
                    <a class="estDynamic" href="bread-and-pasta/fresh-pasta.html">Fresh pasta</a>
                </li>
            </ul>
        </li>
        <li>
            <a class="estDynamic" href="meat.html">
                <img src="../cdn.spesati.com/images/menu/meat.png"/>
                Meat            </a>
            <i class="fa fa-angle-right" aria-hidden="true"></i>
            <ul class="sub-menu">
                <li>
                    <a class="estDynamic" href="meat/beef.html">Beef</a>
                </li>
                <li>
                    <a class="estDynamic" href="meat/goat.html">Goat</a>
                </li>
                <li>
                    <a class="estDynamic" href="meat/packaged-meat.html">Packaged meat</a>
                </li>
                <li>
                    <a class="estDynamic" href="meat/rabbit.html">Rabbit</a>
                </li>
                <li>
                    <a class="estDynamic" href="meat/horse.html">Horse</a>
                </li>
                <li>
                    <a class="estDynamic" href="meat/pork.html">Pork</a>
                </li>
                <li>
                    <a class="estDynamic" href="meat/lamb.html">Lamb</a>
                </li>
                <li>
                    <a class="estDynamic" href="meat/poultry.html">Poultry</a>
                </li>
            </ul>
        </li>
        <li>
            <a class="estDynamic" href="fish.html">
                <img src="../cdn.spesati.com/images/menu/fish.png"/>
                Fish            </a>
            <i class="fa fa-angle-right" aria-hidden="true"></i>
            <ul class="sub-menu">
                <li>
                    <a class="estDynamic" href="fish/fresh-water.html">Fresh water</a>
                </li>
                <li>
                    <a class="estDynamic" href="fish/salt-water.html">Salt water</a>
                </li>
                <li>
                    <a class="estDynamic" href="fish/mussels.html">Mussels</a>
                </li>
                <li>
                    <a class="estDynamic" href="fish/dried-and-salted.html">Dried and salted</a>
                </li>
                <li>
                    <a class="estDynamic" href="fish/seafood-salad.html">Seafood salad</a>
                </li>
                <li>
                    <a class="estDynamic" href="fish/prepared.html">Prepared</a>
                </li>
                <li>
                    <a class="estDynamic" href="fish/specialty.html">Specialty</a>
                </li>   
                <li>
                    <a class="estDynamic" href="fish/tuna-and-salmon.html">Tuna and salmon</a>
                </li>
            </ul>
        </li>
        <li>
            <a class="estDynamic" href="wine-beer-and-spirits.html">
                <img src="../cdn.spesati.com/images/menu/alcohol.png"/>
                Wine beer and spirits            </a>
            <i class="fa fa-angle-right" aria-hidden="true"></i>
            <ul class="sub-menu">
                <li>
                    <a class="estDynamic" href="wine-beer-and-spirits/spirits-and-liquors.html">Alcohol</a>
                </li>
                <li>
                    <a class="estDynamic" href="wine-beer-and-spirits/bitters.html">Bitters</a>
                </li>
                <li>
                    <a class="estDynamic" href="wine-beer-and-spirits/aperatif.html">Aperatifs</a>
                </li>
                <li>
                    <a class="estDynamic" href="wine-beer-and-spirits/beer.html">Beer</a>
                </li>
                <li>
                    <a class="estDynamic" href="wine-beer-and-spirits/creams.html">Creams</a>
                </li>
                <li>
                    <a class="estDynamic" href="wine-beer-and-spirits/spirits.html">Spirits</a>
                </li>
                <li>
                    <a class="estDynamic" href="wine-beer-and-spirits/liquors.html">Liquors</a>
                </li>
                <li>
                    <a class="estDynamic" href="wine-beer-and-spirits/white-wine.html">White wine</a>
                </li>
                <li>
                    <a class="estDynamic" href="wine-beer-and-spirits/prosecco-wine.html">Prosecco wine</a>
                </li>
                <li>
                    <a class="estDynamic" href="wine-beer-and-spirits/rose-wine.html">Rose wine</a>
                </li>
                <li>
                    <a class="estDynamic" href="wine-beer-and-spirits/red-wine.html">Red wine</a>
                </li>
                <li>
                    <a class="estDynamic" href="wine-beer-and-spirits/specialty-wine.html">Special wine</a>
                </li>
                <li>
                    <a class="estDynamic" href="wine-beer-and-spirits/sparkling-wine.html">Sparkling wine</a>
                </li>
                <li>
                    <a class="estDynamic" href="wine-beer-and-spirits/vermentino-wine.html">Vermentino wine</a>
                </li>
            </ul>
        </li>
        <li>
            <a class="estDynamic" href="water-and-drinks.html">
                <img src="../cdn.spesati.com/images/menu/water-and-drinks.png"/>
                Water and drinks            </a>
            <i class="fa fa-angle-right" aria-hidden="true"></i>
            <ul class="sub-menu">
                <li>
                    <a class="estDynamic" href="water-and-drinks/san-martino.html">San Martino</a>
                </li>
                <li>
                    <a class="estDynamic" href="water-and-drinks/water.html">Water</a>
                </li>
                <li>
                    <a class="estDynamic" href="water-and-drinks/alpro.html">Alpro</a>
                </li>
                <li>
                    <a class="estDynamic" href="water-and-drinks/fizzy-drinks.html">Fizzy drinks</a>
                </li>
                <li>
                    <a class="estDynamic" href="water-and-drinks/coca-cola.html">Coca-Cola</a>
                </li>
                <li>
                    <a class="estDynamic" href="water-and-drinks/energy-drink.html">Energy drink</a>
                </li>
                <li>
                    <a class="estDynamic" href="water-and-drinks/syrups.html">Syrups</a>
                </li>
                <li>
                    <a class="estDynamic" href="water-and-drinks/supplements.html">Supplements</a>
                </li>
                <li>
                    <a class="estDynamic" href="water-and-drinks/instant-drinks.html">Instant drinks</a>
                </li>
                <li>
                    <a class="estDynamic" href="water-and-drinks/juice.html">Juice</a>
                </li>
                <li>
                    <a class="estDynamic" href="water-and-drinks/tea.html">Tea</a>
                </li>
            </ul>
        </li>
        <li>
            <a class="estDynamic" href="sweets.html">
                <img src="../cdn.spesati.com/images/menu/sweets.png"/>
                Sweets            </a>
            <i class="fa fa-angle-right" aria-hidden="true"></i>
            <ul class="sub-menu">
                <li>
                    <a class="estDynamic" href="sweets/bars-and-snacks.html">Bars and snacks</a>
                </li>
                <li>
                    <a class="estDynamic" href="sweets/biscuits.html">Biscuits</a>
                </li>
                <li>
                    <a class="estDynamic" href="sweets/brioches.html">Brioches</a>
                </li>
                <li>
                    <a class="estDynamic" href="sweets/candy-and-chewing-gum.html">Candy and chewing gum</a>
                </li>
                <li>
                    <a class="estDynamic" href="sweets/cereals.html">Cereals</a>
                </li>
                <li>
                    <a class="estDynamic" href="sweets/chocolate.html">Chocolate</a>
                </li>
                <li>
                    <a class="estDynamic" href="sweets/spreadable-creams.html">Spreads</a>
                </li>
                <li>
                    <a class="estDynamic" href="sweets/dessert-toppings.html">Dessert toppings</a>
                </li>
                <li>
                    <a class="estDynamic" href="sweets/jam.html">Jam</a>
                </li>
                <li>
                    <a class="estDynamic" href="sweets/honey.html">Honey</a>
                </li>
                <li>
                    <a class="estDynamic" href="sweets/panettoni-and-pandoro.html">Panettone and pandoro</a>
                </li>
                <li>
                    <a class="estDynamic" href="sweets/pastry.html">Pastry</a>
                </li>
                <li>
                    <a class="estDynamic" href="sweets/instant-dessert.html">Prepared</a>
                </li>
                <li>
                    <a class="estDynamic" href="sweets/cakes-and-pies.html">Cakes and pies</a>
                </li>
                <li>
                    <a class="estDynamic" href="sweets/easter-eggs-and-doves.html">Easter eggs and doves</a>
                </li>
            </ul>
        </li>
        <li>
            <a class="estDynamic" href="shelf.html">
                <img src="../cdn.spesati.com/images/menu/shelf.png"/>
                Cupboard            </a>
            <i class="fa fa-angle-right" aria-hidden="true"></i>
            <ul class="sub-menu">
                <li>
                    <a class="estDynamic" href="shelf/coffee.html">Coffee</a>
                </li>
                <li>
                    <a class="estDynamic" href="shelf/gift-baskets.html">Gift baskets</a>
                </li>
                <li>
                    <a class="estDynamic" href="shelf/stock-cubes.html">Nuts and preparations</a>
                </li>
                <li>
                    <a class="estDynamic" href="shelf/flour-and-baking.html">Flour and baking</a>
                </li>
                <li>
                    <a class="estDynamic" href="shelf/milk.html">Milk</a>
                </li>
                <li>
                    <a class="estDynamic" href="shelf/oil-salt-vinegar.html">Oil, vinegar and salt</a>
                </li>
                <li>
                    <a class="estDynamic" href="shelf/cream-and-bechamel.html">Cream and bechamel</a>
                </li>
                <li>
                    <a class="estDynamic" href="shelf/crisps-and-pretzels.html">Crisps and pretzels</a>
                </li>
                <li>
                    <a class="estDynamic" href="shelf/baby-and-infants-products.html">Early childhood products</a>
                </li>
                <li>
                    <a class="estDynamic" href="shelf/rice.html">Rice</a>
                </li>
                <li>
                    <a class="estDynamic" href="shelf/tins-and-preserves.html">Tins and Preserves</a>
                </li>
                <li>
                    <a class="estDynamic" href="shelf/spices.html">Spices</a>
                </li>
                <li>
                    <a class="estDynamic" href="shelf/sauces.html">Sauces</a>
                </li>
                <li>
                    <a class="estDynamic" href="shelf/tea-and-infusions.html">Tea and infusions</a>
                </li>
                <li>
                    <a class="estDynamic" href="shelf/eggs.html">Eggs</a>
                </li>
                <li>
                    <a class="estDynamic" href="shelf/sugar-and-sweeteners.html">Sugar and sweeteners</a>
                </li>
            </ul>
        </li>
        <li>
            <a class="estDynamic" href="personal-care.html">
                <img src="../cdn.spesati.com/images/menu/personal-care.png"/>
                Personal care            </a>
            <i class="fa fa-angle-right" aria-hidden="true"></i>
            <ul class="sub-menu">
                <li>
                    <a class="estDynamic" href="personal-care/accessories-and-cotton.html">Accessories and cotton</a>
                </li>
                <li>
                    <a class="estDynamic" href="personal-care/feminine-care-incontinence-and-baby-diapers.html">Feminine incontinence and diapers</a>
                </li>
                <li>
                    <a class="estDynamic" href="personal-care/shower-gel.html">Shower gel</a>
                </li>
                <li>
                    <a class="estDynamic" href="personal-care/creams.html">Creams</a>
                </li>
                <li>
                    <a class="estDynamic" href="personal-care/deodorant.html">Deodorant</a>
                </li>
                <li>
                    <a class="estDynamic" href="personal-care/hair-removal.html">Hair removal</a>
                </li>
                <li>
                    <a class="estDynamic" href="personal-care/disinfectants.html">Disinfectants</a>
                </li>
                <li>
                    <a class="estDynamic" href="personal-care/oral-hygiene.html">Oral hygiene</a>
                </li>
                <li>
                    <a class="estDynamic" href="personal-care/supplements-and-multivitamins.html">Supplements and multivitamins</a>
                </li>
                <li>
                    <a class="estDynamic" href="personal-care/first-aid.html">First aid label</a>
                </li>
                <li>
                    <a class="estDynamic" href="personal-care/beard-products.html">Beard products</a>
                </li>
                <li>
                    <a class="estDynamic" href="personal-care/hairs-products.html">Hair products</a>
                </li>
                <li>
                    <a class="estDynamic" href="personal-care/perfume.html">Perfumes</a>
                </li>
                <li>
                    <a class="estDynamic" href="personal-care/wipes.html">Wipes</a>
                </li>
                <li>
                    <a class="estDynamic" href="personal-care/soaps-and-body-wash.html">Soaps and body wash</a>
                </li>
                <li>
                    <a class="estDynamic" href="personal-care/shampoo-and-conditioner.html">Shampoo and conditioner</a>
                </li>
            </ul>
        </li>
        <li>
            <a class="estDynamic" href="household-and-outdoors.html">
                <img src="../cdn.spesati.com/images/menu/pellet-and-home.png"/>
                Home and outdoors 
            </a>
            <i class="fa fa-angle-right" aria-hidden="true"></i>
            <ul class="sub-menu">
                <li>
                    <a class="estDynamic" href="household-and-outdoors/distilled-water.html">Distilled water</a>
                </li>
                <li>
                    <a class="estDynamic" href="household-and-outdoors/car-products.html">Cars</a>
                </li>
                <li>
                    <a class="estDynamic" href="household-and-outdoors/bin-bags-and-buckets.html">Bin bags and buckets</a>
                </li>
                <li>
                    <a class="estDynamic" href="household-and-outdoors/bleach-and-stain-removers.html">Bleach and stain removers</a>
                </li>
                <li>
                    <a class="estDynamic" href="household-and-outdoors/candles.html">Candles</a>
                </li>
                <li>
                    <a class="estDynamic" href="household-and-outdoors/kitchen-roll.html">Kitchen roll</a>
                </li>
                <li>
                    <a class="estDynamic" href="household-and-outdoors/air-fresheners.html">Air fresheners</a>
                </li>
                <li>
                    <a class="estDynamic" href="household-and-outdoors/laundry-accessories-and-detergent.html">Laundry detergent</a>
                </li>
                <li>
                    <a class="estDynamic" href="household-and-outdoors/dishwasher-and-washing-up.html">Dishwasher and washing up</a>
                </li>
                <li>
                    <a class="estDynamic" href="household-and-outdoors/gardening.html">Gardening</a>
                </li>
                <li>
                    <a class="estDynamic" href="household-and-outdoors/light-bulbs-and-batteries.html">Lightbulbs and batteries</a>
                </li>
                <li>
                    <a class="estDynamic" href="household-and-outdoors/pellet-and-bbq.html">Pellet and BBQ</a>
                </li>
                <li>
                    <a class="estDynamic" href="household-and-outdoors/bathroom-products.html">Bathroom products</a>
                </li>
                <li>
                    <a class="estDynamic" href="household-and-outdoors/home-and-furniture-products.html">Home and furniture products</a>
                </li>
                <li>
                    <a class="estDynamic" href="household-and-outdoors/kitchen-products.html">Kitchen products</a>
                </li>
                <li>
                    <a class="estDynamic" href="household-and-outdoors/window-and-floor-cleaners.html">Window and floor cleaner</a>
                </li>
                <li>
                    <a class="estDynamic" href="household-and-outdoors/repellents.html">Repellents</a>
                </li>
                <li>
                    <a class="estDynamic" href="household-and-outdoors/disposable-tableware.html">Disposable tableware</a>
                </li>
            </ul>
        </li>
        <li>
            <a class="estDynamic" href="pet.html">
                <img src="../cdn.spesati.com/images/menu/animals.png"/>
                Pets            </a>
            <i class="fa fa-angle-right" aria-hidden="true"></i>
            <ul class="sub-menu">
                <li>
                    <a class="estDynamic" href="pets/pet-food-other-animals.html">Other animals pet food</a>
                </li>
                <li>
                    <a class="estDynamic" href="pets/pet-food-dogs.html">Pet food dogs</a>
                </li>
                <li>
                    <a class="estDynamic" href="pets/pet-food-cats.html">Pet food cats</a>
                </li>
                <li>
                    <a class="estDynamic" href="pets/hygiene-and-cleaning.html">Hygiene and cleaning</a>
                </li>
            </ul>
        </li>
        <li>
            <a class="estDynamic" href="technology.html">
                <img src="../cdn.spesati.com/images/menu/technology.png"/>
                Technology            </a>
            <i class="fa fa-angle-right" aria-hidden="true"></i>
            <ul class="sub-menu">
                <li>
                    <a class="estDynamic" href="technology/accessories.html">Accessories</a>
                </li>
                <li>
                    <a class="estDynamic" href="technology/computer.html">Computer</a>
                </li>
                <li>
                    <a class="estDynamic" href="technology/telephones.html">Telephones</a>
                </li>
                <li>
                    <a class="estDynamic" href="technology/tv.html">TV</a>
                </li>
            </ul>
        </li>
        <li>
            <a class="estDynamic" href="gluten-free.html">
                <img src="../cdn.spesati.com/images/menu/gluten-free.png"/>
                Gluten free            </a>
            <i class="fa fa-angle-right" aria-hidden="true"></i>
            <ul class="sub-menu">
                <li>
                    <a class="estDynamic" href="gluten-free/frozen-foods.html">Frozen foods</a>
                </li>
                <li>
                    <a class="estDynamic" href="gluten-free/beer.html">Beer</a>
                </li>
                <li>
                    <a class="estDynamic" href="gluten-free/sweets.html">Sweets</a>
                </li>
                <li>
                    <a class="estDynamic" href="gluten-free/bread-and-pasta.html">Bread and pasta</a>
                </li>
                <li>
                    <a class="estDynamic" href="gluten-free/shelf.html">Cupboard</a>
                </li>
            </ul>
        </li>
        <li>
            <a class="estDynamic" href="lactose-free.html">
                <img src="../cdn.spesati.com/images/menu/lactose-free.png"/>
                Lactose free            </a>
            <i class="fa fa-angle-right" aria-hidden="true"></i>
            <ul class="sub-menu">
                <li>
                    <a class="estDynamic" href="lactose-free/frozen-foods.html">Frozen foods</a>
                </li>
                <li>
                    <a class="estDynamic" href="lactose-free/sweets.html">Sweets</a>
                </li>
                <li>
                    <a class="estDynamic" href="lactose-free/dairy-product.html">Dairy product</a>
                </li>
                <li>
                    <a class="estDynamic" href="lactose-free/shelf.html">Cupboard</a>
                </li>
            </ul>
        </li>
        <li>
            <a class="estDynamic" href="special.html">
                <img src="../cdn.spesati.com/images/menu/special.png"/>
                Special            </a>
            <i class="fa fa-angle-right" aria-hidden="true"></i>
            <ul class="sub-menu">
                <li>
                    <a class="estDynamic" href="special/alpro.html">Alpro</a>
                </li>
                <li>
                    <a class="estDynamic" href="special/organic.html">Biological</a>
                </li>
                <li>
                    <a class="estDynamic" href="special/meat.html">Meat</a>
                </li>
                <li>
                    <a class="estDynamic" href="special/wholegrain.html">Wholegrain</a>
                </li>
                <li>
                    <a class="estDynamic" href="special/bread-and-pasta.html">Bread and pasta</a>
                </li>
                <li>
                    <a class="estDynamic" href="special/vegan.html">Vegan</a>
                </li>
            </ul>
        </li>
        <li>
            <a class="estDynamic" href="sardinian-products.html">
                <img src="../cdn.spesati.com/images/menu/sardinian-products.png"/>
                Sardinian products            </a>
            <i class="fa fa-angle-right" aria-hidden="true"></i>
            <ul class="sub-menu">
                <li>
                    <a class="estDynamic" href="sardinian-products/drinks.html">Drinks</a>
                </li>
                <li>
                    <a class="estDynamic" href="sardinian-products/meat.html">Meat</a>
                </li>
                <li>
                    <a class="estDynamic" href="sardinian-products/sweets.html">Sweets</a>
                </li>
                <li>
                    <a class="estDynamic" href="sardinian-products/fruit-and-vegetables.html">Fruit and vegetables</a>
                </li>
                <li>
                    <a class="estDynamic" href="sardinian-products/ichnusa.html">Ichnusa</a>
                </li>
                <li>
                    <a class="estDynamic" href="sardinian-products/dairy-product.html">Dairy product</a>
                </li>
                <li>
                    <a class="estDynamic" href="sardinian-products/bread-and-pasta.html">Bread and pasta</a>
                </li>
                <li>
                    <a class="estDynamic" href="sardinian-products/fish.html">Fish</a>
                </li>
                <li>
                    <a class="estDynamic" href="sardinian-products/cured-meat.html">Cured meat</a>
                </li>
                <li>
                    <a class="estDynamic" href="sardinian-products/shelf.html">Cupboard</a>
                </li>
                <li>
                    <a class="estDynamic" href="sardinian-products/vermentino-wine.html">Vermentino wine</a>
                </li>
                <li>
                    <a class="estDynamic" href="sardinian-products/wine-beer-and-spirits.html">Wine beer and spirits</a>
                </li>
            </ul>
        </li>
    </ul>
</div>    <div class="colRight">
        <div class="title mobile">
            <a href="index.html"><i class="fa red fa-angle-left fa-3x mobile" aria-hidden="true"></i></a>
            <h2><b>On sale</b></h2>
        </div>
        <div class="breadcrumb bgGrey internal"><p><b><a href="index.html">Home</a> > On sale</b></p>
            <div>
                <p>Order by</p>
                <select name="orderProd" id="orderProd">
                    <option disabled="disabled" selected="selected">- Choose -</option>
                    <option value="nameAsc">Name (A - Z)</option>
                    <option value="nameDes">Name (Z - A)</option>
                    <option value="priceHigh">Price - High to low</option>
                    <option value="priceLow">Price - Low to high</option>
                    <option value="available">Availability</option>
                </select>
            </div>
        </div>
        <div class="containerProduct">
            <div class="left product prod1"
        data-name="Acqua San Martino Iperminerale Effervescente Naturale 0.5lt"
        data-price="2.09"
        data-id="89471"
        data-available="yes"
        data-category="420"
        data-bestselling="2">
    <a href="acqua-san-martino-iperminerale-effervescente-naturale-05lt.html">
        <div style="background-image: url('../cdn.spesati.com/images/products/smartino2/san-martino-iperminerale-01.jpg')">
            <div class="hover"></div>
            <p class="arrow bgRed white">Offer</p>
            <div class="stickers"><img class="left" src="../cdn.spesati.com/images/layout/sardinian.png" /></div>
        </div>
    </a>
    <div>
        <h4><a href="acqua-san-martino-iperminerale-effervescente-naturale-05lt.html"><b>Acqua San Martino Iperminerale Effervescente Naturale 0.5lt</b></a></h4>
        <p class="description">price per box</p>
        <p class="left offer red">2.69 €</p>
<p class="right price"><b>2.09 €</b></p>
        <p class="right unitPrice">0.70 € per litre</p>
    </div>
    <div class="contButton">
    <a class="button bgRed white addToCart" href="#">Add</a>
</div>
</div><div class="left product prod2"
        data-name="Suino Fettine Scelte"
        data-price="4.94"
        data-id="693"
        data-available="yes"
        data-category="4628"
        data-bestselling="5">
    <a href="suino-fettine-scelte.html">
        <div style="background-image: url('../cdn.spesati.com/images/products/fl773/fettine-suino.jpg')">
            <div class="hover"></div>
            <p class="arrow bgRed white">Offer</p>
            <div class="stickers"></div>
        </div>
    </a>
    <div>
        <h4><a href="suino-fettine-scelte.html"><b>Suino Fettine Scelte</b></a></h4>
        <p class="description">medium weight 0.500 Kg</p>
        <p class="left offer red">6.00 €</p>
<p class="right price"><b>4.94 €</b></p>
        <p class="right unitPrice">9.89 € per kg</p>
    </div>
    <div class="contButton">
    <a class="button bgRed white addToCart" href="#">Add</a>
</div>
</div><div class="left product prod3"
        data-name="Braciole Suino Con Cotenna"
        data-price="3.57"
        data-id="691"
        data-available="yes"
        data-category="4628"
        data-bestselling="4">
    <a href="braciole-suino-con-cotenna.html">
        <div style="background-image: url('../cdn.spesati.com/images/products/fl769/braciole-suino.jpg')">
            <div class="hover"></div>
            <p class="arrow bgRed white">Offer</p>
            <div class="stickers"></div>
        </div>
    </a>
    <div>
        <h4><a href="braciole-suino-con-cotenna.html"><b>Braciole Suino Con Cotenna</b></a></h4>
        <p class="description">medium weight 0.500 Kg</p>
        <p class="left offer red">4.95 €</p>
<p class="right price"><b>3.57 €</b></p>
        <p class="right unitPrice">7.14 € per kg</p>
    </div>
    <div class="contButton">
    <a class="button bgRed white addToCart" href="#">Add</a>
</div>
</div><div class="left product prod4"
        data-name="Tacchino Fesa A Fette"
        data-price="6.49"
        data-id="840"
        data-available="yes"
        data-category="4628"
        data-bestselling="9">
    <a href="tacchino-fesa-a-fette.html">
        <div style="background-image: url('../cdn.spesati.com/images/products/fl767/tacchino-fesa-a.jpg')">
            <div class="hover"></div>
            <p class="arrow bgRed white">Offer</p>
            <div class="stickers"></div>
        </div>
    </a>
    <div>
        <h4><a href="tacchino-fesa-a-fette.html"><b>Tacchino Fesa A Fette</b></a></h4>
        <p class="description">medium weight 0.500 Kg</p>
        <p class="left offer red">19.95 €</p>
<p class="right price"><b>6.49 €</b></p>
        <p class="right unitPrice">12.98 € per kg</p>
    </div>
    <div class="contButton">
    <a class="button bgRed white addToCart" href="#">Add</a>
</div>
</div><div class="left product prod5"
        data-name="Busto Pollo"
        data-price="5.49"
        data-id="752"
        data-available="yes"
        data-category="4628"
        data-bestselling="5">
    <a href="busto-pollo.html">
        <div style="background-image: url('../cdn.spesati.com/images/products/fl764/busto-pollo-01.jpg')">
            <div class="hover"></div>
            <p class="arrow bgRed white">Offer</p>
            <div class="stickers"></div>
        </div>
    </a>
    <div>
        <h4><a href="busto-pollo.html"><b>Busto Pollo</b></a></h4>
        <p class="description">medium weight 1 Kg</p>
        <p class="left offer red">7.49 €</p>
<p class="right price"><b>5.49 €</b></p>
        <p class="right unitPrice">5.49 € per kg</p>
    </div>
    <div class="contButton">
    <a class="button bgRed white addToCart" href="#">Add</a>
</div>
</div><div class="left product prod6"
        data-name="Fettine Sceltissime Bovino Adulto"
        data-price="8.24"
        data-id="648"
        data-available="yes"
        data-category="4628"
        data-bestselling="4">
    <a href="fettine-sceltissime-bovino-adulto.html">
        <div style="background-image: url('../cdn.spesati.com/images/products/fl754/fettine-bovino-01.jpg')">
            <div class="hover"></div>
            <p class="arrow bgRed white">Offer</p>
            <div class="stickers"></div>
        </div>
    </a>
    <div>
        <h4><a href="fettine-sceltissime-bovino-adulto.html"><b>Fettine Sceltissime Bovino Adulto</b></a></h4>
        <p class="description">medium weight 0.500 Kg</p>
        <p class="left offer red">9.47 €</p>
<p class="right price"><b>8.24 €</b></p>
        <p class="right unitPrice">16.49 € per kg</p>
    </div>
    <div class="contButton">
    <a class="button bgRed white addToCart" href="#">Add</a>
</div>
</div><div class="left product prod7"
        data-name="Lonza a Trancio"
        data-price="4.95"
        data-id="694"
        data-available="yes"
        data-category="4628"
        data-bestselling="4">
    <a href="lonza-a-trancio.html">
        <div style="background-image: url('../cdn.spesati.com/images/products/fl157/lonza-a-trancio-01.jpg')">
            <div class="hover"></div>
            <p class="arrow bgRed white">Offer</p>
            <div class="stickers"><img class="left" src="../cdn.spesati.com/images/layout/sardinian.png" /></div>
        </div>
    </a>
    <div>
        <h4><a href="lonza-a-trancio.html"><b>Lonza a Trancio</b></a></h4>
        <p class="description">medium weight 0.500 Kg</p>
        <p class="left offer red">6.00 €</p>
<p class="right price"><b>4.95 €</b></p>
        <p class="right unitPrice">9.90 € per kg</p>
    </div>
    <div class="contButton">
    <a class="button bgRed white addToCart" href="#">Add</a>
</div>
</div><div class="left product prod8"
        data-name="Bovino Adulto Polpa"
        data-price="7.15"
        data-id="657"
        data-available="yes"
        data-category="4628"
        data-bestselling="1">
    <a href="bovino-adulto-polpa.html">
        <div style="background-image: url('../cdn.spesati.com/images/products/fl1100/polpa-magra-intera.jpg')">
            <div class="hover"></div>
            <p class="arrow bgRed white">Offer</p>
            <div class="stickers"></div>
        </div>
    </a>
    <div>
        <h4><a href="bovino-adulto-polpa.html"><b>Bovino Adulto Polpa</b></a></h4>
        <p class="description">medium weight 0.250 Kg</p>
        <p class="left offer red">8.45 €</p>
<p class="right price"><b>7.15 €</b></p>
        <p class="right unitPrice">14.30 € per kg</p>
    </div>
    <div class="contButton">
    <a class="button bgRed white addToCart" href="#">Add</a>
</div>
</div><div class="left product prod9"
        data-name="Limoncello Rau 70cl"
        data-price="9.89"
        data-id="25"
        data-available="yes"
        data-category="2933"
        data-bestselling="">
    <a href="limoncello-rau-70cl.html">
        <div style="background-image: url('../cdn.spesati.com/images/products/71020701/limoncello-rau-70cl.jpg')">
            <div class="hover"></div>
            <p class="arrow bgRed white">Offer</p>
            <div class="stickers"></div>
        </div>
    </a>
    <div>
        <h4><a href="limoncello-rau-70cl.html"><b>Limoncello Rau 70cl</b></a></h4>
        <p class="description">0.7 Lt</p>
        <p class="left offer red">11.50 €</p>
<p class="right price"><b>9.89 €</b></p>
        <p class="right unitPrice">14.13 € per litre</p>
    </div>
    <div class="contButton">
    <a class="button bgRed white addToCart" href="#">Add</a>
</div>
</div><div class="left product prod10"
        data-name="Burro Prealpina 250gr"
        data-price="2.19"
        data-id="34764"
        data-available="yes"
        data-category="5827"
        data-bestselling="">
    <a href="burro-prealpina-250gr.html">
        <div style="background-image: url('../cdn.spesati.com/images/products/705087/burro-prealpina-250gr-01.jpg')">
            <div class="hover"></div>
            <p class="arrow bgRed white">Offer</p>
            <div class="stickers"></div>
        </div>
    </a>
    <div>
        <h4><a href="burro-prealpina-250gr.html"><b>Burro Prealpina 250gr</b></a></h4>
        <p class="description">0.25 Kg</p>
        <p class="left offer red">3.20 €</p>
<p class="right price"><b>2.19 €</b></p>
        <p class="right unitPrice">8.76 € per kg</p>
    </div>
    <div class="contButton">
    <a class="button bgRed white addToCart" href="#">Add</a>
</div>
</div><div class="left product prod11"
        data-name="Vino La Palma Cannonau Le Bombarde"
        data-price="4.99"
        data-id="3528"
        data-available="yes"
        data-category="421"
        data-bestselling="8">
    <a href="vino-la-palma-cannonau-le-bombarde.html">
        <div style="background-image: url('../cdn.spesati.com/images/products/49381301/vino-la-palma.jpg')">
            <div class="hover"></div>
            <p class="arrow bgRed white">Offer</p>
            <div class="stickers"><img class="left" src="../cdn.spesati.com/images/layout/sardinian.png" /></div>
        </div>
    </a>
    <div>
        <h4><a href="vino-la-palma-cannonau-le-bombarde.html"><b>Vino La Palma Cannonau Le Bombarde</b></a></h4>
        <p class="description">0.75 Lt</p>
        <p class="left offer red">7.49 €</p>
<p class="right price"><b>4.99 €</b></p>
        <p class="right unitPrice">6.65 € per litre</p>
    </div>
    <div class="contButton">
    <a class="button bgRed white addToCart" href="#">Add</a>
</div>
</div><div class="left product prod12"
        data-name="Carbone Di Legna Sacco 10Kg"
        data-price="12.89"
        data-id="7145"
        data-available="yes"
        data-category="3684"
        data-bestselling="">
    <a href="carbone-di-legna-sacco-10kg.html">
        <div style="background-image: url('../cdn.spesati.com/images/products/305437/carbone-di-legna-01.jpg')">
            <div class="hover"></div>
            <p class="arrow bgRed white">Offer</p>
            <div class="stickers"></div>
        </div>
    </a>
    <div>
        <h4><a href="carbone-di-legna-sacco-10kg.html"><b>Carbone Di Legna Sacco 10Kg</b></a></h4>
        <p class="description">10 Kg</p>
        <p class="left offer red">15.90 €</p>
<p class="right price"><b>12.89 €</b></p>
        <p class="right unitPrice">1.29 € per kg</p>
    </div>
    <div class="contButton">
    <a class="button bgRed white addToCart" href="#">Add</a>
</div>
</div><div class="left product prod13"
        data-name="Acqua San Martino Iperminerale Effervescente Naturale 1.5lt"
        data-price="3.54"
        data-id="6158"
        data-available="yes"
        data-category="420"
        data-bestselling="4">
    <a href="acqua-san-martino-iperminerale-effervescente-naturale-15lt.html">
        <div style="background-image: url('../cdn.spesati.com/images/products/2004003/acqua-san-martino-01.jpg')">
            <div class="hover"></div>
            <p class="arrow bgRed white">Offer</p>
            <div class="stickers"><img class="left" src="../cdn.spesati.com/images/layout/sardinian.png" /></div>
        </div>
    </a>
    <div>
        <h4><a href="acqua-san-martino-iperminerale-effervescente-naturale-15lt.html"><b>Acqua San Martino Iperminerale Effervescente Naturale 1.5lt</b></a></h4>
        <p class="description">price per box</p>
        <p class="left offer red">4.74 €</p>
<p class="right price"><b>3.54 €</b></p>
        <p class="right unitPrice">0.39 € per litre</p>
    </div>
    <div class="contButton">
    <a class="button bgRed white addToCart" href="#">Add</a>
</div>
</div><div class="left product prod14"
        data-name="Buitoni Pizza Bella Napoli Margherita 650gr"
        data-price="3.69"
        data-id="34404"
        data-available="yes"
        data-category="424"
        data-bestselling="4">
    <a href="buitoni-pizza-bella-napoli-margherita-650gr.html">
        <div style="background-image: url('../cdn.spesati.com/images/products/000520346/buitoni-bella-napoli-la-classica-margherita-pizza-surgelata-2-pizze-650-g-01.png')">
            <div class="hover"></div>
            <p class="arrow bgRed white">Offer</p>
            <div class="stickers"></div>
        </div>
    </a>
    <div>
        <h4><a href="buitoni-pizza-bella-napoli-margherita-650gr.html"><b>Buitoni Pizza Bella Napoli Margherita 650gr</b></a></h4>
        <p class="description">BUITONI Bella Napoli La Classica Margherita Pizza Surgelata 2 pizze 650 g</p>
        <p class="left offer red">4.79 €</p>
<p class="right price"><b>3.69 €</b></p>
        <p class="right unitPrice">5.68 € per kg</p>
    </div>
    <div class="contButton">
    <a class="button bgRed white addToCart" href="#">Add</a>
</div>
</div><div class="left product prod15"
        data-name="Fazzoletti Regina Di Cuori 10p"
        data-price="1.39"
        data-id="85267"
        data-available="yes"
        data-category="2530"
        data-bestselling="3">
    <a href="fazzoletti-regina-di-cuori-10p.html">
        <div style="background-image: url('../cdn.spesati.com/images/products/000442927/regina-di-cuori-fazzoletti-10-pacchetti-01.png')">
            <div class="hover"></div>
            <p class="arrow bgRed white">Offer</p>
            <div class="stickers"></div>
        </div>
    </a>
    <div>
        <h4><a href="fazzoletti-regina-di-cuori-10p.html"><b>Fazzoletti Regina Di Cuori 10p</b></a></h4>
        <p class="description">Regina di Cuori Fazzoletti 10 pacchetti</p>
        <p class="left offer red">2.15 €</p>
<p class="right price"><b>1.39 €</b></p>
        <p class="right unitPrice">1.39 € per piece</p>
    </div>
    <div class="contButton">
    <a class="button bgRed white addToCart" href="#">Add</a>
</div>
</div><div class="left product prod16"
        data-name="Coca Cola Zero S/caff Pet 1 Lt"
        data-price="1.59"
        data-id="86024"
        data-available="yes"
        data-category="413"
        data-bestselling="">
    <a href="coca-cola-zero-scaff-pet-1-lt.html">
        <div style="background-image: url('../cdn.spesati.com/images/products/000432671/coca-cola-caffeine-free-zero-pet-6-x-1-l-01.png')">
            <div class="hover"></div>
            <p class="arrow bgRed white">Offer</p>
            <div class="stickers"></div>
        </div>
    </a>
    <div>
        <h4><a href="coca-cola-zero-scaff-pet-1-lt.html"><b>Coca Cola Zero S/caff Pet 1 Lt</b></a></h4>
        <p class="description">Coca-Cola Caffeine Free Zero PET 6 x 1 L</p>
        <p class="left offer red">1.75 €</p>
<p class="right price"><b>1.59 €</b></p>
        <p class="right unitPrice">1.77 € per litre</p>
    </div>
    <div class="contButton">
    <a class="button bgRed white addToCart" href="#">Add</a>
</div>
</div><div class="left product prod17"
        data-name="Succhi Bravo Ace 2lt"
        data-price="2.09"
        data-id="77233"
        data-available="yes"
        data-category="2887"
        data-bestselling="1">
    <a href="succhi-bravo-ace-2lt.html">
        <div style="background-image: url('../cdn.spesati.com/images/products/000432156/rauch-bravo-ace-vitamin-drink-2-l-01.png')">
            <div class="hover"></div>
            <p class="arrow bgRed white">Offer</p>
            <div class="stickers"></div>
        </div>
    </a>
    <div>
        <h4><a href="succhi-bravo-ace-2lt.html"><b>Succhi Bravo Ace 2lt</b></a></h4>
        <p class="description">Rauch bravo ACE Vitamin Drink 2 L</p>
        <p class="left offer red">2.79 €</p>
<p class="right price"><b>2.09 €</b></p>
        <p class="right unitPrice">1.05 € per litre</p>
    </div>
    <div class="contButton">
    <a class="button bgRed white addToCart" href="#">Add</a>
</div>
</div><div class="left product prod18"
        data-name="Succhi Bravo Multivitam 2lt"
        data-price="2.09"
        data-id="77230"
        data-available="yes"
        data-category="2887"
        data-bestselling="">
    <a href="succhi-bravo-multivitam-2lt.html">
        <div style="background-image: url('../cdn.spesati.com/images/products/000432155/rauch-bravo-multi-vitamin-2-l-01.png')">
            <div class="hover"></div>
            <p class="arrow bgRed white">Offer</p>
            <div class="stickers"></div>
        </div>
    </a>
    <div>
        <h4><a href="succhi-bravo-multivitam-2lt.html"><b>Succhi Bravo Multivitam 2lt</b></a></h4>
        <p class="description">Rauch bravo Multi Vitamin 2 L</p>
        <p class="left offer red">2.79 €</p>
<p class="right price"><b>2.09 €</b></p>
        <p class="right unitPrice">1.05 € per litre</p>
    </div>
    <div class="contButton">
    <a class="button bgRed white addToCart" href="#">Add</a>
</div>
</div><div class="left product prod19"
        data-name="Succhi Bravo Arancia Rossa 2lt"
        data-price="2.09"
        data-id="77224"
        data-available="yes"
        data-category="2887"
        data-bestselling="2">
    <a href="succhi-bravo-arancia-rossa-2lt.html">
        <div style="background-image: url('../cdn.spesati.com/images/products/000432153/rauch-bravo-arancia-rossa-2-l-01.png')">
            <div class="hover"></div>
            <p class="arrow bgRed white">Offer</p>
            <div class="stickers"></div>
        </div>
    </a>
    <div>
        <h4><a href="succhi-bravo-arancia-rossa-2lt.html"><b>Succhi Bravo Arancia Rossa 2lt</b></a></h4>
        <p class="description">Rauch bravo Arancia Rossa 2 L</p>
        <p class="left offer red">2.79 €</p>
<p class="right price"><b>2.09 €</b></p>
        <p class="right unitPrice">1.05 € per litre</p>
    </div>
    <div class="contButton">
    <a class="button bgRed white addToCart" href="#">Add</a>
</div>
</div><div class="left product prod20"
        data-name="Succhi Bravo Ananas 2lt"
        data-price="2.09"
        data-id="77218"
        data-available="yes"
        data-category="2887"
        data-bestselling="">
    <a href="succhi-bravo-ananas-2lt.html">
        <div style="background-image: url('../cdn.spesati.com/images/products/000432151/rauch-bravo-ananas-2-l-01.png')">
            <div class="hover"></div>
            <p class="arrow bgRed white">Offer</p>
            <div class="stickers"></div>
        </div>
    </a>
    <div>
        <h4><a href="succhi-bravo-ananas-2lt.html"><b>Succhi Bravo Ananas 2lt</b></a></h4>
        <p class="description">Rauch bravo Ananas 2 L</p>
        <p class="left offer red">2.79 €</p>
<p class="right price"><b>2.09 €</b></p>
        <p class="right unitPrice">1.05 € per litre</p>
    </div>
    <div class="contButton">
    <a class="button bgRed white addToCart" href="#">Add</a>
</div>
</div><div class="left product prod21"
        data-name="Bals Fructis Hydra Liss 200 Ml"
        data-price="2.49"
        data-id="29707"
        data-available="yes"
        data-category="543615"
        data-bestselling="">
    <a href="bals-fructis-hydra-liss-200-ml.html">
        <div style="background-image: url('../cdn.spesati.com/images/products/000303543/garnier-balsamo-fructis-hydra-liss-shine-per-capelli-secchi-o-crespi-200-ml-01.png')">
            <div class="hover"></div>
            <p class="arrow bgRed white">Offer</p>
            <div class="stickers"></div>
        </div>
    </a>
    <div>
        <h4><a href="bals-fructis-hydra-liss-200-ml.html"><b>Bals Fructis Hydra Liss 200 Ml</b></a></h4>
        <p class="description">Garnier Balsamo Fructis Hydra Liss & Shine, per Capelli Secchi o Crespi, 200 ml</p>
        <p class="left offer red">2.99 €</p>
<p class="right price"><b>2.49 €</b></p>
        <p class="right unitPrice">12.46 € per litre</p>
    </div>
    <div class="contButton">
    <a class="button bgRed white addToCart" href="#">Add</a>
</div>
</div><div class="left product prod22"
        data-name="Shamp Fructis Normali 250 Ml"
        data-price="2.49"
        data-id="29705"
        data-available="yes"
        data-category="543615"
        data-bestselling="">
    <a href="shamp-fructis-normali-250-ml.html">
        <div style="background-image: url('../cdn.spesati.com/images/products/000303535/garnier-shampoo-fructis-capelli-normali-capelli-forti-e-brillanti-250-ml-01.png')">
            <div class="hover"></div>
            <p class="arrow bgRed white">Offer</p>
            <div class="stickers"></div>
        </div>
    </a>
    <div>
        <h4><a href="shamp-fructis-normali-250-ml.html"><b>Shamp Fructis Normali 250 Ml</b></a></h4>
        <p class="description">Garnier Shampoo Fructis Capelli Normali, Capelli Forti e Brillanti, 250 ml</p>
        <p class="left offer red">3.05 €</p>
<p class="right price"><b>2.49 €</b></p>
        <p class="right unitPrice">9.96 € per litre</p>
    </div>
    <div class="contButton">
    <a class="button bgRed white addToCart" href="#">Add</a>
</div>
</div><div class="left product prod23"
        data-name="Shamp Fructis Normali 2in1 250"
        data-price="2.49"
        data-id="29704"
        data-available="yes"
        data-category="543615"
        data-bestselling="">
    <a href="shamp-fructis-normali-2in1-250.html">
        <div style="background-image: url('../cdn.spesati.com/images/products/000303530/garnier-shampoo-fructis-capelli-normali-2in1-capelli-forti-e-brillanti-250-ml-01.png')">
            <div class="hover"></div>
            <p class="arrow bgRed white">Offer</p>
            <div class="stickers"></div>
        </div>
    </a>
    <div>
        <h4><a href="shamp-fructis-normali-2in1-250.html"><b>Shamp Fructis Normali 2in1 250</b></a></h4>
        <p class="description">Garnier Shampoo Fructis Capelli Normali 2in1, Capelli Forti e Brillanti, 250 ml</p>
        <p class="left offer red">3.05 €</p>
<p class="right price"><b>2.49 €</b></p>
        <p class="right unitPrice">9.96 € per litre</p>
    </div>
    <div class="contButton">
    <a class="button bgRed white addToCart" href="#">Add</a>
</div>
</div><div class="left product prod24"
        data-name="Bagnoschiuma Milmil Muschio 1Lt"
        data-price="1.79"
        data-id="6580"
        data-available="yes"
        data-category="474"
        data-bestselling="">
    <a href="bagnoschiuma-milmil-muschio-1lt.html">
        <div style="background-image: url('../cdn.spesati.com/images/products/000303446/milmil-bagno-schiuma-muschio-bianco-1000-ml-01.png')">
            <div class="hover"></div>
            <p class="arrow bgRed white">Offer</p>
            <div class="stickers"></div>
        </div>
    </a>
    <div>
        <h4><a href="bagnoschiuma-milmil-muschio-1lt.html"><b>Bagnoschiuma Milmil Muschio 1Lt</b></a></h4>
        <p class="description">milmil Bagno Schiuma muschio bianco 1000 ml</p>
        <p class="left offer red">2.29 €</p>
<p class="right price"><b>1.79 €</b></p>
        <p class="right unitPrice">1.79 € per litre</p>
    </div>
    <div class="contButton">
    <a class="button bgRed white addToCart" href="#">Add</a>
</div>
</div><div class="left product prod25"
        data-name="Bagnoschiuma Milmil Latte Cocco 1Lt"
        data-price="1.79"
        data-id="6552"
        data-available="yes"
        data-category="474"
        data-bestselling="">
    <a href="bagnoschiuma-milmil-latte-cocco-1lt.html">
        <div style="background-image: url('../cdn.spesati.com/images/products/000303445/milmil-fresca-vitalita-bagno-schiuma-latte-di-cocco-1000-ml-01.png')">
            <div class="hover"></div>
            <p class="arrow bgRed white">Offer</p>
            <div class="stickers"></div>
        </div>
    </a>
    <div>
        <h4><a href="bagnoschiuma-milmil-latte-cocco-1lt.html"><b>Bagnoschiuma Milmil Latte Cocco 1Lt</b></a></h4>
        <p class="description">milmil Fresca Vitalità Bagno Schiuma latte di cocco 1000 ml</p>
        <p class="left offer red">2.29 €</p>
<p class="right price"><b>1.79 €</b></p>
        <p class="right unitPrice">1.79 € per litre</p>
    </div>
    <div class="contButton">
    <a class="button bgRed white addToCart" href="#">Add</a>
</div>
</div><div class="left product prod26"
        data-name="Fructis Balsamo Hydra Ricci"
        data-price="2.49"
        data-id="287"
        data-available="yes"
        data-category="543615"
        data-bestselling="">
    <a href="fructis-balsamo-hydra-ricci.html">
        <div style="background-image: url('../cdn.spesati.com/images/products/000302509/garnier-balsamo-fructis-hydra-ricci-contouring-per-capelli-ricci-tendenti-al-crespo-200-ml-01.png')">
            <div class="hover"></div>
            <p class="arrow bgRed white">Offer</p>
            <div class="stickers"></div>
        </div>
    </a>
    <div>
        <h4><a href="fructis-balsamo-hydra-ricci.html"><b>Fructis Balsamo Hydra Ricci</b></a></h4>
        <p class="description">Garnier Balsamo Fructis Hydra Ricci Contouring, per Capelli Ricci Tendenti al Crespo, 200 ml</p>
        <p class="left offer red">2.99 €</p>
<p class="right price"><b>2.49 €</b></p>
        <p class="right unitPrice">12.46 € per litre</p>
    </div>
    <div class="contButton">
    <a class="button bgRed white addToCart" href="#">Add</a>
</div>
</div><div class="left product prod27"
        data-name="Shamp Fructis Hydra Ricci 250"
        data-price="2.49"
        data-id="29550"
        data-available="yes"
        data-category="543615"
        data-bestselling="">
    <a href="shamp-fructis-hydra-ricci-250.html">
        <div style="background-image: url('../cdn.spesati.com/images/products/000302507/garnier-shampoo-fructis-hydra-ricci-contouring-per-capelli-ricchi-tendenti-al-crespo-250-ml-01.png')">
            <div class="hover"></div>
            <p class="arrow bgRed white">Offer</p>
            <div class="stickers"></div>
        </div>
    </a>
    <div>
        <h4><a href="shamp-fructis-hydra-ricci-250.html"><b>Shamp Fructis Hydra Ricci 250</b></a></h4>
        <p class="description">Garnier Shampoo Fructis Hydra Ricci Contouring, per Capelli Ricchi Tendenti al Crespo, 250 ml</p>
        <p class="left offer red">3.05 €</p>
<p class="right price"><b>2.49 €</b></p>
        <p class="right unitPrice">9.96 € per litre</p>
    </div>
    <div class="contButton">
    <a class="button bgRed white addToCart" href="#">Add</a>
</div>
</div><div class="left product prod28"
        data-name="Vino Rose Di Alghero Sella&Mosca 75Cl"
        data-price="5.19"
        data-id="6863"
        data-available="yes"
        data-category="421"
        data-bestselling="1">
    <a href="vino-rose-di-alghero-sellamosca-75cl.html">
        <div style="background-image: url('../cdn.spesati.com/images/products/000209050/sella-mosca-alghero-rosato-doc-750-ml-01.png')">
            <div class="hover"></div>
            <p class="arrow bgRed white">Offer</p>
            <div class="stickers"><img class="left" src="../cdn.spesati.com/images/layout/sardinian.png" /></div>
        </div>
    </a>
    <div>
        <h4><a href="vino-rose-di-alghero-sellamosca-75cl.html"><b>Vino Rose Di Alghero Sella&Mosca 75Cl</b></a></h4>
        <p class="description">Sella & Mosca Alghero Rosato DOC 750 ml</p>
        <p class="left offer red">6.49 €</p>
<p class="right price"><b>5.19 €</b></p>
        <p class="right unitPrice">6.92 € per litre</p>
    </div>
    <div class="contButton">
    <a class="button bgRed white addToCart" href="#">Add</a>
</div>
</div><div class="left product prod29"
        data-name="Filu E Ferru Silvio Carta 70Cl"
        data-price="10.99"
        data-id="7108"
        data-available="yes"
        data-category="2933"
        data-bestselling="">
    <a href="filu-e-ferru-silvio-carta-70cl.html">
        <div style="background-image: url('../cdn.spesati.com/images/products/000206003/silvio-carta-filu-e-ferru-70-cl-01.png')">
            <div class="hover"></div>
            <p class="arrow bgRed white">Offer</p>
            <div class="stickers"><img class="left" src="../cdn.spesati.com/images/layout/sardinian.png" /></div>
        </div>
    </a>
    <div>
        <h4><a href="filu-e-ferru-silvio-carta-70cl.html"><b>Filu E Ferru Silvio Carta 70Cl</b></a></h4>
        <p class="description">Silvio Carta Filu' e Ferru 70 cl</p>
        <p class="left offer red">13.90 €</p>
<p class="right price"><b>10.99 €</b></p>
        <p class="right unitPrice">15.70 € per litre</p>
    </div>
    <div class="contButton">
    <a class="button bgRed white addToCart" href="#">Add</a>
</div>
</div><div class="left product prod30"
        data-name="Pepsi Cola Max Zero Lattina 33Cl"
        data-price="0.59"
        data-id="6156"
        data-available="yes"
        data-category="413"
        data-bestselling="">
    <a href="pepsi-cola-max-zero-lattina-33cl.html">
        <div style="background-image: url('../cdn.spesati.com/images/products/000205018/pepsi-zero-zucchero-330-ml-01.png')">
            <div class="hover"></div>
            <p class="arrow bgRed white">Offer</p>
            <div class="stickers"></div>
        </div>
    </a>
    <div>
        <h4><a href="pepsi-cola-max-zero-lattina-33cl.html"><b>Pepsi Cola Max Zero Lattina 33Cl</b></a></h4>
        <p class="description">Pepsi Zero Zucchero 330 ml</p>
        <p class="left offer red">0.74 €</p>
<p class="right price"><b>0.59 €</b></p>
        <p class="right unitPrice">1.79 € per litre</p>
    </div>
    <div class="contButton">
    <a class="button bgRed white addToCart" href="#">Add</a>
</div>
</div><div class="left product prod31"
        data-name="Schweppes Tonica Zero 1lt"
        data-price="1.39"
        data-id="68709"
        data-available="yes"
        data-category="413"
        data-bestselling="">
    <a href="schweppes-tonica-zero-1lt.html">
        <div style="background-image: url('../cdn.spesati.com/images/products/000204189/schweppes-tonica-zero-1-l-pet-01.png')">
            <div class="hover"></div>
            <p class="arrow bgRed white">Offer</p>
            <div class="stickers"></div>
        </div>
    </a>
    <div>
        <h4><a href="schweppes-tonica-zero-1lt.html"><b>Schweppes Tonica Zero 1lt</b></a></h4>
        <p class="description">Schweppes Tonica Zero 1 L PET</p>
        <p class="left offer red">1.95 €</p>
<p class="right price"><b>1.39 €</b></p>
        <p class="right unitPrice">1.39 € per litre</p>
    </div>
    <div class="contButton">
    <a class="button bgRed white addToCart" href="#">Add</a>
</div>
</div><div class="left product prod32"
        data-name="Amaro Montenegro 1,5lt"
        data-price="34.99"
        data-id="28244"
        data-available="yes"
        data-category="2933"
        data-bestselling="">
    <a href="amaro-montenegro-15lt.html">
        <div style="background-image: url('../cdn.spesati.com/images/products/000204136/amaro-montenegro-150-cl-01.png')">
            <div class="hover"></div>
            <p class="arrow bgRed white">Offer</p>
            <div class="stickers"></div>
        </div>
    </a>
    <div>
        <h4><a href="amaro-montenegro-15lt.html"><b>Amaro Montenegro 1,5lt</b></a></h4>
        <p class="description">Amaro Montenegro 150 cl</p>
        <p class="left offer red">46.94 €</p>
<p class="right price"><b>34.99 €</b></p>
        <p class="right unitPrice">23.33 € per litre</p>
    </div>
    <div class="contButton">
    <a class="button bgRed white addToCart" href="#">Add</a>
</div>
</div><div class="left product prod33"
        data-name="The S Benedetto Pesca 33cl Lat"
        data-price="0.49"
        data-id="27989"
        data-available="yes"
        data-category="2073"
        data-bestselling="">
    <a href="the-s-benedetto-pesca-33cl-lat.html">
        <div style="background-image: url('../cdn.spesati.com/images/products/000202632/san-benedetto-the-pesca-lattina-sleek-033-l-01.png')">
            <div class="hover"></div>
            <p class="arrow bgRed white">Offer</p>
            <div class="stickers"></div>
        </div>
    </a>
    <div>
        <h4><a href="the-s-benedetto-pesca-33cl-lat.html"><b>The S Benedetto Pesca 33cl Lat</b></a></h4>
        <p class="description">San Benedetto Thè Pesca lattina sleek 0,33 L</p>
        <p class="left offer red">0.68 €</p>
<p class="right price"><b>0.49 €</b></p>
        <p class="right unitPrice">1.49 € per litre</p>
    </div>
    <div class="contButton">
    <a class="button bgRed white addToCart" href="#">Add</a>
</div>
</div><div class="left product prod34"
        data-name="The S Benedetto Limone 33cl La"
        data-price="0.49"
        data-id="27988"
        data-available="yes"
        data-category="2073"
        data-bestselling="">
    <a href="the-s-benedetto-limone-33cl-la.html">
        <div style="background-image: url('../cdn.spesati.com/images/products/000202630/san-benedetto-the-limone-lattina-sleek-033-l-01.png')">
            <div class="hover"></div>
            <p class="arrow bgRed white">Offer</p>
            <div class="stickers"></div>
        </div>
    </a>
    <div>
        <h4><a href="the-s-benedetto-limone-33cl-la.html"><b>The S Benedetto Limone 33cl La</b></a></h4>
        <p class="description">San Benedetto Thè Limone lattina sleek 0,33 L</p>
        <p class="left offer red">0.68 €</p>
<p class="right price"><b>0.49 €</b></p>
        <p class="right unitPrice">1.49 € per litre</p>
    </div>
    <div class="contButton">
    <a class="button bgRed white addToCart" href="#">Add</a>
</div>
</div><div class="left product prod35"
        data-name="Schweppes Tonica 1 Lt"
        data-price="1.39"
        data-id="422"
        data-available="yes"
        data-category="413"
        data-bestselling="">
    <a href="schweppes-tonica-1-lt.html">
        <div style="background-image: url('../cdn.spesati.com/images/products/000202296/schweppes-tonica-1-l-pet-01.png')">
            <div class="hover"></div>
            <p class="arrow bgRed white">Offer</p>
            <div class="stickers"></div>
        </div>
    </a>
    <div>
        <h4><a href="schweppes-tonica-1-lt.html"><b>Schweppes Tonica 1 Lt</b></a></h4>
        <p class="description">Schweppes Tonica 1 L PET</p>
        <p class="left offer red">1.95 €</p>
<p class="right price"><b>1.39 €</b></p>
        <p class="right unitPrice">1.39 € per litre</p>
    </div>
    <div class="contButton">
    <a class="button bgRed white addToCart" href="#">Add</a>
</div>
</div><div class="left product prod36"
        data-name="Pepsi Cola Lattina Cl 33"
        data-price="0.59"
        data-id="5669"
        data-available="yes"
        data-category="413"
        data-bestselling="">
    <a href="pepsi-cola-lattina-cl-33.html">
        <div style="background-image: url('../cdn.spesati.com/images/products/000202271/pepsi-330-ml-01.png')">
            <div class="hover"></div>
            <p class="arrow bgRed white">Offer</p>
            <div class="stickers"></div>
        </div>
    </a>
    <div>
        <h4><a href="pepsi-cola-lattina-cl-33.html"><b>Pepsi Cola Lattina Cl 33</b></a></h4>
        <p class="description">Pepsi 330 ml</p>
        <p class="left offer red">0.74 €</p>
<p class="right price"><b>0.59 €</b></p>
        <p class="right unitPrice">1.79 € per litre</p>
    </div>
    <div class="contButton">
    <a class="button bgRed white addToCart" href="#">Add</a>
</div>
</div><div class="left product prod37"
        data-name="Coca Cola Zero"
        data-price="1.59"
        data-id="381"
        data-available="yes"
        data-category="413"
        data-bestselling="8">
    <a href="coca-cola-zero.html">
        <div style="background-image: url('../cdn.spesati.com/images/products/000202232/coca-cola-zero-zuccheri-1-lt-x-6-pet-01.png')">
            <div class="hover"></div>
            <p class="arrow bgRed white">Offer</p>
            <div class="stickers"></div>
        </div>
    </a>
    <div>
        <h4><a href="coca-cola-zero.html"><b>Coca Cola Zero</b></a></h4>
        <p class="description">COCA-COLA Zero Zuccheri 1 lt x 6 (PET)</p>
        <p class="left offer red">1.75 €</p>
<p class="right price"><b>1.59 €</b></p>
        <p class="right unitPrice">1.59 € per litre</p>
    </div>
    <div class="contButton">
    <a class="button bgRed white addToCart" href="#">Add</a>
</div>
</div><div class="left product prod38"
        data-name="Coca Cola 1Lt"
        data-price="1.59"
        data-id="375"
        data-available="yes"
        data-category="413"
        data-bestselling="1">
    <a href="coca-cola-1lt.html">
        <div style="background-image: url('../cdn.spesati.com/images/products/000202195/coca-cola-original-taste-pet-1-l-01.png')">
            <div class="hover"></div>
            <p class="arrow bgRed white">Offer</p>
            <div class="stickers"></div>
        </div>
    </a>
    <div>
        <h4><a href="coca-cola-1lt.html"><b>Coca Cola 1Lt</b></a></h4>
        <p class="description">COCA-COLA Original Taste PET 1 L</p>
        <p class="left offer red">1.75 €</p>
<p class="right price"><b>1.59 €</b></p>
        <p class="right unitPrice">1.59 € per litre</p>
    </div>
    <div class="contButton">
    <a class="button bgRed white addToCart" href="#">Add</a>
</div>
</div><div class="left product prod39"
        data-name="Birra Moretti"
        data-price="1.49"
        data-id="620"
        data-available="yes"
        data-category="414"
        data-bestselling="4">
    <a href="birra-moretti.html">
        <div style="background-image: url('../cdn.spesati.com/images/products/000202115/birra-moretti-ricetta-originale-66-cl-01.png')">
            <div class="hover"></div>
            <p class="arrow bgRed white">Offer</p>
            <div class="stickers"></div>
        </div>
    </a>
    <div>
        <h4><a href="birra-moretti.html"><b>Birra Moretti</b></a></h4>
        <p class="description">Birra Moretti Ricetta Originale 66 cl</p>
        <p class="left offer red">1.55 €</p>
<p class="right price"><b>1.49 €</b></p>
        <p class="right unitPrice">2.26 € per litre</p>
    </div>
    <div class="contButton">
    <a class="button bgRed white addToCart" href="#">Add</a>
</div>
</div><div class="left product prod40"
        data-name="Birra Dreher Bottiglia 6x33Cl"
        data-price="4.99"
        data-id="3761"
        data-available="yes"
        data-category="414"
        data-bestselling="">
    <a href="birra-dreher-bottiglia-6x33cl.html">
        <div style="background-image: url('../cdn.spesati.com/images/products/000202071/dreher-birra-lager-originale-6-x-33-cl-01.png')">
            <div class="hover"></div>
            <p class="arrow bgRed white">Offer</p>
            <div class="stickers"></div>
        </div>
    </a>
    <div>
        <h4><a href="birra-dreher-bottiglia-6x33cl.html"><b>Birra Dreher Bottiglia 6x33Cl</b></a></h4>
        <p class="description">Dreher Birra Lager Originale 6 x 33 cl</p>
        <p class="left offer red">5.35 €</p>
<p class="right price"><b>4.99 €</b></p>
        <p class="right unitPrice">2.53 € per litre</p>
    </div>
    <div class="contButton">
    <a class="button bgRed white addToCart" href="#">Add</a>
</div>
</div><div class="left product prod41"
        data-name="Pasta Barilla Lasagne Sott 500"
        data-price="3.19"
        data-id="27627"
        data-available="yes"
        data-category="434"
        data-bestselling="">
    <a href="pasta-barilla-lasagne-sott-500.html">
        <div style="background-image: url('../cdn.spesati.com/images/products/000140008/barilla-emiliane-le-sottili-lasagne-pasta-alluovo-500g-01.png')">
            <div class="hover"></div>
            <p class="arrow bgRed white">Offer</p>
            <div class="stickers"></div>
        </div>
    </a>
    <div>
        <h4><a href="pasta-barilla-lasagne-sott-500.html"><b>Pasta Barilla Lasagne Sott 500</b></a></h4>
        <p class="description">Barilla Emiliane Le sottili Lasagne Pasta all'Uovo 500g</p>
        <p class="left offer red">3.69 €</p>
<p class="right price"><b>3.19 €</b></p>
        <p class="right unitPrice">6.38 € per kg</p>
    </div>
    <div class="contButton">
    <a class="button bgRed white addToCart" href="#">Add</a>
</div>
</div><div class="left product prod42"
        data-name="Pas Rummo Spaghettoni 220 G500"
        data-price="1.09"
        data-id="61866"
        data-available="yes"
        data-category="434"
        data-bestselling="2">
    <a href="pas-rummo-spaghettoni-220-g500.html">
        <div style="background-image: url('../cdn.spesati.com/images/products/000125242/rummo-spaghettoni-grossi-n-220-500-g-01.png')">
            <div class="hover"></div>
            <p class="arrow bgRed white">Offer</p>
            <div class="stickers"></div>
        </div>
    </a>
    <div>
        <h4><a href="pas-rummo-spaghettoni-220-g500.html"><b>Pas Rummo Spaghettoni 220 G500</b></a></h4>
        <p class="description">Rummo Spaghettoni Grossi N° 220 500 g</p>
        <p class="left offer red">1.59 €</p>
<p class="right price"><b>1.09 €</b></p>
        <p class="right unitPrice">2.18 € per kg</p>
    </div>
    <div class="contButton">
    <a class="button bgRed white addToCart" href="#">Add</a>
</div>
</div><div class="left product prod43"
        data-name="Pasta Rummo Gnocchett N63 500g"
        data-price="1.09"
        data-id="61959"
        data-available="yes"
        data-category="434"
        data-bestselling="2">
    <a href="pasta-rummo-gnocchett-n63-500g.html">
        <div style="background-image: url('../cdn.spesati.com/images/products/000119505/-01.png')">
            <div class="hover"></div>
            <p class="arrow bgRed white">Offer</p>
            <div class="stickers"></div>
        </div>
    </a>
    <div>
        <h4><a href="pasta-rummo-gnocchett-n63-500g.html"><b>Pasta Rummo Gnocchett N63 500g</b></a></h4>
        <p class="description">Rummo Gnocchetti Sardi № 63 500 g</p>
        <p class="left offer red">1.59 €</p>
<p class="right price"><b>1.09 €</b></p>
        <p class="right unitPrice">2.18 € per kg</p>
    </div>
    <div class="contButton">
    <a class="button bgRed white addToCart" href="#">Add</a>
</div>
</div><div class="left product prod44"
        data-name="Bisc Mulino B Biscottone 700gr"
        data-price="3.49"
        data-id="26488"
        data-available="yes"
        data-category="2229"
        data-bestselling="4">
    <a href="bisc-mulino-b-biscottone-700gr.html">
        <div style="background-image: url('../cdn.spesati.com/images/products/000116823/mulino-bianco-biscottone-biscotti-con-latte-fresco-100-italiano-700g-01.png')">
            <div class="hover"></div>
            <p class="arrow bgRed white">Offer</p>
            <div class="stickers"></div>
        </div>
    </a>
    <div>
        <h4><a href="bisc-mulino-b-biscottone-700gr.html"><b>Bisc Mulino B Biscottone 700gr</b></a></h4>
        <p class="description">Mulino Bianco Biscottone Biscotti con Latte Fresco 100% italiano 700g</p>
        <p class="left offer red">3.69 €</p>
<p class="right price"><b>3.49 €</b></p>
        <p class="right unitPrice">4.98 € per kg</p>
    </div>
    <div class="contButton">
    <a class="button bgRed white addToCart" href="#">Add</a>
</div>
</div><div class="left product prod45"
        data-name="Barilla Sugo Arrabbiata"
        data-price="1.69"
        data-id="3089"
        data-available="yes"
        data-category="427"
        data-bestselling="1">
    <a href="barilla-sugo-arrabbiata.html">
        <div style="background-image: url('../cdn.spesati.com/images/products/000116206/barilla-sugo-arrabbiata-100-pomodoro-e-peperoncino-italiani-condimento-per-pasta-400g-01.png')">
            <div class="hover"></div>
            <p class="arrow bgRed white">Offer</p>
            <div class="stickers"></div>
        </div>
    </a>
    <div>
        <h4><a href="barilla-sugo-arrabbiata.html"><b>Barilla Sugo Arrabbiata</b></a></h4>
        <p class="description">Barilla Sugo Arrabbiata 100% Pomodoro e Peperoncino italiani Condimento per Pasta 400g</p>
        <p class="left offer red">2.29 €</p>
<p class="right price"><b>1.69 €</b></p>
        <p class="right unitPrice">4.22 € per kg</p>
    </div>
    <div class="contButton">
    <a class="button bgRed white addToCart" href="#">Add</a>
</div>
</div><div class="left product prod46"
        data-name="Barilla Sugo Basilico 0.4 kg"
        data-price="1.69"
        data-id="3091"
        data-available="yes"
        data-category="427"
        data-bestselling="1">
    <a href="barilla-sugo-basilico-04-kg.html">
        <div style="background-image: url('../cdn.spesati.com/images/products/000116200/barilla-sugo-al-pomodoro-e-basilico-100-italiani-condimento-per-pasta-400g-01.png')">
            <div class="hover"></div>
            <p class="arrow bgRed white">Offer</p>
            <div class="stickers"></div>
        </div>
    </a>
    <div>
        <h4><a href="barilla-sugo-basilico-04-kg.html"><b>Barilla Sugo Basilico 0.4 kg</b></a></h4>
        <p class="description">Barilla Sugo al Pomodoro e Basilico 100% italiani Condimento per Pasta 400g</p>
        <p class="left offer red">2.29 €</p>
<p class="right price"><b>1.69 €</b></p>
        <p class="right unitPrice">4.22 € per kg</p>
    </div>
    <div class="contButton">
    <a class="button bgRed white addToCart" href="#">Add</a>
</div>
</div><div class="left product prod47"
        data-name="Riso Scotti Basmati 500Gr"
        data-price="2.49"
        data-id="6689"
        data-available="yes"
        data-category="4682"
        data-bestselling="">
    <a href="riso-scotti-basmati-500gr.html">
        <div style="background-image: url('../cdn.spesati.com/images/products/000116057/riso-scotti-basmati-profumato-500-g-01.png')">
            <div class="hover"></div>
            <p class="arrow bgRed white">Offer</p>
            <div class="stickers"></div>
        </div>
    </a>
    <div>
        <h4><a href="riso-scotti-basmati-500gr.html"><b>Riso Scotti Basmati 500Gr</b></a></h4>
        <p class="description">Riso Scotti Basmati Profumato 500 g</p>
        <p class="left offer red">3.35 €</p>
<p class="right price"><b>2.49 €</b></p>
        <p class="right unitPrice">4.98 € per kg</p>
    </div>
    <div class="contButton">
    <a class="button bgRed white addToCart" href="#">Add</a>
</div>
</div><div class="left product prod48"
        data-name="Barilla Sugo Pomodoro"
        data-price="1.69"
        data-id="3093"
        data-available="yes"
        data-category="427"
        data-bestselling="4">
    <a href="barilla-sugo-pomodoro.html">
        <div style="background-image: url('../cdn.spesati.com/images/products/000115970/barilla-sugo-pomodoro-e-datterini-100-pomodori-italiani-condimento-per-pasta-400g-01.png')">
            <div class="hover"></div>
            <p class="arrow bgRed white">Offer</p>
            <div class="stickers"></div>
        </div>
    </a>
    <div>
        <h4><a href="barilla-sugo-pomodoro.html"><b>Barilla Sugo Pomodoro</b></a></h4>
        <p class="description">Barilla Sugo Pomodoro e Datterini 100% Pomodori italiani  Condimento per Pasta 400g</p>
        <p class="left offer red">2.29 €</p>
<p class="right price"><b>1.69 €</b></p>
        <p class="right unitPrice">4.22 € per kg</p>
    </div>
    <div class="contButton">
    <a class="button bgRed white addToCart" href="#">Add</a>
</div>
</div><div class="left product prod49"
        data-name="Casar Pomodori Pelati Strappo 400 Gr"
        data-price="0.89"
        data-id="3362"
        data-available="yes"
        data-category="427"
        data-bestselling="15">
    <a href="casar-pomodori-pelati-strappo-400-gr.html">
        <div style="background-image: url('../cdn.spesati.com/images/products/000115832/casar-pomodori-pelati-400-g-01.png')">
            <div class="hover"></div>
            <p class="arrow bgRed white">Offer</p>
            <div class="stickers"></div>
        </div>
    </a>
    <div>
        <h4><a href="casar-pomodori-pelati-strappo-400-gr.html"><b>Casar Pomodori Pelati Strappo 400 Gr</b></a></h4>
        <p class="description">Casar Pomodori Pelati 400 g</p>
        <p class="left offer red">1.29 €</p>
<p class="right price"><b>0.89 €</b></p>
        <p class="right unitPrice">2.23 € per kg</p>
    </div>
    <div class="contButton">
    <a class="button bgRed white addToCart" href="#">Add</a>
</div>
</div><div class="left product prod50"
        data-name="Antonella Passata Pomodoro Brik"
        data-price="1.19"
        data-id="3349"
        data-available="yes"
        data-category="427"
        data-bestselling="3">
    <a href="antonella-passata-pomodoro-brik.html">
        <div style="background-image: url('../cdn.spesati.com/images/products/000115808/antonella-passata-di-pomodoro-1000-g-01.png')">
            <div class="hover"></div>
            <p class="arrow bgRed white">Offer</p>
            <div class="stickers"></div>
        </div>
    </a>
    <div>
        <h4><a href="antonella-passata-pomodoro-brik.html"><b>Antonella Passata Pomodoro Brik</b></a></h4>
        <p class="description">Antonella Passata di Pomodoro 1000 g</p>
        <p class="left offer red">1.59 €</p>
<p class="right price"><b>1.19 €</b></p>
        <p class="right unitPrice">1.19 € per kg</p>
    </div>
    <div class="contButton">
    <a class="button bgRed white addToCart" href="#">Add</a>
</div>
</div><div class="left product prod51"
        data-name="Arborea Latte A.D uht 1Lt"
        data-price="1.59"
        data-id="1988"
        data-available="yes"
        data-category="418"
        data-bestselling="13">
    <a href="arborea-latte-ad-uht-1lt.html">
        <div style="background-image: url('../cdn.spesati.com/images/products/000115099/arborea-ad-latte-parzialmente-scremato-ad-alta-digeribilita-senza-lattosio-1000-ml-01.png')">
            <div class="hover"></div>
            <p class="arrow bgRed white">Offer</p>
            <div class="stickers"><img class="left" src="../cdn.spesati.com/images/layout/sardinian.png" /></div>
        </div>
    </a>
    <div>
        <h4><a href="arborea-latte-ad-uht-1lt.html"><b>Arborea Latte A.D uht 1Lt</b></a></h4>
        <p class="description">Arborea Ad Latte Parzialmente Scremato ad Alta Digeribilità Senza Lattosio 1000 ml</p>
        <p class="left offer red">2.09 €</p>
<p class="right price"><b>1.59 €</b></p>
        <p class="right unitPrice">1.59 € per litre</p>
    </div>
    <div class="contButton">
    <a class="button bgRed white addToCart" href="#">Add</a>
</div>
</div><div class="left product prod52"
        data-name="Brodo Pronto Star Manzo M-sale"
        data-price="1.89"
        data-id="26110"
        data-available="yes"
        data-category="422"
        data-bestselling="2">
    <a href="brodo-pronto-star-manzo-m-sale.html">
        <div style="background-image: url('../cdn.spesati.com/images/products/000114672/star-il-mio-brodo-di-manzo-1000-ml-01.png')">
            <div class="hover"></div>
            <p class="arrow bgRed white">Offer</p>
            <div class="stickers"></div>
        </div>
    </a>
    <div>
        <h4><a href="brodo-pronto-star-manzo-m-sale.html"><b>Brodo Pronto Star Manzo M-sale</b></a></h4>
        <p class="description">Star il mio Brodo di Manzo 1000 ml</p>
        <p class="left offer red">2.39 €</p>
<p class="right price"><b>1.89 €</b></p>
        <p class="right unitPrice">1.89 € per litre</p>
    </div>
    <div class="contButton">
    <a class="button bgRed white addToCart" href="#">Add</a>
</div>
</div><div class="left product prod53"
        data-name="Star Brodo Pronto Verdure"
        data-price="1.89"
        data-id="2897"
        data-available="yes"
        data-category="422"
        data-bestselling="3">
    <a href="star-brodo-pronto-verdure.html">
        <div style="background-image: url('../cdn.spesati.com/images/products/000114668/star-il-mio-brodo-di-verdure-1000-ml-01.png')">
            <div class="hover"></div>
            <p class="arrow bgRed white">Offer</p>
            <div class="stickers"></div>
        </div>
    </a>
    <div>
        <h4><a href="star-brodo-pronto-verdure.html"><b>Star Brodo Pronto Verdure</b></a></h4>
        <p class="description">Star il mio Brodo di Verdure 1000 ml</p>
        <p class="left offer red">2.39 €</p>
<p class="right price"><b>1.89 €</b></p>
        <p class="right unitPrice">1.89 € per kg</p>
    </div>
    <div class="contButton">
    <a class="button bgRed white addToCart" href="#">Add</a>
</div>
</div><div class="left product prod54"
        data-name="Pasta Rummo Farfalle 85 500g"
        data-price="1.09"
        data-id="61860"
        data-available="yes"
        data-category="434"
        data-bestselling="5">
    <a href="pasta-rummo-farfalle-85-500g.html">
        <div style="background-image: url('../cdn.spesati.com/images/products/000113989/rummo-farfalle-n-85-500-g-01.png')">
            <div class="hover"></div>
            <p class="arrow bgRed white">Offer</p>
            <div class="stickers"></div>
        </div>
    </a>
    <div>
        <h4><a href="pasta-rummo-farfalle-85-500g.html"><b>Pasta Rummo Farfalle 85 500g</b></a></h4>
        <p class="description">Rummo Farfalle n° 85 500 g</p>
        <p class="left offer red">1.59 €</p>
<p class="right price"><b>1.09 €</b></p>
        <p class="right unitPrice">2.18 € per kg</p>
    </div>
    <div class="contButton">
    <a class="button bgRed white addToCart" href="#">Add</a>
</div>
</div><div class="left product prod55"
        data-name="Pasta Rummo Pen Rigat 66 500g"
        data-price="1.09"
        data-id="61857"
        data-available="yes"
        data-category="434"
        data-bestselling="4">
    <a href="pasta-rummo-pen-rigat-66-500g.html">
        <div style="background-image: url('../cdn.spesati.com/images/products/000113988/rummo-penne-rigate-n-66-500-g-01.png')">
            <div class="hover"></div>
            <p class="arrow bgRed white">Offer</p>
            <div class="stickers"></div>
        </div>
    </a>
    <div>
        <h4><a href="pasta-rummo-pen-rigat-66-500g.html"><b>Pasta Rummo Pen Rigat 66 500g</b></a></h4>
        <p class="description">Rummo Penne rigate n° 66 500 g</p>
        <p class="left offer red">1.59 €</p>
<p class="right price"><b>1.09 €</b></p>
        <p class="right unitPrice">2.18 € per kg</p>
    </div>
    <div class="contButton">
    <a class="button bgRed white addToCart" href="#">Add</a>
</div>
</div><div class="left product prod56"
        data-name="Pasta Rummo Mezz Rigat 51 500g"
        data-price="1.09"
        data-id="61854"
        data-available="yes"
        data-category="434"
        data-bestselling="5">
    <a href="pasta-rummo-mezz-rigat-51-500g.html">
        <div style="background-image: url('../cdn.spesati.com/images/products/000113987/rummo-mezzi-rigatoni-n-51-500-g-01.png')">
            <div class="hover"></div>
            <p class="arrow bgRed white">Offer</p>
            <div class="stickers"></div>
        </div>
    </a>
    <div>
        <h4><a href="pasta-rummo-mezz-rigat-51-500g.html"><b>Pasta Rummo Mezz Rigat 51 500g</b></a></h4>
        <p class="description">Rummo Mezzi rigatoni N° 51 500 g</p>
        <p class="left offer red">1.59 €</p>
<p class="right price"><b>1.09 €</b></p>
        <p class="right unitPrice">2.18 € per kg</p>
    </div>
    <div class="contButton">
    <a class="button bgRed white addToCart" href="#">Add</a>
</div>
</div><div class="left product prod57"
        data-name="Pasta Rummo Rigatoni 50 500g"
        data-price="1.09"
        data-id="61851"
        data-available="yes"
        data-category="434"
        data-bestselling="2">
    <a href="pasta-rummo-rigatoni-50-500g.html">
        <div style="background-image: url('../cdn.spesati.com/images/products/000113986/rummo-rigatoni-n-50-500-g-01.png')">
            <div class="hover"></div>
            <p class="arrow bgRed white">Offer</p>
            <div class="stickers"></div>
        </div>
    </a>
    <div>
        <h4><a href="pasta-rummo-rigatoni-50-500g.html"><b>Pasta Rummo Rigatoni 50 500g</b></a></h4>
        <p class="description">Rummo Rigatoni n° 50 500 g</p>
        <p class="left offer red">1.59 €</p>
<p class="right price"><b>1.09 €</b></p>
        <p class="right unitPrice">2.18 € per kg</p>
    </div>
    <div class="contButton">
    <a class="button bgRed white addToCart" href="#">Add</a>
</div>
</div><div class="left product prod58"
        data-name="Pasta Rummo Elicoidali 49 500g"
        data-price="1.09"
        data-id="61848"
        data-available="yes"
        data-category="434"
        data-bestselling="3">
    <a href="pasta-rummo-elicoidali-49-500g.html">
        <div style="background-image: url('../cdn.spesati.com/images/products/000113985/rummo-elicoidali-n-49-500-g-01.png')">
            <div class="hover"></div>
            <p class="arrow bgRed white">Offer</p>
            <div class="stickers"></div>
        </div>
    </a>
    <div>
        <h4><a href="pasta-rummo-elicoidali-49-500g.html"><b>Pasta Rummo Elicoidali 49 500g</b></a></h4>
        <p class="description">Rummo Elicoidali N° 49 500 g</p>
        <p class="left offer red">1.59 €</p>
<p class="right price"><b>1.09 €</b></p>
        <p class="right unitPrice">2.18 € per kg</p>
    </div>
    <div class="contButton">
    <a class="button bgRed white addToCart" href="#">Add</a>
</div>
</div><div class="left product prod59"
        data-name="Pasta Rummo Fusilli 48 500gr"
        data-price="1.19"
        data-id="61845"
        data-available="yes"
        data-category="434"
        data-bestselling="4">
    <a href="pasta-rummo-fusilli-48-500gr.html">
        <div style="background-image: url('../cdn.spesati.com/images/products/000113984/rummo-fusilli-n-48-500-g-01.png')">
            <div class="hover"></div>
            <p class="arrow bgRed white">Offer</p>
            <div class="stickers"></div>
        </div>
    </a>
    <div>
        <h4><a href="pasta-rummo-fusilli-48-500gr.html"><b>Pasta Rummo Fusilli 48 500gr</b></a></h4>
        <p class="description">Rummo Fusilli n° 48 500 g</p>
        <p class="left offer red">1.59 €</p>
<p class="right price"><b>1.19 €</b></p>
        <p class="right unitPrice">2.38 € per kg</p>
    </div>
    <div class="contButton">
    <a class="button bgRed white addToCart" href="#">Add</a>
</div>
</div><div class="left product prod60"
        data-name="Pasta Rummo Mezze Penne 28 500"
        data-price="1.09"
        data-id="61842"
        data-available="yes"
        data-category="434"
        data-bestselling="4">
    <a href="pasta-rummo-mezze-penne-28-500.html">
        <div style="background-image: url('../cdn.spesati.com/images/products/000113983/rummo-mezze-penne-rigate-n-28-500-g-01.png')">
            <div class="hover"></div>
            <p class="arrow bgRed white">Offer</p>
            <div class="stickers"></div>
        </div>
    </a>
    <div>
        <h4><a href="pasta-rummo-mezze-penne-28-500.html"><b>Pasta Rummo Mezze Penne 28 500</b></a></h4>
        <p class="description">Rummo Mezze penne rigate n° 28 500 g</p>
        <p class="left offer red">1.59 €</p>
<p class="right price"><b>1.09 €</b></p>
        <p class="right unitPrice">2.18 € per kg</p>
    </div>
    <div class="contButton">
    <a class="button bgRed white addToCart" href="#">Add</a>
</div>
</div><div class="left product prod61"
        data-name="Pasta Rummo Spaghetti 5 500gr"
        data-price="1.09"
        data-id="61839"
        data-available="yes"
        data-category="434"
        data-bestselling="10">
    <a href="pasta-rummo-spaghetti-5-500gr.html">
        <div style="background-image: url('../cdn.spesati.com/images/products/000113981/rummo-spaghetti-grossi-n5-500-g-01.png')">
            <div class="hover"></div>
            <p class="arrow bgRed white">Offer</p>
            <div class="stickers"></div>
        </div>
    </a>
    <div>
        <h4><a href="pasta-rummo-spaghetti-5-500gr.html"><b>Pasta Rummo Spaghetti 5 500gr</b></a></h4>
        <p class="description">Rummo Spaghetti Grossi N°5 500 g</p>
        <p class="left offer red">1.59 €</p>
<p class="right price"><b>1.09 €</b></p>
        <p class="right unitPrice">2.18 € per kg</p>
    </div>
    <div class="contButton">
    <a class="button bgRed white addToCart" href="#">Add</a>
</div>
</div><div class="left product prod62"
        data-name="Pavesi Cracker Non Salati"
        data-price="2.09"
        data-id="4150"
        data-available="yes"
        data-category="1445"
        data-bestselling="">
    <a href="pavesi-cracker-non-salati.html">
        <div style="background-image: url('../cdn.spesati.com/images/products/000109412/gran-pavesi-il-cracker-salato-senza-granelli-di-sale-in-superficie-560g-01.png')">
            <div class="hover"></div>
            <p class="arrow bgRed white">Offer</p>
            <div class="stickers"></div>
        </div>
    </a>
    <div>
        <h4><a href="pavesi-cracker-non-salati.html"><b>Pavesi Cracker Non Salati</b></a></h4>
        <p class="description">Gran Pavesi il Cracker Salato Senza Granelli di Sale in Superficie 560g</p>
        <p class="left offer red">2.55 €</p>
<p class="right price"><b>2.09 €</b></p>
        <p class="right unitPrice">3.73 € per kg</p>
    </div>
    <div class="contButton">
    <a class="button bgRed white addToCart" href="#">Add</a>
</div>
</div><div class="left product prod63"
        data-name="Pavesi Cracker Salati"
        data-price="2.09"
        data-id="4149"
        data-available="yes"
        data-category="1445"
        data-bestselling="4">
    <a href="pavesi-cracker-salati.html">
        <div style="background-image: url('../cdn.spesati.com/images/products/000109410/gran-pavesi-il-cracker-salato-con-granelli-di-sale-in-superficie-560g-01.png')">
            <div class="hover"></div>
            <p class="arrow bgRed white">Offer</p>
            <div class="stickers"></div>
        </div>
    </a>
    <div>
        <h4><a href="pavesi-cracker-salati.html"><b>Pavesi Cracker Salati</b></a></h4>
        <p class="description">Gran Pavesi il Cracker Salato con Grano 100% italiano 560g</p>
        <p class="left offer red">2.55 €</p>
<p class="right price"><b>2.09 €</b></p>
        <p class="right unitPrice">3.73 € per kg</p>
    </div>
    <div class="contButton">
    <a class="button bgRed white addToCart" href="#">Add</a>
</div>
</div><div class="left product prod64"
        data-name="Pavesi Ringo Cacao Tubo"
        data-price="1.29"
        data-id="6333"
        data-available="yes"
        data-category="2229"
        data-bestselling="">
    <a href="pavesi-ringo-cacao-tubo.html">
        <div style="background-image: url('../cdn.spesati.com/images/products/000109402/ringo-cacao-biscotti-farciti-con-crema-cacao-snack-merenda-tubo-con-piu-crema-165g-01.png')">
            <div class="hover"></div>
            <p class="arrow bgRed white">Offer</p>
            <div class="stickers"></div>
        </div>
    </a>
    <div>
        <h4><a href="pavesi-ringo-cacao-tubo.html"><b>Pavesi Ringo Cacao Tubo</b></a></h4>
        <p class="description">Ringo Cacao Biscotti Farciti con Crema Cacao Snack Merenda Tubo, con più Crema, 165g</p>
        <p class="left offer red">1.69 €</p>
<p class="right price"><b>1.29 €</b></p>
        <p class="right unitPrice">7.82 € per kg</p>
    </div>
    <div class="contButton">
    <a class="button bgRed white addToCart" href="#">Add</a>
</div>
</div><div class="left product prod65"
        data-name="Pavesi Ringo Vaniglia Tubo"
        data-price="1.29"
        data-id="1420"
        data-available="yes"
        data-category="2229"
        data-bestselling="2">
    <a href="pavesi-ringo-vaniglia-tubo.html">
        <div style="background-image: url('../cdn.spesati.com/images/products/000109395/ringo-vaniglia-biscotti-farciti-con-crema-vaniglia-snack-merenda-tubo-con-piu-crema-165g-01.png')">
            <div class="hover"></div>
            <p class="arrow bgRed white">Offer</p>
            <div class="stickers"></div>
        </div>
    </a>
    <div>
        <h4><a href="pavesi-ringo-vaniglia-tubo.html"><b>Pavesi Ringo Vaniglia Tubo</b></a></h4>
        <p class="description">Ringo Vaniglia Biscotti Farciti con Crema Vaniglia Snack Merenda Tubo, con più Crema, 165g</p>
        <p class="left offer red">1.69 €</p>
<p class="right price"><b>1.29 €</b></p>
        <p class="right unitPrice">7.82 € per kg</p>
    </div>
    <div class="contButton">
    <a class="button bgRed white addToCart" href="#">Add</a>
</div>
</div><div class="left product prod66"
        data-name="Bisc Mulino B Molinetti 700gr"
        data-price="3.49"
        data-id="25424"
        data-available="yes"
        data-category="2229"
        data-bestselling="">
    <a href="bisc-mulino-b-molinetti-700gr.html">
        <div style="background-image: url('../cdn.spesati.com/images/products/000109028/mulino-bianco-molinetti-biscotti-con-farina-integrale-e-grano-saraceno-800g-01.png')">
            <div class="hover"></div>
            <p class="arrow bgRed white">Offer</p>
            <div class="stickers"></div>
        </div>
    </a>
    <div>
        <h4><a href="bisc-mulino-b-molinetti-700gr.html"><b>Bisc Mulino B Molinetti 700gr</b></a></h4>
        <p class="description">Mulino Bianco Molinetti Biscotti con Farina Integrale e Grano Saraceno 800g</p>
        <p class="left offer red">3.69 €</p>
<p class="right price"><b>3.49 €</b></p>
        <p class="right unitPrice">4.98 € per kg</p>
    </div>
    <div class="contButton">
    <a class="button bgRed white addToCart" href="#">Add</a>
</div>
</div><div class="left product prod67"
        data-name="Barilla Biscotti Macine 800 gr"
        data-price="3.49"
        data-id="1336"
        data-available="yes"
        data-category="2229"
        data-bestselling="2">
    <a href="barilla-biscotti-macine-800-gr.html">
        <div style="background-image: url('../cdn.spesati.com/images/products/000109018/mulino-bianco-macine-biscotti-con-panna-fresca-800g-01.png')">
            <div class="hover"></div>
            <p class="arrow bgRed white">Offer</p>
            <div class="stickers"></div>
        </div>
    </a>
    <div>
        <h4><a href="barilla-biscotti-macine-800-gr.html"><b>Barilla Biscotti Macine 800 gr</b></a></h4>
        <p class="description">Mulino Bianco Macine Biscotti con Panna Fresca 800g</p>
        <p class="left offer red">3.69 €</p>
<p class="right price"><b>3.49 €</b></p>
        <p class="right unitPrice">4.37 € per kg</p>
    </div>
    <div class="contButton">
    <a class="button bgRed white addToCart" href="#">Add</a>
</div>
</div><div class="left product prod68"
        data-name="Barilla Biscotti Tarallucci 800 gr"
        data-price="3.49"
        data-id="1342"
        data-available="yes"
        data-category="2229"
        data-bestselling="">
    <a href="barilla-biscotti-tarallucci-800-gr.html">
        <div style="background-image: url('../cdn.spesati.com/images/products/000109017/mulino-bianco-tarallucci-biscotti-con-uova-fresche-100-italiane-800g-01.png')">
            <div class="hover"></div>
            <p class="arrow bgRed white">Offer</p>
            <div class="stickers"></div>
        </div>
    </a>
    <div>
        <h4><a href="barilla-biscotti-tarallucci-800-gr.html"><b>Barilla Biscotti Tarallucci 800 gr</b></a></h4>
        <p class="description">Mulino Bianco Tarallucci Biscotti con Uova Fresche 100% italiane 800g</p>
        <p class="left offer red">3.69 €</p>
<p class="right price"><b>3.49 €</b></p>
        <p class="right unitPrice">4.37 € per kg</p>
    </div>
    <div class="contButton">
    <a class="button bgRed white addToCart" href="#">Add</a>
</div>
</div><div class="left product prod69"
        data-name="Bisc Mulino B Rigoli 800gr"
        data-price="3.49"
        data-id="25423"
        data-available="yes"
        data-category="2229"
        data-bestselling="">
    <a href="bisc-mulino-b-rigoli-800gr.html">
        <div style="background-image: url('../cdn.spesati.com/images/products/000109010/mulino-bianco-rigoli-biscotti-con-miele-millefiori-italiano-800g-01.png')">
            <div class="hover"></div>
            <p class="arrow bgRed white">Offer</p>
            <div class="stickers"></div>
        </div>
    </a>
    <div>
        <h4><a href="bisc-mulino-b-rigoli-800gr.html"><b>Bisc Mulino B Rigoli 800gr</b></a></h4>
        <p class="description">Mulino Bianco Rigoli Biscotti con Miele Millefiori Italiano 800g</p>
        <p class="left offer red">3.69 €</p>
<p class="right price"><b>3.49 €</b></p>
        <p class="right unitPrice">4.37 € per kg</p>
    </div>
    <div class="contButton">
    <a class="button bgRed white addToCart" href="#">Add</a>
</div>
</div><div class="left product prod70"
        data-name="Barilla Biscotti Galletti 800 gr"
        data-price="3.49"
        data-id="1334"
        data-available="yes"
        data-category="2229"
        data-bestselling="">
    <a href="barilla-biscotti-galletti-800-gr.html">
        <div style="background-image: url('../cdn.spesati.com/images/products/000109009/mulino-bianco-galletti-biscotti-con-latte-fresco-100-italiano-800g-01.png')">
            <div class="hover"></div>
            <p class="arrow bgRed white">Offer</p>
            <div class="stickers"></div>
        </div>
    </a>
    <div>
        <h4><a href="barilla-biscotti-galletti-800-gr.html"><b>Barilla Biscotti Galletti 800 gr</b></a></h4>
        <p class="description">Mulino Bianco Galletti Biscotti con Latte Fresco 100% Italiano 800g</p>
        <p class="left offer red">3.69 €</p>
<p class="right price"><b>3.49 €</b></p>
        <p class="right unitPrice">4.37 € per kg</p>
    </div>
    <div class="contButton">
    <a class="button bgRed white addToCart" href="#">Add</a>
</div>
</div><div class="left product prod71"
        data-name="Barilla Biscotti Campagnole 700Gr"
        data-price="3.49"
        data-id="6213"
        data-available="yes"
        data-category="2229"
        data-bestselling="1">
    <a href="barilla-biscotti-campagnole-700gr.html">
        <div style="background-image: url('../cdn.spesati.com/images/products/000109002/mulino-bianco-campagnole-biscotti-con-farina-di-riso-700g-01.png')">
            <div class="hover"></div>
            <p class="arrow bgRed white">Offer</p>
            <div class="stickers"></div>
        </div>
    </a>
    <div>
        <h4><a href="barilla-biscotti-campagnole-700gr.html"><b>Barilla Biscotti Campagnole 700Gr</b></a></h4>
        <p class="description">Mulino Bianco Campagnole Biscotti con Farina di Riso 700g</p>
        <p class="left offer red">3.69 €</p>
<p class="right price"><b>3.49 €</b></p>
        <p class="right unitPrice">4.98 € per kg</p>
    </div>
    <div class="contButton">
    <a class="button bgRed white addToCart" href="#">Add</a>
</div>
</div><div class="left product prod72"
        data-name="Lavazza Caffé Qualità Rossa 2x250gr"
        data-price="5.69"
        data-id="2845"
        data-available="yes"
        data-category="1868"
        data-bestselling="3">
    <a href="lavazza-caffe-qualita-rossa-2x250gr.html">
        <div style="background-image: url('../cdn.spesati.com/images/products/000104155/lavazza-qualita-rossa-caffe-macinato-2-x-250-g-01.png')">
            <div class="hover"></div>
            <p class="arrow bgRed white">Offer</p>
            <div class="stickers"></div>
        </div>
    </a>
    <div>
        <h4><a href="lavazza-caffe-qualita-rossa-2x250gr.html"><b>Lavazza Caffé Qualità Rossa 2x250gr</b></a></h4>
        <p class="description">Lavazza Qualità Rossa Caffè Macinato 2 x 250 g</p>
        <p class="left offer red">7.79 €</p>
<p class="right price"><b>5.69 €</b></p>
        <p class="right unitPrice">11.38 € per kg</p>
    </div>
    <div class="contButton">
    <a class="button bgRed white addToCart" href="#">Add</a>
</div>
</div><div class="left product prod73"
        data-name="Panna Vegetal Uht Hulala 500ml"
        data-price="1.59"
        data-id="26651"
        data-available="no"
        data-category="6821"
        data-bestselling="">
    <a href="panna-vegetal-uht-hulala-500ml.html">
        <div style="background-image: url('../cdn.spesati.com/images/products/000117524/hulala-da-montare-500-ml-01.png')">
            <div class="hover"></div>
            <p class="arrow bgRed white">Offer</p>
            <div class="stickers"></div>
        </div>
    </a>
    <div>
        <h4><a href="panna-vegetal-uht-hulala-500ml.html"><b>Panna Vegetal Uht Hulala 500ml</b></a></h4>
        <p class="description">HuLaLá da Montare 500 ml</p>
        <p class="left offer red">2.44 €</p>
<p class="right price"><b>1.59 €</b></p>
        <p class="right unitPrice">3.18 € per litre</p>
    </div>
    <div class="notAvailable">
    <a class="button bgDarkGrey white" href="panna-vegetal-uht-hulala-500ml.html">Not available</a>
</div>
</div>        </div>
    </div>
</section>
<div class="footer">
    <div class="bgDarkGrey"></div>
    <footer>
        <div class="left bgDarkGrey">
            <a id="logoFooter" href="index.html" class="estDynamic">
                <img src="../cdn.spesati.com/images/layout/logo-eng.png" alt="Spesati.com" />
                <h2 class="red">Grocery Delivery</h2>
            </a>
            <a class="button bgRed white mobile" href="tel:390707968318">Phone order</a>
            <a class="button bgRed white desktop" href="news/2020-04-07/news-on-spesati-the-telephone-order-service-is-active.html">Phone order</a>
            <a class="button bgRed white" href="cdn-cgi/l/email-protection.html#5e373038311e2d2e3b2d3f2a37703d3133">Send mail</a>
            <div id="social">
                <a class="left" href="https://www.facebook.com/spesati/" rel="external" target="_blank">
                    <span class="facebook bgRed fa-stack fa-lg">
                        <i class="fa fa-facebook fa-stack-1x "></i>
                    </span>
                </a>
                <a class="right" href="https://twitter.com/spesati" rel="external" target="_blank">
                    <span class="twitter bgRed fa-stack fa-lg">
                        <i class="fa fa-twitter fa-stack-1x "></i>
                    </span>
                </a>
            </div>
            <p>Copyright 2024 Spesati.com </p>
            
                    <p>All rights reserved</p>
                    <p>SPESATI SRL</p>
                    <p>Corso Vittorio Veneto 15/I, 07026, Olbia</p>
                    <p>CF e P.Iva: 02772380909</p>
                        </div>
        <div class="center bgRed">
            <div class="top">
                <h3>Categories</h3>
                <div class="col">
                    <ul>
                        <li>
                            <a href="#" class="estDynamic">On sale</a>
                        </li>
                        <li>
                            <a href="fruit-and-vegetables.html" class="estDynamic">Fruit and vegetables</a>
                        </li>
                        <li>
                            <a href="fresh-products.html" class="estDynamic">Fresh products</a>
                        </li>
                        <li>
                            <a href="frozen-foods.html" class="estDynamic">Frozen foods</a>
                        </li>
                        <li>
                            <a href="bread-and-pasta.html" class="estDynamic">Bread and pasta</a>
                        </li>
                        <li>
                            <a href="meat.html" class="estDynamic">Meat</a>
                        </li>
                        <li>
                            <a href="fish.html" class="estDynamic">Fish</a>
                        </li>
                    </ul>
                </div>
                <div class="col">
                    <ul>
                        <li>
                            <a href="wine-beer-and-spirits.html" class="estDynamic">Wine beer and spirits</a>
                        </li>
                        <li>
                            <a href="water-and-drinks.html" class="estDynamic">Water and drinks</a>
                        </li>
                        <li>
                            <a href="sweets.html" class="estDynamic">Sweets</a>
                        </li>
                        <li>
                            <a href="shelf.html" class="estDynamic">Cupboard</a>
                        </li>
                        <li>
                            <a href="personal-care.html" class="estDynamic">Personal care</a>
                        </li>
                        <li>
                            <a href="household-and-outdoors.html" class="estDynamic">Home and outdoors</a>
                        </li>
                        <li>
                            <a href="pet.html" class="estDynamic">Pets</a>
                        </li>
                    </ul>
                </div>
                <div class="col">
                    <ul>
                        <li>
                            <a href="technology.html" class="estDynamic">Technology</a>
                        </li>
                        <li>
                            <a href="gluten-free.html" class="estDynamic">Gluten free</a>
                        </li>
                        <li>
                            <a href="lactose-free.html" class="estDynamic">Lactose free</a>
                        </li>
                        <li>
                            <a href="special.html" class="estDynamic">Special</a>
                        </li>
                        <li>
                            <a href="sardinian-products.html" class="estDynamic">Sardinian products</a>
                        </li>
                    </ul>
                </div>
            </div>
            <div class="bottom bgRed">
                <div class="left">
                    <h3>Delivery payment</h3>
                    <div>
                        <i class="fa fa-money fa-3x" aria-hidden="true"></i>
                        <p>Cash</p>
                    </div>
                    <div>
                        <i class="fa fa-credit-card fa-3x" aria-hidden="true"></i>
                        <p>Bancomat or card</p>
                    </div>
                </div>
                <div class="right">
                    <h3>Online payment</h3>
                    <div>
                        <i class="fa fa-credit-card fa-3x" aria-hidden="true"></i>
                        <p>Credit or debit card <span class="red">online</span></p>
                    </div>
                    <div>
                        <i class="fa fa-paypal fa-3x" aria-hidden="true"></i>
                        <p>PayPal</p>
                    </div>
                    <div>
                        <i class="fa fa-university fa-3x" aria-hidden="true"></i>
                        <p>Bank transfer</p>
                    </div>
                </div>
            </div>
        </div>
        <div class="right bgRed">
            <div>
                <i class="fa fa-truck fa-flip-horizontal"></i>
                <a class="button bgYellow white" href="delivery-prices.html">Delivery prices</a>
                
                    <h3>Home delivery:</h3>
                    <p><b>Monday to Saturday</b></p>
                    <p><b>9:00 to 20:00</b></p>
                    <p><b>Minimum order:</b> 29€</p>
                    <p><b>Delivery starting from:</b> 3,50€</p>
                            </div>
            <ul>
                <li>
                    <a href="delivery-prices.html">Delivery prices</a>
                </li>
                <li>
                    <a href="about.html">About</a>
                </li>
                <li>
                    <a href="faq.html">Faq</a>
                </li>
                <li>
                    <a href="customer-care.html">Support</a>
                </li>
                <li>
                    <a href="news.html">Blog</a>
                </li>
                <li>
                    <a href="terms-and-conditions.html">Conditions</a>
                </li>
                <li>
                    <a href="privacy-policy.html">Privacy policy</a>
                </li>
                <li>
                    <a href="legal-warranty.html">Legal guarantee</a>
                </li>
            </ul>
        </div>
    </footer>
    <div class="bgRed"></div>
</div>
<!--Start of Tawk.to Script-->
<script data-cfasync="false" src="cdn-cgi/scripts/5c5dd728/cloudflare-static/email-decode.min.js"></script><script type="text/javascript">
var Tawk_API=Tawk_API||{}, Tawk_LoadStart=new Date();
(function(){
var s1=document.createElement("script"),s0=document.getElementsByTagName("script")[0];
s1.async=true;
s1.src='https://embed.tawk.to/59e86945c28eca75e4626ed9/default';
s1.charset='UTF-8';
s1.setAttribute('crossorigin','*');
s0.parentNode.insertBefore(s1,s0);
})();
</script>
<!--End of Tawk.to Script-->

<!-- Here are parked a few translatable strings, useful for Javascript rendering -->
<div id="js-texts" hidden>
    <input type="hidden" name="save_cart_notice" value="Saving your cart it will be possible to reload it next time you come for shopping">
    <input type="hidden" name="save_cart_notice_title" value="Want to save your cart?">
    <input type="hidden" name="save_cart_ok" value="Save">
    <input type="hidden" name="save_cart_ko" value="Don't Save">
    <input type="hidden" name="reload_cart" value="The Reload Order function allows you to top up your last cart to make a New Order. Warning: do not use this function to add products to the last order. At this time it is not possible to modify an order placed previously.">
</div>

<!-- new site and login popup -->
</body>
<!-- Mirrored from www.spesati.com/on-offer by HTTrack Website Copier/3.x [XR&CO'2014], Fri, 23 Feb 2024 17:20:05 GMT -->
</html>