<!DOCTYPE html><html lang="en">
<!-- Mirrored from www.spesati.com/frozen-foods/fish by HTTrack Website Copier/3.x [XR&CO'2014], Fri, 23 Feb 2024 17:45:29 GMT -->
<!-- Added by HTTrack --><meta http-equiv="content-type" content="text/html;charset=utf-8" /><!-- /Added by HTTrack -->
<head>
    <title>Fish - Frozen foods - Spesati.com</title>
    <meta http-equiv="Content-Type" content="text/html; charset=UTF-8" />
    <meta name="description" content="" />
    <meta name="keywords" content="" />
    <link href="../images/favicon.ico" rel="shortcut icon" type="image/x-icon" />
    <meta name="author" content="www.dodify.com" /><link rel="canonical" href="fish.html" /><link rel="alternate" hreflang="en" href="fish.html" /><link rel="alternate" hreflang="it" href="https://www.spesati.it/banco-surgelati/pesce" /><link href="../../cdnjs.cloudflare.com/ajax/libs/meyer-reset/2.0/reset.min.css" rel="stylesheet" type="text/css" /><link href="../../cdnjs.cloudflare.com/ajax/libs/font-awesome/6.5.1/css/all.min.css" rel="stylesheet" type="text/css" /><link href="https://fonts.googleapis.com/css?family=Montserrat:400,700" rel="stylesheet" type="text/css" /><link href="../../cdnjs.cloudflare.com/ajax/libs/fancybox/2.1.5/jquery.fancybox.min.css" rel="stylesheet" type="text/css" /><link href="../style/mainbea6.css?v=7" rel="stylesheet" type="text/css" /><link href="../style/lightslider.css" rel="stylesheet" type="text/css" /><link href="../style/categories.css" rel="stylesheet" type="text/css" /><script src="../../cdnjs.cloudflare.com/ajax/libs/jquery/3.6.1/jquery.min.js" type="text/javascript"></script><script src="../../ajax.googleapis.com/ajax/libs/jquery/1.11.0/jquery.min.js" type="text/javascript"></script><script src="http://unpkg.com/@floating-ui/core@0.4.0" type="text/javascript"></script><script src="http://unpkg.com/@floating-ui/dom@0.2.0" type="text/javascript"></script><script src="../../cdnjs.cloudflare.com/ajax/libs/fancybox/2.1.5/jquery.fancybox.min.js" type="text/javascript"></script><script src="../js/menu.js" type="text/javascript"></script><script src="../js/interfaceb6f5.js?v=10" type="text/javascript"></script><script src="../js/spesati.lightslider.min.js" type="text/javascript"></script><meta name="viewport" content="width=device-width, initial-scale=1, maximum-scale=1" /><meta name = "format-detection" content = "telephone=no">
<!-- Facebook Pixel Code -->
<script>
  !function(f,b,e,v,n,t,s)
  {if(f.fbq)return;n=f.fbq=function(){n.callMethod?
  n.callMethod.apply(n,arguments):n.queue.push(arguments)};
  if(!f._fbq)f._fbq=n;n.push=n;n.loaded=!0;n.version='2.0';
  n.queue=[];t=b.createElement(e);t.async=!0;
  t.src=v;s=b.getElementsByTagName(e)[0];
  s.parentNode.insertBefore(t,s)}(window, document,'script',
  '../../connect.facebook.net/en_US/fbevents.js');
  fbq('init', '792335014180667');
  fbq('track', 'PageView');
</script>
<noscript>
    <img height="1" width="1" style="display:none" src="https://www.facebook.com/tr?id=792335014180667&amp;ev=PageView&amp;noscript=1" />
</noscript>
<!-- End Facebook Pixel Code -->

<!-- GA4 -->
<script async src="https://www.googletagmanager.com/gtag/js?id=G-SSS6NRNXL0"></script>
<script>
  window.dataLayer = window.dataLayer || [];
  function gtag(){dataLayer.push(arguments);}
  gtag('js', new Date());
  gtag('config', 'AW-976671669');
  gtag('config', 'G-SSS6NRNXL0');
</script>
<!-- Elements for PWA deploy -->
<link rel="manifest" href="../manifest.json">
<meta name="theme-color" media="(prefers-color-scheme: light)" content="white">
<meta name="theme-color" media="(prefers-color-scheme: dark)"  content="black">
<link href=../images/icon-192.png rel=apple-touch-icon sizes="192x192">
<!-- Establishment logic -->
<script>var pageEstablishment = "Olbia"; var estDefaultPages = true</script>
    <!--[if lt IE 9]>
        <script src="https://cdnjs.cloudflare.com/ajax/libs/html5shiv/3.7.3/html5shiv.min.js" type="text/javascript"></script>
    <![endif]--><script type="text/javascript">
$(document).ready(function() {
    // Check if exists cookie
    if(document.cookie.indexOf("cookieAccepted") < 0) {
        var cookieText = '<div id=\"cookie\"><p>This site uses cookies. Cookies are used for ads personalisation. <a href=\"/privacy-policy\">More info</a></p><button id=\"cookieConsent\" type=\"button\">Accept</button></div>';
        $("body").append($(
            cookieText
        ));
        $('#cookie').css({
            'width'           : '100%',
            'text-align'      : 'center',
            'color'           : '#FFFFFF',
            'background-color': '#000000', 
            'opacity'         : '.8', 
            'position'        : 'fixed', 
            'bottom'          : '0',
            'padding'         : '.5em 0',
            'z-index'         : '999'
        });
        $('#cookie > *').css({
            'display': 'inline'
        });
        $('#cookie a').css({
            'color'          : '#FFFFFF',
            'text-decoration': 'underline',
            'margin-right'   : '2%'
        });
        $('#cookieConsent').click(function() {
            // Set cookie
            var expiry = new Date();
            expiry.setTime(expiry.getTime() + (365 * 24 * 60 * 60 * 1000));
            document.cookie = "cookieAccepted=yes; expires=" + expiry.toGMTString() + "; path=/; domain=.spesati.com";
            $('#cookie').css({'display': 'none'});
        });
    }
});
</script></head><body><script type="text/javascript">
    var addText = "Add";
    var slider  = null;
    $(document).ready(function() {
        slider = $('#cartSlider').lightSlider({
            controls: false,
            item:13,
            loop:false,
            slideMove:1,
            easing: 'cubic-bezier(0.25, 0, 0.25, 1)',
            speed:600,
            responsive : [
                {
                    breakpoint:1400,
                    settings: {
                        item:12,
                        slideMove:1,
                    }
                },
                {
                    breakpoint:1200,
                    settings: {
                        item:11,
                        slideMove:1,
                    }
                },
                {
                    breakpoint:1080,
                    settings: {
                        item:14,
                        slideMove:1,
                    }
                },
                {
                    breakpoint:800,
                    settings: {
                        item:12,
                        slideMove:1,
                    }
                }
            ]
        });
        $('.lSPager').css("display","none");
        $('.lSAction').css("display","block");
        $('#goToPrevSlide').on('click', function () {
            slider.goToPrevSlide();
        });
        $('#goToNextSlide').on('click', function () {
            slider.goToNextSlide();
        });
    });

</script>
<div id="header" class="bgYellow">
    <header>
        <a class="menu" href="#"><i class="fa red fa-bars fa-2x"></i></a>
        <a id="logo" class="colLeft estDynamic" href="../index.html">
            <img src="../../cdn.spesati.com/images/layout/logo-eng.png" alt="Spesati.com" />
            <h2 class="red">Grocery Delivery</h2>
        </a>
        <div class="colRight">
            <div id="controls" class="right">
                <p id="establishmentControls">
                    <span class="establishmentWarning"><i class="fa-solid fa-triangle-exclamation red" title="Stai visualizzando i prodotti disponibili in una zona diversa. Se vuoi cambiare zona, cliccan qui"></i>&nbsp;&nbsp;</span>
                    Shopping from <b><a id="establishment" href="#"></a></b> <span id="estAddress">for </span> <a href="../change-establishment.html">(<i class="fa-solid fa-pencil"></i> Change)</a> <span class="establishmentWarning">but viewing <b>Olbia</b></span>
                </p>
                <p><a href="https://www.spesati.it/banco-surgelati/pesce" class="black switch-site">Versione italiana</a></p>                
            </div>
            <div>
                <form id="search" action="https://www.spesati.com/search" method="post" class="left">
                    <fieldset>
                        <div>
                            <input type="text" name="searchBox" id="searchBox" placeholder="Search for a product"></input>
                            <input id="searchButton" type="submit" name="searchButton" class="button bgRed white left" value="Find" />
                        </div>
                    </fieldset>
                </form>
                <div class="center left">
                    <a class="button bgRed white log-in" href="../login.html">Login</a>
                    <a class="button bgRed white sign-up" href="../sign-up.html">Sign up</a>
                    <a class="button bgRed white profile" href="../profile.html">Profile</a>
                    <a class="button bgRed white log-out" href="../index.html" data-endpoint-check-cart="https://api.spesati.com/cart/check">Logout</a>
                </div>
                <div class="right user-function-icons">
                    <a class="red left account"><i class="fa fa-user fa-3x"></i></a>
                    <div id="dropdown">
                        <a class="log-in button bgRed white" href="../login.html">Login</a>
                        <a class="sign-up button bgRed white" href="../sign-up.html">Sign up</a>
                        <a class="profile button bgRed white" href="../profile.html">Profile</a>
                        <a class="log-out button bgRed white" href="../index.html">Logout</a>
                    </div>

                    <div class="cart left">
                        <i class="fa fa-sm fa-shopping-cart red" aria-hidden="true" id="shipping-cart-button"></i>
                        <p id="cartQuantity"></p>
                    </div>

                    <a class="right" href="../cart.html"><p class="black" id="cartTotal"></p></a>
                </div>
            </div>
                            <div id="previewCart">
                    <i id="goToPrevSlide" class="yellow fa fa-angle-left fa-2x" aria-hidden="true"></i>
                    <div><ul id="cartSlider"></ul></div>
                    <i id="goToNextSlide" class="yellow fa fa-angle-right fa-2x" aria-hidden="true"></i>
                </div>
                    </div>
    </header>

    <div id="shipping-cart-options" data-inited="false">
        <a href="../cart.html" class="goto-cart">checkout</a>
        <a href="#" data-endpoint-auth="https://api.spesati.com/cart/save" data-endpoint-noauth="/login" class="save-cart">save</a>
        <a href="#" data-endpoint-auth="https://api.spesati.com/cart/load" class="load-cart">load</a>
    </div>
</div>
<div id="menuCategoriesMobile" class="mobile bgRed">
    <div class="closeMenu">
        <i class="fa fa-times fa-2x white"></i>
        Close
    </div>
    <ul class="bgRed white">
        <div id="langMobile" class="right">
        <a href="https://www.spesati.it/banco-surgelati/pesce" class="white switch-site"><p>Versione italiana</p></a>    </div>
        <li><a>Categories</a>
            <ul class="bgWhite">
                <li>
                    <img src="../../cdn.spesati.com/images/menu/on-sale.png"/>
                    On sale                    <i class="fa fa-angle-down" aria-hidden="true"></i>
                    <ul class="sub-menu">
                    <li>
    <a href="../tacchino-fesa-a-fette.html">Tacchino Fesa A Fette</a>
</li><li>
    <a href="../amaro-montenegro-15lt.html">Amaro Montenegro 1,5lt</a>
</li><li>
    <a href="../carbone-di-legna-sacco-10kg.html">Carbone Di Legna Sacco 10Kg</a>
</li><li>
    <a href="../filu-e-ferru-silvio-carta-70cl.html">Filu E Ferru Silvio Carta 70Cl</a>
</li><li>
    <a href="../braciole-suino-con-cotenna.html">Braciole Suino Con Cotenna</a>
</li><li>
    <a href="../bovino-adulto-polpa.html">Bovino Adulto Polpa</a>
</li><li>
    <a href="../vino-la-palma-cannonau-le-bombarde.html">Vino La Palma Cannonau Le Bombarde</a>
</li><li>
    <a href="../fettine-sceltissime-bovino-adulto.html">Fettine Sceltissime Bovino Adulto</a>
</li><li>
    <a href="../suino-fettine-scelte.html">Suino Fettine Scelte</a>
</li><li>
    <a href="../lavazza-caffe-qualita-rossa-2x250gr.html">Lavazza Caffé Qualità Rossa 2x250gr</a>
</li>                        <li>
                            <a class="estDynamic" href="../on-offer.html">All products on sale</a>
                        </li>
                    </ul>
                </li>
                <li>
                    <img src="../../cdn.spesati.com/images/menu/gift.png"/>
                    Gifts                    <i class="fa fa-angle-down" aria-hidden="true"></i>
                    <ul class="sub-menu">
                        <li>
    <a href="../gift-card-da-150.html">Gift Card Da 150</a>
</li><li>
    <a href="../gift-card-da-100.html">Gift Card Da 100</a>
</li><li>
    <a href="../gift-card-da-50.html">Gift Card Da 50</a>
</li><li>
    <a href="../gift-card-da-25.html">Gift Card Da 25</a>
</li>                        <li>
                            <a class="estDynamic" href="../gift.html">All products in the gifts category</a>
                        </li>
                    </ul>
                </li>
                <li>
                    <img src="../../cdn.spesati.com/images/menu/gift-card.png"/>
                    Gift card and discounts                    <i class="fa fa-angle-down" aria-hidden="true"></i>
                    <ul class="sub-menu">
                        <li>
    <a href="../gift-card-da-150.html">Gift Card Da 150</a>
</li><li>
    <a href="../gift-card-da-100.html">Gift Card Da 100</a>
</li><li>
    <a href="../gift-card-da-50.html">Gift Card Da 50</a>
</li><li>
    <a href="../gift-card-da-25.html">Gift Card Da 25</a>
</li>                    </ul>
                </li>
                <li>
                    <img src="../../cdn.spesati.com/images/menu/fuit-and-vegetables.png"/>
                    Fruit and vegetables                    <i class="fa fa-angle-down" aria-hidden="true"></i>
                    <ul class="sub-menu">
                        <li>
                            <a class="estDynamic" href="../fruit-and-vegetables/pulses-and-beans.html">Cereals and pulses and beans</a>
                        </li>
                        <li>
                            <a class="estDynamic" href="../fruit-and-vegetables/fruit.html">Fruit</a>
                        </li>
                        <li>
                            <a class="estDynamic" href="../fruit-and-vegetables/canned-fruit.html">Canned fruit</a>
                        </li>
                        <li>
                            <a class="estDynamic" href="../fruit-and-vegetables/dried-fruit.html">Dried fruit</a>
                        </li>
                        <li>
                            <a class="estDynamic" href="../fruit-and-vegetables/ready-salads.html">Ready salads</a>
                        </li>
                        <li>
                            <a class="estDynamic" href="../fruit-and-vegetables/fresh-spices.html">Fresh spices</a>
                        </li>
                        <li>
                            <a class="estDynamic" href="../fruit-and-vegetables/vegetables.html">Vegetables and soy</a>
                        </li>
                    </ul>
                </li>
                <li>
                    <img src="../../cdn.spesati.com/images/menu/fresh-products.png"/>
                    Fresh products                    <i class="fa fa-angle-down" aria-hidden="true"></i>
                    <ul class="sub-menu">
                        <li>
                            <a class="estDynamic" href="../fresh-products/margarine-and-butter.html">Butter and margarine</a>
                        </li>
                        <li>
                            <a class="estDynamic" href="../fresh-products/danone.html">Danone</a>
                        </li>
                        <li>
                            <a class="estDynamic" href="../fresh-products/dessert.html">Dessert</a>
                        </li>
                        <li>
                            <a class="estDynamic" href="../fresh-products/sweets.html">Sweets</a>
                        </li>
                        <li>
                            <a class="estDynamic" href="../fresh-products/dairy-products.html">Dairy product</a>
                        </li>
                        <li>
                            <a class="estDynamic" href="../fresh-products/bakery.html">Yeast</a>
                        </li>
                        <li>
                            <a class="estDynamic" href="../fresh-products/mascarpone.html">Mascarpone</a>
                        </li>
                        <li>
                            <a class="estDynamic" href="../fresh-products/snacks.html">Snacks</a>
                        </li>
                        <li>
                            <a class="estDynamic" href="../fresh-products/mozzarella.html">Mozzarella</a>
                        </li>
                        <li>
                            <a class="estDynamic" href="../fresh-products/pasta.html">Pasta</a>
                        </li>
                        <li>
                            <a class="estDynamic" href="../fresh-products/pesto-and-sauces.html">Pesto and sauces</a>
                        </li>
                        <li>
                            <a class="estDynamic" href="../fresh-products/ricotta-and-cheese.html">Ricotta and cheese</a>
                        </li>
                        <li>
                            <a class="estDynamic" href="../fresh-products/cured-meat.html">Cured meat</a>
                        </li>
                        <li>
                            <a class="estDynamic" href="../fresh-products/wurstel.html">Würstel</a>
                        </li>
                        <li>
                            <a class="estDynamic" href="../fresh-products/yogurt.html">Yogurt</a>
                        </li>
                    </ul>
                </li>
                <li>
                    <img src="../../cdn.spesati.com/images/menu/frozen-foods.png"/>
                    Frozen foods                    <i class="fa fa-angle-down" aria-hidden="true"></i>
                    <ul class="sub-menu">
                        <li>
                            <a class="estDynamic" href="meat.html">Meat</a>
                        </li>
                        <li>
                            <a class="estDynamic" href="ice-creams.html">Ice cream and sweet</a>
                        </li>
                        <li>
                            <a class="estDynamic" href="pasta.html">Pasta</a>
                        </li>
                        <li>
                            <a class="estDynamic" href="fish.html">Fish</a>
                        </li>
                        <li>
                            <a class="estDynamic" href="ready-meals.html">Ready meals</a>
                        </li>
                        <li>
                            <a class="estDynamic" href="pizzas.html">Pizzas</a>
                        </li>
                        <li>
                            <a class="estDynamic" href="vegetables.html">Vegetables and soy</a>
                        </li>
                    </ul>
                </li>
                <li>
                    <img src="../../cdn.spesati.com/images/menu/bread-and-pasta.png"/>
                    Bread and pasta                    <i class="fa fa-angle-down" aria-hidden="true"></i>
                    <ul class="sub-menu">
                        <li>
                            <a class="estDynamic" href="../bread-and-pasta/crackers.html">Crackers</a>
                        </li>
                        <li>
                            <a class="estDynamic" href="../bread-and-pasta/rusks.html">Rusks</a>
                        </li>
                        <li>
                            <a class="estDynamic" href="../bread-and-pasta/white-bread.html">White bread</a>
                        </li>
                        <li>
                            <a class="estDynamic" href="../bread-and-pasta/local-bread.html">Local bread</a>
                        </li>
                        <li>
                            <a class="estDynamic" href="../bread-and-pasta/soft-bread.html">Soft bread</a>
                        </li>
                        <li>
                            <a class="estDynamic" href="../bread-and-pasta/sardinian-bread.html">Sardinian bread</a>
                        </li>
                        <li>
                            <a class="estDynamic" href="../bread-and-pasta/bakery.html">Bakery</a>
                        </li>
                        <li>
                            <a class="estDynamic" href="../bread-and-pasta/pasta.html">Pasta</a>
                        </li>
                        <li>
                            <a class="estDynamic" href="../bread-and-pasta/fresh-pasta.html">Fresh pasta</a>
                        </li>
                    </ul>
                </li>
                <li>
                    <img src="../../cdn.spesati.com/images/menu/meat.png"/>
                    Meat                    <i class="fa fa-angle-down" aria-hidden="true"></i>
                    <ul class="sub-menu">
                        <li>
                            <a class="estDynamic" href="../meat/beef.html">Beef</a>
                        </li>
                        <li>
                            <a class="estDynamic" href="../meat/goat.html">Goat</a>
                        </li>
                        <li>
                            <a class="estDynamic" href="../meat/packaged-meat.html">Packaged meat</a>
                        </li>
                        <li>
                            <a class="estDynamic" href="../meat/rabbit.html">Rabbit</a>
                        </li>
                        <li>
                            <a class="estDynamic" href="../meat/horse.html">Horse</a>
                        </li>
                        <li>
                            <a class="estDynamic" href="../meat/pork.html">Pork</a>
                        </li>
                        <li>
                            <a class="estDynamic" href="../meat/lamb.html">Lamb</a>
                        </li>
                        <li>
                            <a class="estDynamic" href="../meat/poultry.html">Poultry</a>
                        </li>
                    </ul>
                </li>
                <li>
                    <img src="../../cdn.spesati.com/images/menu/fish.png"/>
                    Fish                    <i class="fa fa-angle-down" aria-hidden="true"></i>
                    <ul class="sub-menu">
                        <li>
                            <a class="estDynamic" href="../fish/fresh-water.html">Fresh water</a>
                        </li>
                        <li>
                            <a class="estDynamic" href="../fish/salt-water.html">Salt water</a>
                        </li>
                        <li>
                            <a class="estDynamic" href="../fish/mussels.html">Mussels</a>
                        </li>
                        <li>
                            <a class="estDynamic" href="../fish/dried-and-salted.html">Dried and salted</a>
                        </li>
                        <li>
                            <a class="estDynamic" href="../fish/seafood-salad.html">Seafood salad</a>
                        </li>
                        <li>
                            <a class="estDynamic" href="../fish/prepared.html">Prepared</a>
                        </li>
                        <li>
                            <a class="estDynamic" href="../fish/specialty.html">Specialty</a>
                        </li>   
                        <li>
                            <a class="estDynamic" href="../fish/tuna-and-salmon.html">Tuna and salmon</a>
                        </li>
                    </ul>
                </li>
                <li>
                    <img src="../../cdn.spesati.com/images/menu/alcohol.png"/>
                    Wine beer and spirits                    <i class="fa fa-angle-down" aria-hidden="true"></i>
                    <ul class="sub-menu">
                        <li>
                            <a class="estDynamic" href="../wine-beer-and-spirits/spirits-and-liquors.html">Alcohol</a>
                        </li>
                        <li>
                            <a class="estDynamic" href="../wine-beer-and-spirits/bitters.html">Bitters</a>
                        </li>
                        <li>
                            <a class="estDynamic" href="../wine-beer-and-spirits/aperatif.html">Aperatifs</a>
                        </li>
                        <li>
                            <a class="estDynamic" href="../wine-beer-and-spirits/beer.html">Beer</a>
                        </li>
                        <li>
                            <a class="estDynamic" href="../wine-beer-and-spirits/creams.html">Creams</a>
                        </li>
                        <li>
                            <a class="estDynamic" href="../wine-beer-and-spirits/spirits.html">Spirits</a>
                        </li>
                        <li>
                            <a class="estDynamic" href="../wine-beer-and-spirits/liquors.html">Liquors</a>
                        </li>
                        <li>
                            <a class="estDynamic" href="../wine-beer-and-spirits/white-wine.html">White wine</a>
                        </li>
                        <li>
                            <a class="estDynamic" href="../wine-beer-and-spirits/prosecco-wine.html">Prosecco wine</a>
                        </li>
                        <li>
                            <a class="estDynamic" href="../wine-beer-and-spirits/rose-wine.html">Rose wine</a>
                        </li>
                        <li>
                            <a class="estDynamic" href="../wine-beer-and-spirits/red-wine.html">Red wine</a>
                        </li>
                        <li>
                            <a class="estDynamic" href="../wine-beer-and-spirits/specialty-wine.html">Special wine</a>
                        </li>
                        <li>
                            <a class="estDynamic" href="../wine-beer-and-spirits/sparkling-wine.html">Sparkling wine</a>
                        </li>
                        <li>
                            <a class="estDynamic" href="../wine-beer-and-spirits/vermentino-wine.html">Vermentino wine</a>
                        </li>
                    </ul>
                </li>
                <li>
                    <img src="../../cdn.spesati.com/images/menu/water-and-drinks.png"/>
                    Water and drinks                    <i class="fa fa-angle-down" aria-hidden="true"></i>
                    <ul class="sub-menu">
                        <li>
                            <a class="estDynamic" href="../water-and-drinks/san-martino.html">San Martino</a>
                        </li>
                        <li>
                            <a class="estDynamic" href="../water-and-drinks/water.html">Water</a>
                        </li>
                        <li>
                            <a class="estDynamic" href="../water-and-drinks/alpro.html">Alpro</a>
                        </li>
                        <li>
                            <a class="estDynamic" href="../water-and-drinks/fizzy-drinks.html">Fizzy drinks</a>
                        </li>
                        <li>
                            <a class="estDynamic" href="../water-and-drinks/coca-cola.html">Coca-Cola</a>
                        </li>
                        <li>
                            <a class="estDynamic" href="../water-and-drinks/energy-drink.html">Energy drink</a>
                        </li>
                        <li>
                            <a class="estDynamic" href="../water-and-drinks/syrups.html">Syrups</a>
                        </li>
                        <li>
                            <a class="estDynamic" href="../water-and-drinks/supplements.html">Supplements</a>
                        </li>
                        <li>
                            <a class="estDynamic" href="../water-and-drinks/instant-drinks.html">Instant drinks</a>
                        </li>
                        <li>
                            <a class="estDynamic" href="../water-and-drinks/juice.html">Juice</a>
                        </li>
                        <li>
                            <a class="estDynamic" href="../water-and-drinks/tea.html">Tea</a>
                        </li>
                    </ul>
                </li>
                <li>
                    <img src="../../cdn.spesati.com/images/menu/sweets.png"/>
                    Sweets                    <i class="fa fa-angle-down" aria-hidden="true"></i>
                    <ul class="sub-menu">
                        <li>
                            <a class="estDynamic" href="../sweets/bars-and-snacks.html">Bars and snacks</a>
                        </li>
                        <li>
                            <a class="estDynamic" href="../sweets/biscuits.html">Biscuits</a>
                        </li>
                        <li>
                            <a class="estDynamic" href="../sweets/brioches.html">Brioches</a>
                        </li>
                        <li>
                            <a class="estDynamic" href="../sweets/candy-and-chewing-gum.html">Candy and chewing gum</a>
                        </li>
                        <li>
                            <a class="estDynamic" href="../sweets/cereals.html">Cereals</a>
                        </li>
                        <li>
                            <a class="estDynamic" href="../sweets/chocolate.html">Chocolate</a>
                        </li>
                        <li>
                            <a class="estDynamic" href="../sweets/spreadable-creams.html">Spreads</a>
                        </li>
                        <li>
                            <a class="estDynamic" href="../sweets/dessert-toppings.html">Dessert toppings</a>
                        </li>
                        <li>
                            <a class="estDynamic" href="../sweets/jam.html">Jam</a>
                        </li>
                        <li>
                            <a class="estDynamic" href="../sweets/honey.html">Honey</a>
                        </li>
                        <li>
                            <a class="estDynamic" href="../sweets/panettoni-and-pandoro.html">Panettone and pandoro</a>
                        </li>
                        <li>
                            <a class="estDynamic" href="../sweets/pastry.html">Pastry</a>
                        </li>
                        <li>
                            <a class="estDynamic" href="../sweets/instant-dessert.html">Prepared</a>
                        </li>
                        <li>
                            <a class="estDynamic" href="../sweets/cakes-and-pies.html">Cakes and pies</a>
                        </li>
                        <li>
                            <a class="estDynamic" href="../sweets/easter-eggs-and-doves.html">Easter eggs and doves</a>
                        </li>
                    </ul>
                </li>
                <li>
                    <img src="../../cdn.spesati.com/images/menu/shelf.png"/>
                    Cupboard                    <i class="fa fa-angle-down" aria-hidden="true"></i>
                    <ul class="sub-menu">
                        <li>
                            <a class="estDynamic" href="../shelf/coffee.html">Coffee</a>
                        </li>
                        <li>
                            <a class="estDynamic" href="../shelf/gift-baskets.html">Gift baskets</a>
                        </li>
                        <li>
                            <a class="estDynamic" href="../shelf/stock-cubes.html">Nuts and preparations</a>
                        </li>
                        <li>
                            <a class="estDynamic" href="../shelf/flour-and-baking.html">Flour and baking</a>
                        </li>
                        <li>
                            <a class="estDynamic" href="../shelf/milk.html">Milk</a>
                        </li>
                        <li>
                            <a class="estDynamic" href="../shelf/oil-salt-vinegar.html">Oil, vinegar and salt</a>
                        </li>
                        <li>
                            <a class="estDynamic" href="../shelf/cream-and-bechamel.html">Cream and bechamel</a>
                        </li>
                        <li>
                            <a class="estDynamic" href="../shelf/crisps-and-pretzels.html">Crisps and pretzels</a>
                        </li>
                        <li>
                            <a class="estDynamic" href="../shelf/baby-and-infants-products.html">Early childhood products</a>
                        </li>
                        <li>
                            <a class="estDynamic" href="../shelf/rice.html">Rice</a>
                        </li>
                        <li>
                            <a class="estDynamic" href="../shelf/tins-and-preserves.html">Tins and Preserves</a>
                        </li>
                        <li>
                            <a class="estDynamic" href="../shelf/spices.html">Spices</a>
                        </li>
                        <li>
                            <a class="estDynamic" href="../shelf/sauces.html">Sauces</a>
                        </li>
                        <li>
                            <a class="estDynamic" href="../shelf/tea-and-infusions.html">Tea and infusions</a>
                        </li>
                        <li>
                            <a class="estDynamic" href="../shelf/eggs.html">Eggs</a>
                        </li>
                        <li>
                            <a class="estDynamic" href="../shelf/sugar-and-sweeteners.html">Sugar and sweeteners</a>
                        </li>
                    </ul>
                </li>
                <li>
                    <img src="../../cdn.spesati.com/images/menu/personal-care.png"/>
                    Personal care                    <i class="fa fa-angle-down" aria-hidden="true"></i>
                    <ul class="sub-menu">
                        <li>
                            <a class="estDynamic" href="../personal-care/accessories-and-cotton.html">Accessories and cotton</a>
                        </li>
                        <li>
                            <a class="estDynamic" href="../personal-care/feminine-care-incontinence-and-baby-diapers.html">Feminine incontinence and diapers</a>
                        </li>
                        <li>
                            <a class="estDynamic" href="../personal-care/shower-gel.html">Shower gel</a>
                        </li>
                        <li>
                            <a class="estDynamic" href="../personal-care/creams.html">Creams</a>
                        </li>
                        <li>
                            <a class="estDynamic" href="../personal-care/deodorant.html">Deodorant</a>
                        </li>
                        <li>
                            <a class="estDynamic" href="../personal-care/hair-removal.html">Hair removal</a>
                        </li>
                        <li>
                            <a class="estDynamic" href="../personal-care/disinfectants.html">Disinfectants</a>
                        </li>
                        <li>
                            <a class="estDynamic" href="../personal-care/oral-hygiene.html">Oral hygiene</a>
                        </li>
                        <li>
                            <a class="estDynamic" href="../personal-care/supplements-and-multivitamins.html">Supplements and multivitamins</a>
                        </li>
                        <li>
                            <a class="estDynamic" href="../personal-care/first-aid.html">First aid label</a>
                        </li>
                        <li>
                            <a class="estDynamic" href="../personal-care/beard-products.html">Beard products</a>
                        </li>
                        <li>
                            <a class="estDynamic" href="../personal-care/hairs-products.html">Hair products</a>
                        </li>
                        <li>
                            <a class="estDynamic" href="../personal-care/perfume.html">Perfumes</a>
                        </li>
                        <li>
                            <a class="estDynamic" href="../personal-care/wipes.html">Wipes</a>
                        </li>
                        <li>
                            <a class="estDynamic" href="../personal-care/soaps-and-body-wash.html">Soaps and body wash</a>
                        </li>
                        <li>
                            <a class="estDynamic" href="../personal-care/shampoo-and-conditioner.html">Shampoo and conditioner</a>
                        </li>
                    </ul>
                </li>
                <li>
                    <img src="../../cdn.spesati.com/images/menu/pellet-and-home.png"/>
                    Home and outdoors                    <i class="fa fa-angle-down" aria-hidden="true"></i>
                    <ul class="sub-menu">
                        <li>
                            <a class="estDynamic" href="../household-and-outdoors/distilled-water.html">Distilled water</a>
                        </li>
                        <li>
                            <a class="estDynamic" href="../household-and-outdoors/car-products.html">Cars</a>
                        </li>
                        <li>
                            <a class="estDynamic" href="../household-and-outdoors/bin-bags-and-buckets.html">Bin bags and buckets</a>
                        </li>
                        <li>
                            <a class="estDynamic" href="../household-and-outdoors/bleach-and-stain-removers.html">Bleach and stain removers</a>
                        </li>
                        <li>
                            <a class="estDynamic" href="../household-and-outdoors/candles.html">Candles</a>
                        </li>
                        <li>
                            <a class="estDynamic" href="../household-and-outdoors/kitchen-roll.html">Kitchen roll</a>
                        </li>
                        <li>
                            <a class="estDynamic" href="../household-and-outdoors/air-fresheners.html">Air fresheners</a>
                        </li>
                        <li>
                            <a class="estDynamic" href="../household-and-outdoors/laundry-accessories-and-detergent.html">Laundry detergent</a>
                        </li>
                        <li>
                            <a class="estDynamic" href="../household-and-outdoors/dishwasher-and-washing-up.html">Dishwasher and washing up</a>
                        </li>
                        <li>
                            <a class="estDynamic" href="../household-and-outdoors/gardening.html">Gardening</a>
                        </li>
                        <li>
                            <a class="estDynamic" href="../household-and-outdoors/light-bulbs-and-batteries.html">Lightbulbs and batteries</a>
                        </li>
                        <li>
                            <a class="estDynamic" href="../household-and-outdoors/pellet-and-bbq.html">Pellet and BBQ</a>
                        </li>
                        <li>
                            <a class="estDynamic" href="../household-and-outdoors/bathroom-products.html">Bathroom products</a>
                        </li>
                        <li>
                            <a class="estDynamic" href="../household-and-outdoors/home-and-furniture-products.html">Home and furniture products</a>
                        </li>
                        <li>
                            <a class="estDynamic" href="../household-and-outdoors/kitchen-products.html">Kitchen products</a>
                        </li>
                        <li>
                            <a class="estDynamic" href="../household-and-outdoors/window-and-floor-cleaners.html">Window and floor cleaner</a>
                        </li>
                        <li>
                            <a class="estDynamic" href="../household-and-outdoors/repellents.html">Repellents</a>
                        </li>
                        <li>
                            <a class="estDynamic" href="../household-and-outdoors/disposable-tableware.html">Disposable tableware</a>
                        </li>
                    </ul>
                </li>
                <li>
                    <img src="../../cdn.spesati.com/images/menu/animals.png"/>
                    Pets                    <i class="fa fa-angle-down" aria-hidden="true"></i>
                    <ul class="sub-menu">
                        <li>
                            <a class="estDynamic" href="../pets/pet-food-other-animals.html">Other animals pet food</a>
                        </li>
                        <li>
                            <a class="estDynamic" href="../pets/pet-food-dogs.html">Pet food dogs</a>
                        </li>
                        <li>
                            <a class="estDynamic" href="../pets/pet-food-cats.html">Pet food cats</a>
                        </li>
                        <li>
                            <a class="estDynamic" href="../pets/hygiene-and-cleaning.html">Hygiene and cleaning</a>
                        </li>
                    </ul>
                </li>
                <li>
                    <img src="../../cdn.spesati.com/images/menu/technology.png"/>
                    Technology                    <i class="fa fa-angle-down" aria-hidden="true"></i>
                    <ul class="sub-menu">
                        <li>
                            <a class="estDynamic" href="../technology/accessories.html">Accessories</a>
                        </li>
                        <li>
                            <a class="estDynamic" href="../technology/computer.html">Computer</a>
                        </li>
                        <li>
                            <a class="estDynamic" href="../technology/telephones.html">Telephones</a>
                        </li>
                        <li>
                            <a class="estDynamic" href="../technology/tv.html">TV</a>
                        </li>
                    </ul>
                </li>
                <li>
                    <img src="../../cdn.spesati.com/images/menu/gluten-free.png"/>
                    Gluten free                    <i class="fa fa-angle-down" aria-hidden="true"></i>
                    <ul class="sub-menu">
                        <li>
                            <a class="estDynamic" href="../gluten-free/frozen-foods.html">Frozen foods</a>
                        </li>
                        <li>
                            <a class="estDynamic" href="../gluten-free/beer.html">Beer</a>
                        </li>
                        <li>
                            <a class="estDynamic" href="../gluten-free/sweets.html">Sweets</a>
                        </li>
                        <li>
                            <a class="estDynamic" href="../gluten-free/bread-and-pasta.html">Bread and pasta</a>
                        </li>
                        <li>
                            <a class="estDynamic" href="../gluten-free/shelf.html">Cupboard</a>
                        </li>
                    </ul>
                </li>
                <li>
                    <img src="../../cdn.spesati.com/images/menu/lactose-free.png"/>
                    Lactose free                    <i class="fa fa-angle-down" aria-hidden="true"></i>
                    <ul class="sub-menu">
                        <li>
                            <a class="estDynamic" href="../lactose-free/frozen-foods.html">Frozen foods</a>
                        </li>
                        <li>
                            <a class="estDynamic" href="../lactose-free/sweets.html">Sweets</a>
                        </li>
                        <li>
                            <a class="estDynamic" href="../lactose-free/dairy-product.html">Dairy product</a>
                        </li>
                        <li>
                            <a class="estDynamic" href="../lactose-free/shelf.html">Cupboard</a>
                        </li>
                    </ul>
                </li>
                <li>
                    <img src="../../cdn.spesati.com/images/menu/special.png"/>
                    Special                    <i class="fa fa-angle-down" aria-hidden="true"></i>
                    <ul class="sub-menu">
                        <li>
                            <a class="estDynamic" href="../special/alpro.html">Alpro</a>
                        </li>
                        <li>
                            <a class="estDynamic" href="../special/organic.html">Biological</a>
                        </li>
                        <li>
                            <a class="estDynamic" href="../special/meat.html">Meat</a>
                        </li>
                        <li>
                            <a class="estDynamic" href="../special/wholegrain.html">Wholegrain</a>
                        </li>
                        <li>
                            <a class="estDynamic" href="../special/bread-and-pasta.html">Bread and pasta</a>
                        </li>
                        <li>
                            <a class="estDynamic" href="../special/vegan.html">Vegan</a>
                        </li>
                    </ul>
                </li>
                <li>
                    <img src="../../cdn.spesati.com/images/menu/sardinian-products.png"/>
                    Sardinian products                    <i class="fa fa-angle-down" aria-hidden="true"></i>
                    <ul class="sub-menu">
                        <li>
                            <a class="estDynamic" href="../sardinian-products/drinks.html">Drinks</a>
                        </li>
                        <li>
                            <a class="estDynamic" href="../sardinian-products/meat.html">Meat</a>
                        </li>
                        <li>
                            <a class="estDynamic" href="../sardinian-products/sweets.html">Sweets</a>
                        </li>
                        <li>
                            <a class="estDynamic" href="../sardinian-products/fruit-and-vegetables.html">Fruit and vegetables</a>
                        </li>
                        <li>
                            <a class="estDynamic" href="../sardinian-products/ichnusa.html">Ichnusa</a>
                        </li>
                        <li>
                            <a class="estDynamic" href="../sardinian-products/dairy-product.html">Dairy product</a>
                        </li>
                        <li>
                            <a class="estDynamic" href="../sardinian-products/bread-and-pasta.html">Bread and pasta</a>
                        </li>
                        <li>
                            <a class="estDynamic" href="../sardinian-products/fish.html">Fish</a>
                        </li>
                        <li>
                            <a class="estDynamic" href="../sardinian-products/cured-meat.html">Cured meat</a>
                        </li>
                        <li>
                            <a class="estDynamic" href="../sardinian-products/shelf.html">Cupboard</a>
                        </li>
                        <li>
                            <a class="estDynamic" href="../sardinian-products/vermentino-wine.html">Vermentino wine</a>
                        </li>
                        <li>
                            <a class="estDynamic" href="../sardinian-products/wine-beer-and-spirits.html">Wine beer and spirits</a>
                        </li>
                    </ul>
                </li>
            </ul>
        </li>
        <li>
            <a href="../about.html">About</a>
        </li>
        <li>
            <a href="../faq.html">Faq</a>
        </li>
        <li>
            <a href="../customer-care.html">Support</a>
        </li>
        <li>
            <a href="../news.html">Blog</a>
        </li>
        <li>
            <a href="../terms-and-conditions.html">Conditions</a>
        </li>
        <li>
            <a href="../privacy-policy.html">Privacy policy</a>
        </li>
        <li>
            <a href="../login.html">Login</a>
        </li>
        <li>
             <a href="../sign-up.html">Sign up</a>
        </li>
    </ul>
</div><section class="first">
    <div id="menuCategories" class="colLeft">
    <ul id="main_nav" >
        <li>
            <a class="estDynamic" href="../on-offer.html">
               <img src="../../cdn.spesati.com/images/menu/on-sale.png"/>
               On sale            </a>
            <i class="fa fa-angle-right" aria-hidden="true"></i>
            <ul class="sub-menu">
                <li>
    <a href="../tacchino-fesa-a-fette.html" class="estDynamic">Tacchino Fesa A Fette</a>
</li><li>
    <a href="../amaro-montenegro-15lt.html" class="estDynamic">Amaro Montenegro 1,5lt</a>
</li><li>
    <a href="../carbone-di-legna-sacco-10kg.html" class="estDynamic">Carbone Di Legna Sacco 10Kg</a>
</li><li>
    <a href="../filu-e-ferru-silvio-carta-70cl.html" class="estDynamic">Filu E Ferru Silvio Carta 70Cl</a>
</li><li>
    <a href="../braciole-suino-con-cotenna.html" class="estDynamic">Braciole Suino Con Cotenna</a>
</li><li>
    <a href="../bovino-adulto-polpa.html" class="estDynamic">Bovino Adulto Polpa</a>
</li><li>
    <a href="../vino-la-palma-cannonau-le-bombarde.html" class="estDynamic">Vino La Palma Cannonau Le Bombarde</a>
</li><li>
    <a href="../fettine-sceltissime-bovino-adulto.html" class="estDynamic">Fettine Sceltissime Bovino Adulto</a>
</li><li>
    <a href="../suino-fettine-scelte.html" class="estDynamic">Suino Fettine Scelte</a>
</li><li>
    <a href="../lavazza-caffe-qualita-rossa-2x250gr.html" class="estDynamic">Lavazza Caffé Qualità Rossa 2x250gr</a>
</li>                <li>
                    <a class="estDynamic" href="../on-offer.html">All products on sale</a>
                </li>
            </ul>
        </li>
        <li>
            <a class="estDynamic" href="../gift.html">
               <img src="../../cdn.spesati.com/images/menu/gift.png"/>
               Gifts            </a>
            <i class="fa fa-angle-right" aria-hidden="true"></i>
            <ul class="sub-menu">
                <li>
    <a href="../gift-card-da-150.html" class="estDynamic">Gift Card Da 150</a>
</li><li>
    <a href="../gift-card-da-100.html" class="estDynamic">Gift Card Da 100</a>
</li><li>
    <a href="../gift-card-da-50.html" class="estDynamic">Gift Card Da 50</a>
</li><li>
    <a href="../gift-card-da-25.html" class="estDynamic">Gift Card Da 25</a>
</li>                <li>
                    <a class="estDynamic" href="../gift.html">All products in the gifts category</a>
                </li>
            </ul>
        </li>
        <li>
            <a class="estDynamic" href="../gift-card.html">
               <img src="../../cdn.spesati.com/images/menu/gift-card.png"/>
               Gift card and discounts            </a>
            <i class="fa fa-angle-right" aria-hidden="true"></i>
            <ul class="sub-menu">
                <li>
    <a href="../gift-card-da-150.html">Gift Card Da 150</a>
</li><li>
    <a href="../gift-card-da-100.html">Gift Card Da 100</a>
</li><li>
    <a href="../gift-card-da-50.html">Gift Card Da 50</a>
</li><li>
    <a href="../gift-card-da-25.html">Gift Card Da 25</a>
</li>            </ul>
        </li>
        <li>
            <a class="estDynamic" href="../fruit-and-vegetables.html">
               <img src="../../cdn.spesati.com/images/menu/fuit-and-vegetables.png"/>
               Fruit and vegetables           </a>
            <i class="fa fa-angle-right" aria-hidden="true"></i>
            <ul class="sub-menu">
                <li>
                    <a class="estDynamic" href="../fruit-and-vegetables/pulses-and-beans.html">Cereals and pulses and beans</a>
                </li>
                <li>
                    <a class="estDynamic" href="../fruit-and-vegetables/fruit.html">Fruit</a>
                </li>
                <li>
                    <a class="estDynamic" href="../fruit-and-vegetables/canned-fruit.html">Canned fruit</a>
                </li>
                <li>
                    <a class="estDynamic" href="../fruit-and-vegetables/dried-fruit.html">Dried fruit</a>
                </li>
                <li>
                    <a class="estDynamic" href="../fruit-and-vegetables/ready-salads.html">Ready salads</a>
                </li>
                <li>
                    <a class="estDynamic" href="../fruit-and-vegetables/fresh-spices.html">Fresh spices</a>
                </li>
                <li>
                    <a class="estDynamic" href="../fruit-and-vegetables/vegetables.html">Vegetables and soy</a>
                </li>
            </ul>
        </li>
        <li>
            <a class="estDynamic" href="../fresh-products.html">
                <img src="../../cdn.spesati.com/images/menu/fresh-products.png"/>
                Fresh products            </a>
            <i class="fa fa-angle-right" aria-hidden="true"></i>
            <ul class="sub-menu">
                <li>
                    <a class="estDynamic" href="../fresh-products/margarine-and-butter.html">Butter and margarine</a>
                </li>
                <li>
                    <a class="estDynamic" href="../fresh-products/danone.html">Danone</a>
                </li>
                <li>
                    <a class="estDynamic" href="../fresh-products/dessert.html">Dessert</a>
                </li>
                <li>
                    <a class="estDynamic" href="../fresh-products/sweets.html">Sweets</a>
                </li>
                <li>
                    <a class="estDynamic" href="../fresh-products/dairy-products.html">Dairy product</a>
                </li>
                <li>
                    <a class="estDynamic" href="../fresh-products/bakery.html">Yeast</a>
                </li>
                <li>
                    <a class="estDynamic" href="../fresh-products/mascarpone.html">Mascarpone</a>
                </li>
                <li>
                    <a class="estDynamic" href="../fresh-products/snacks.html">Snacks</a>
                </li>
                <li>
                    <a class="estDynamic" href="../fresh-products/mozzarella.html">Mozzarella</a>
                </li>
                <li>
                    <a class="estDynamic" href="../fresh-products/pasta.html">Pasta</a>
                </li>
                <li>
                    <a class="estDynamic" href="../fresh-products/pesto-and-sauces.html">Pesto and sauces</a>
                </li>
                <li>
                    <a class="estDynamic" href="../fresh-products/ricotta-and-cheese.html">Ricotta and cheese</a>
                </li>
                <li>
                    <a class="estDynamic" href="../fresh-products/cured-meat.html">Cured meat</a>
                </li>
                <li>
                    <a class="estDynamic" href="../fresh-products/wurstel.html">Würstel</a>
                </li>
                <li>
                    <a class="estDynamic" href="../fresh-products/yogurt.html">Yogurt</a>
                </li>
            </ul>
        </li>
        <li>
            <a class="estDynamic" href="../frozen-foods.html">
                <img src="../../cdn.spesati.com/images/menu/frozen-foods.png"/>
                Frozen foods            </a>
            <i class="fa fa-angle-right" aria-hidden="true"></i>
            <ul class="sub-menu">
                <li>
                    <a class="estDynamic" href="meat.html">Meat</a>
                </li>
                <li>
                    <a class="estDynamic" href="ice-creams.html">Ice cream and sweet</a>
                </li>
                <li>
                    <a class="estDynamic" href="pasta.html">Pasta</a>
                </li>
                <li>
                    <a class="estDynamic" href="fish.html">Fish</a>
                </li>
                <li>
                    <a class="estDynamic" href="ready-meals.html">Ready meals</a>
                </li>
                <li>
                    <a class="estDynamic" href="pizzas.html">Pizzas</a>
                </li>
                <li>
                    <a class="estDynamic" href="vegetables.html">Vegetables and soy</a>
                </li>
            </ul>
        </li>
        <li>
            <a class="estDynamic" href="../bread-and-pasta.html">
                <img src="../../cdn.spesati.com/images/menu/bread-and-pasta.png"/>
                Bread and pasta            </a>
            <i class="fa fa-angle-right" aria-hidden="true"></i>
            <ul class="sub-menu">
                <li>
                    <a class="estDynamic" href="../bread-and-pasta/crackers.html">Crackers</a>
                </li>
                <li>
                    <a class="estDynamic" href="../bread-and-pasta/rusks.html">Rusks</a>
                </li>
                <li>
                    <a class="estDynamic" href="../bread-and-pasta/white-bread.html">White bread</a>
                </li>
                <li>
                    <a class="estDynamic" href="../bread-and-pasta/local-bread.html">Local bread</a>
                </li>
                <li>
                    <a class="estDynamic" href="../bread-and-pasta/soft-bread.html">Soft bread</a>
                </li>
                <li>
                    <a class="estDynamic" href="../bread-and-pasta/sardinian-bread.html">Sardinian bread</a>
                </li>
                <li>
                    <a class="estDynamic" href="../bread-and-pasta/bakery.html">Bakery</a>
                </li>
                <li>
                    <a class="estDynamic" href="../bread-and-pasta/pasta.html">Pasta</a>
                </li>
                <li>
                    <a class="estDynamic" href="../bread-and-pasta/fresh-pasta.html">Fresh pasta</a>
                </li>
            </ul>
        </li>
        <li>
            <a class="estDynamic" href="../meat.html">
                <img src="../../cdn.spesati.com/images/menu/meat.png"/>
                Meat            </a>
            <i class="fa fa-angle-right" aria-hidden="true"></i>
            <ul class="sub-menu">
                <li>
                    <a class="estDynamic" href="../meat/beef.html">Beef</a>
                </li>
                <li>
                    <a class="estDynamic" href="../meat/goat.html">Goat</a>
                </li>
                <li>
                    <a class="estDynamic" href="../meat/packaged-meat.html">Packaged meat</a>
                </li>
                <li>
                    <a class="estDynamic" href="../meat/rabbit.html">Rabbit</a>
                </li>
                <li>
                    <a class="estDynamic" href="../meat/horse.html">Horse</a>
                </li>
                <li>
                    <a class="estDynamic" href="../meat/pork.html">Pork</a>
                </li>
                <li>
                    <a class="estDynamic" href="../meat/lamb.html">Lamb</a>
                </li>
                <li>
                    <a class="estDynamic" href="../meat/poultry.html">Poultry</a>
                </li>
            </ul>
        </li>
        <li>
            <a class="estDynamic" href="../fish.html">
                <img src="../../cdn.spesati.com/images/menu/fish.png"/>
                Fish            </a>
            <i class="fa fa-angle-right" aria-hidden="true"></i>
            <ul class="sub-menu">
                <li>
                    <a class="estDynamic" href="../fish/fresh-water.html">Fresh water</a>
                </li>
                <li>
                    <a class="estDynamic" href="../fish/salt-water.html">Salt water</a>
                </li>
                <li>
                    <a class="estDynamic" href="../fish/mussels.html">Mussels</a>
                </li>
                <li>
                    <a class="estDynamic" href="../fish/dried-and-salted.html">Dried and salted</a>
                </li>
                <li>
                    <a class="estDynamic" href="../fish/seafood-salad.html">Seafood salad</a>
                </li>
                <li>
                    <a class="estDynamic" href="../fish/prepared.html">Prepared</a>
                </li>
                <li>
                    <a class="estDynamic" href="../fish/specialty.html">Specialty</a>
                </li>   
                <li>
                    <a class="estDynamic" href="../fish/tuna-and-salmon.html">Tuna and salmon</a>
                </li>
            </ul>
        </li>
        <li>
            <a class="estDynamic" href="../wine-beer-and-spirits.html">
                <img src="../../cdn.spesati.com/images/menu/alcohol.png"/>
                Wine beer and spirits            </a>
            <i class="fa fa-angle-right" aria-hidden="true"></i>
            <ul class="sub-menu">
                <li>
                    <a class="estDynamic" href="../wine-beer-and-spirits/spirits-and-liquors.html">Alcohol</a>
                </li>
                <li>
                    <a class="estDynamic" href="../wine-beer-and-spirits/bitters.html">Bitters</a>
                </li>
                <li>
                    <a class="estDynamic" href="../wine-beer-and-spirits/aperatif.html">Aperatifs</a>
                </li>
                <li>
                    <a class="estDynamic" href="../wine-beer-and-spirits/beer.html">Beer</a>
                </li>
                <li>
                    <a class="estDynamic" href="../wine-beer-and-spirits/creams.html">Creams</a>
                </li>
                <li>
                    <a class="estDynamic" href="../wine-beer-and-spirits/spirits.html">Spirits</a>
                </li>
                <li>
                    <a class="estDynamic" href="../wine-beer-and-spirits/liquors.html">Liquors</a>
                </li>
                <li>
                    <a class="estDynamic" href="../wine-beer-and-spirits/white-wine.html">White wine</a>
                </li>
                <li>
                    <a class="estDynamic" href="../wine-beer-and-spirits/prosecco-wine.html">Prosecco wine</a>
                </li>
                <li>
                    <a class="estDynamic" href="../wine-beer-and-spirits/rose-wine.html">Rose wine</a>
                </li>
                <li>
                    <a class="estDynamic" href="../wine-beer-and-spirits/red-wine.html">Red wine</a>
                </li>
                <li>
                    <a class="estDynamic" href="../wine-beer-and-spirits/specialty-wine.html">Special wine</a>
                </li>
                <li>
                    <a class="estDynamic" href="../wine-beer-and-spirits/sparkling-wine.html">Sparkling wine</a>
                </li>
                <li>
                    <a class="estDynamic" href="../wine-beer-and-spirits/vermentino-wine.html">Vermentino wine</a>
                </li>
            </ul>
        </li>
        <li>
            <a class="estDynamic" href="../water-and-drinks.html">
                <img src="../../cdn.spesati.com/images/menu/water-and-drinks.png"/>
                Water and drinks            </a>
            <i class="fa fa-angle-right" aria-hidden="true"></i>
            <ul class="sub-menu">
                <li>
                    <a class="estDynamic" href="../water-and-drinks/san-martino.html">San Martino</a>
                </li>
                <li>
                    <a class="estDynamic" href="../water-and-drinks/water.html">Water</a>
                </li>
                <li>
                    <a class="estDynamic" href="../water-and-drinks/alpro.html">Alpro</a>
                </li>
                <li>
                    <a class="estDynamic" href="../water-and-drinks/fizzy-drinks.html">Fizzy drinks</a>
                </li>
                <li>
                    <a class="estDynamic" href="../water-and-drinks/coca-cola.html">Coca-Cola</a>
                </li>
                <li>
                    <a class="estDynamic" href="../water-and-drinks/energy-drink.html">Energy drink</a>
                </li>
                <li>
                    <a class="estDynamic" href="../water-and-drinks/syrups.html">Syrups</a>
                </li>
                <li>
                    <a class="estDynamic" href="../water-and-drinks/supplements.html">Supplements</a>
                </li>
                <li>
                    <a class="estDynamic" href="../water-and-drinks/instant-drinks.html">Instant drinks</a>
                </li>
                <li>
                    <a class="estDynamic" href="../water-and-drinks/juice.html">Juice</a>
                </li>
                <li>
                    <a class="estDynamic" href="../water-and-drinks/tea.html">Tea</a>
                </li>
            </ul>
        </li>
        <li>
            <a class="estDynamic" href="../sweets.html">
                <img src="../../cdn.spesati.com/images/menu/sweets.png"/>
                Sweets            </a>
            <i class="fa fa-angle-right" aria-hidden="true"></i>
            <ul class="sub-menu">
                <li>
                    <a class="estDynamic" href="../sweets/bars-and-snacks.html">Bars and snacks</a>
                </li>
                <li>
                    <a class="estDynamic" href="../sweets/biscuits.html">Biscuits</a>
                </li>
                <li>
                    <a class="estDynamic" href="../sweets/brioches.html">Brioches</a>
                </li>
                <li>
                    <a class="estDynamic" href="../sweets/candy-and-chewing-gum.html">Candy and chewing gum</a>
                </li>
                <li>
                    <a class="estDynamic" href="../sweets/cereals.html">Cereals</a>
                </li>
                <li>
                    <a class="estDynamic" href="../sweets/chocolate.html">Chocolate</a>
                </li>
                <li>
                    <a class="estDynamic" href="../sweets/spreadable-creams.html">Spreads</a>
                </li>
                <li>
                    <a class="estDynamic" href="../sweets/dessert-toppings.html">Dessert toppings</a>
                </li>
                <li>
                    <a class="estDynamic" href="../sweets/jam.html">Jam</a>
                </li>
                <li>
                    <a class="estDynamic" href="../sweets/honey.html">Honey</a>
                </li>
                <li>
                    <a class="estDynamic" href="../sweets/panettoni-and-pandoro.html">Panettone and pandoro</a>
                </li>
                <li>
                    <a class="estDynamic" href="../sweets/pastry.html">Pastry</a>
                </li>
                <li>
                    <a class="estDynamic" href="../sweets/instant-dessert.html">Prepared</a>
                </li>
                <li>
                    <a class="estDynamic" href="../sweets/cakes-and-pies.html">Cakes and pies</a>
                </li>
                <li>
                    <a class="estDynamic" href="../sweets/easter-eggs-and-doves.html">Easter eggs and doves</a>
                </li>
            </ul>
        </li>
        <li>
            <a class="estDynamic" href="../shelf.html">
                <img src="../../cdn.spesati.com/images/menu/shelf.png"/>
                Cupboard            </a>
            <i class="fa fa-angle-right" aria-hidden="true"></i>
            <ul class="sub-menu">
                <li>
                    <a class="estDynamic" href="../shelf/coffee.html">Coffee</a>
                </li>
                <li>
                    <a class="estDynamic" href="../shelf/gift-baskets.html">Gift baskets</a>
                </li>
                <li>
                    <a class="estDynamic" href="../shelf/stock-cubes.html">Nuts and preparations</a>
                </li>
                <li>
                    <a class="estDynamic" href="../shelf/flour-and-baking.html">Flour and baking</a>
                </li>
                <li>
                    <a class="estDynamic" href="../shelf/milk.html">Milk</a>
                </li>
                <li>
                    <a class="estDynamic" href="../shelf/oil-salt-vinegar.html">Oil, vinegar and salt</a>
                </li>
                <li>
                    <a class="estDynamic" href="../shelf/cream-and-bechamel.html">Cream and bechamel</a>
                </li>
                <li>
                    <a class="estDynamic" href="../shelf/crisps-and-pretzels.html">Crisps and pretzels</a>
                </li>
                <li>
                    <a class="estDynamic" href="../shelf/baby-and-infants-products.html">Early childhood products</a>
                </li>
                <li>
                    <a class="estDynamic" href="../shelf/rice.html">Rice</a>
                </li>
                <li>
                    <a class="estDynamic" href="../shelf/tins-and-preserves.html">Tins and Preserves</a>
                </li>
                <li>
                    <a class="estDynamic" href="../shelf/spices.html">Spices</a>
                </li>
                <li>
                    <a class="estDynamic" href="../shelf/sauces.html">Sauces</a>
                </li>
                <li>
                    <a class="estDynamic" href="../shelf/tea-and-infusions.html">Tea and infusions</a>
                </li>
                <li>
                    <a class="estDynamic" href="../shelf/eggs.html">Eggs</a>
                </li>
                <li>
                    <a class="estDynamic" href="../shelf/sugar-and-sweeteners.html">Sugar and sweeteners</a>
                </li>
            </ul>
        </li>
        <li>
            <a class="estDynamic" href="../personal-care.html">
                <img src="../../cdn.spesati.com/images/menu/personal-care.png"/>
                Personal care            </a>
            <i class="fa fa-angle-right" aria-hidden="true"></i>
            <ul class="sub-menu">
                <li>
                    <a class="estDynamic" href="../personal-care/accessories-and-cotton.html">Accessories and cotton</a>
                </li>
                <li>
                    <a class="estDynamic" href="../personal-care/feminine-care-incontinence-and-baby-diapers.html">Feminine incontinence and diapers</a>
                </li>
                <li>
                    <a class="estDynamic" href="../personal-care/shower-gel.html">Shower gel</a>
                </li>
                <li>
                    <a class="estDynamic" href="../personal-care/creams.html">Creams</a>
                </li>
                <li>
                    <a class="estDynamic" href="../personal-care/deodorant.html">Deodorant</a>
                </li>
                <li>
                    <a class="estDynamic" href="../personal-care/hair-removal.html">Hair removal</a>
                </li>
                <li>
                    <a class="estDynamic" href="../personal-care/disinfectants.html">Disinfectants</a>
                </li>
                <li>
                    <a class="estDynamic" href="../personal-care/oral-hygiene.html">Oral hygiene</a>
                </li>
                <li>
                    <a class="estDynamic" href="../personal-care/supplements-and-multivitamins.html">Supplements and multivitamins</a>
                </li>
                <li>
                    <a class="estDynamic" href="../personal-care/first-aid.html">First aid label</a>
                </li>
                <li>
                    <a class="estDynamic" href="../personal-care/beard-products.html">Beard products</a>
                </li>
                <li>
                    <a class="estDynamic" href="../personal-care/hairs-products.html">Hair products</a>
                </li>
                <li>
                    <a class="estDynamic" href="../personal-care/perfume.html">Perfumes</a>
                </li>
                <li>
                    <a class="estDynamic" href="../personal-care/wipes.html">Wipes</a>
                </li>
                <li>
                    <a class="estDynamic" href="../personal-care/soaps-and-body-wash.html">Soaps and body wash</a>
                </li>
                <li>
                    <a class="estDynamic" href="../personal-care/shampoo-and-conditioner.html">Shampoo and conditioner</a>
                </li>
            </ul>
        </li>
        <li>
            <a class="estDynamic" href="../household-and-outdoors.html">
                <img src="../../cdn.spesati.com/images/menu/pellet-and-home.png"/>
                Home and outdoors 
            </a>
            <i class="fa fa-angle-right" aria-hidden="true"></i>
            <ul class="sub-menu">
                <li>
                    <a class="estDynamic" href="../household-and-outdoors/distilled-water.html">Distilled water</a>
                </li>
                <li>
                    <a class="estDynamic" href="../household-and-outdoors/car-products.html">Cars</a>
                </li>
                <li>
                    <a class="estDynamic" href="../household-and-outdoors/bin-bags-and-buckets.html">Bin bags and buckets</a>
                </li>
                <li>
                    <a class="estDynamic" href="../household-and-outdoors/bleach-and-stain-removers.html">Bleach and stain removers</a>
                </li>
                <li>
                    <a class="estDynamic" href="../household-and-outdoors/candles.html">Candles</a>
                </li>
                <li>
                    <a class="estDynamic" href="../household-and-outdoors/kitchen-roll.html">Kitchen roll</a>
                </li>
                <li>
                    <a class="estDynamic" href="../household-and-outdoors/air-fresheners.html">Air fresheners</a>
                </li>
                <li>
                    <a class="estDynamic" href="../household-and-outdoors/laundry-accessories-and-detergent.html">Laundry detergent</a>
                </li>
                <li>
                    <a class="estDynamic" href="../household-and-outdoors/dishwasher-and-washing-up.html">Dishwasher and washing up</a>
                </li>
                <li>
                    <a class="estDynamic" href="../household-and-outdoors/gardening.html">Gardening</a>
                </li>
                <li>
                    <a class="estDynamic" href="../household-and-outdoors/light-bulbs-and-batteries.html">Lightbulbs and batteries</a>
                </li>
                <li>
                    <a class="estDynamic" href="../household-and-outdoors/pellet-and-bbq.html">Pellet and BBQ</a>
                </li>
                <li>
                    <a class="estDynamic" href="../household-and-outdoors/bathroom-products.html">Bathroom products</a>
                </li>
                <li>
                    <a class="estDynamic" href="../household-and-outdoors/home-and-furniture-products.html">Home and furniture products</a>
                </li>
                <li>
                    <a class="estDynamic" href="../household-and-outdoors/kitchen-products.html">Kitchen products</a>
                </li>
                <li>
                    <a class="estDynamic" href="../household-and-outdoors/window-and-floor-cleaners.html">Window and floor cleaner</a>
                </li>
                <li>
                    <a class="estDynamic" href="../household-and-outdoors/repellents.html">Repellents</a>
                </li>
                <li>
                    <a class="estDynamic" href="../household-and-outdoors/disposable-tableware.html">Disposable tableware</a>
                </li>
            </ul>
        </li>
        <li>
            <a class="estDynamic" href="../pet.html">
                <img src="../../cdn.spesati.com/images/menu/animals.png"/>
                Pets            </a>
            <i class="fa fa-angle-right" aria-hidden="true"></i>
            <ul class="sub-menu">
                <li>
                    <a class="estDynamic" href="../pets/pet-food-other-animals.html">Other animals pet food</a>
                </li>
                <li>
                    <a class="estDynamic" href="../pets/pet-food-dogs.html">Pet food dogs</a>
                </li>
                <li>
                    <a class="estDynamic" href="../pets/pet-food-cats.html">Pet food cats</a>
                </li>
                <li>
                    <a class="estDynamic" href="../pets/hygiene-and-cleaning.html">Hygiene and cleaning</a>
                </li>
            </ul>
        </li>
        <li>
            <a class="estDynamic" href="../technology.html">
                <img src="../../cdn.spesati.com/images/menu/technology.png"/>
                Technology            </a>
            <i class="fa fa-angle-right" aria-hidden="true"></i>
            <ul class="sub-menu">
                <li>
                    <a class="estDynamic" href="../technology/accessories.html">Accessories</a>
                </li>
                <li>
                    <a class="estDynamic" href="../technology/computer.html">Computer</a>
                </li>
                <li>
                    <a class="estDynamic" href="../technology/telephones.html">Telephones</a>
                </li>
                <li>
                    <a class="estDynamic" href="../technology/tv.html">TV</a>
                </li>
            </ul>
        </li>
        <li>
            <a class="estDynamic" href="../gluten-free.html">
                <img src="../../cdn.spesati.com/images/menu/gluten-free.png"/>
                Gluten free            </a>
            <i class="fa fa-angle-right" aria-hidden="true"></i>
            <ul class="sub-menu">
                <li>
                    <a class="estDynamic" href="../gluten-free/frozen-foods.html">Frozen foods</a>
                </li>
                <li>
                    <a class="estDynamic" href="../gluten-free/beer.html">Beer</a>
                </li>
                <li>
                    <a class="estDynamic" href="../gluten-free/sweets.html">Sweets</a>
                </li>
                <li>
                    <a class="estDynamic" href="../gluten-free/bread-and-pasta.html">Bread and pasta</a>
                </li>
                <li>
                    <a class="estDynamic" href="../gluten-free/shelf.html">Cupboard</a>
                </li>
            </ul>
        </li>
        <li>
            <a class="estDynamic" href="../lactose-free.html">
                <img src="../../cdn.spesati.com/images/menu/lactose-free.png"/>
                Lactose free            </a>
            <i class="fa fa-angle-right" aria-hidden="true"></i>
            <ul class="sub-menu">
                <li>
                    <a class="estDynamic" href="../lactose-free/frozen-foods.html">Frozen foods</a>
                </li>
                <li>
                    <a class="estDynamic" href="../lactose-free/sweets.html">Sweets</a>
                </li>
                <li>
                    <a class="estDynamic" href="../lactose-free/dairy-product.html">Dairy product</a>
                </li>
                <li>
                    <a class="estDynamic" href="../lactose-free/shelf.html">Cupboard</a>
                </li>
            </ul>
        </li>
        <li>
            <a class="estDynamic" href="../special.html">
                <img src="../../cdn.spesati.com/images/menu/special.png"/>
                Special            </a>
            <i class="fa fa-angle-right" aria-hidden="true"></i>
            <ul class="sub-menu">
                <li>
                    <a class="estDynamic" href="../special/alpro.html">Alpro</a>
                </li>
                <li>
                    <a class="estDynamic" href="../special/organic.html">Biological</a>
                </li>
                <li>
                    <a class="estDynamic" href="../special/meat.html">Meat</a>
                </li>
                <li>
                    <a class="estDynamic" href="../special/wholegrain.html">Wholegrain</a>
                </li>
                <li>
                    <a class="estDynamic" href="../special/bread-and-pasta.html">Bread and pasta</a>
                </li>
                <li>
                    <a class="estDynamic" href="../special/vegan.html">Vegan</a>
                </li>
            </ul>
        </li>
        <li>
            <a class="estDynamic" href="../sardinian-products.html">
                <img src="../../cdn.spesati.com/images/menu/sardinian-products.png"/>
                Sardinian products            </a>
            <i class="fa fa-angle-right" aria-hidden="true"></i>
            <ul class="sub-menu">
                <li>
                    <a class="estDynamic" href="../sardinian-products/drinks.html">Drinks</a>
                </li>
                <li>
                    <a class="estDynamic" href="../sardinian-products/meat.html">Meat</a>
                </li>
                <li>
                    <a class="estDynamic" href="../sardinian-products/sweets.html">Sweets</a>
                </li>
                <li>
                    <a class="estDynamic" href="../sardinian-products/fruit-and-vegetables.html">Fruit and vegetables</a>
                </li>
                <li>
                    <a class="estDynamic" href="../sardinian-products/ichnusa.html">Ichnusa</a>
                </li>
                <li>
                    <a class="estDynamic" href="../sardinian-products/dairy-product.html">Dairy product</a>
                </li>
                <li>
                    <a class="estDynamic" href="../sardinian-products/bread-and-pasta.html">Bread and pasta</a>
                </li>
                <li>
                    <a class="estDynamic" href="../sardinian-products/fish.html">Fish</a>
                </li>
                <li>
                    <a class="estDynamic" href="../sardinian-products/cured-meat.html">Cured meat</a>
                </li>
                <li>
                    <a class="estDynamic" href="../sardinian-products/shelf.html">Cupboard</a>
                </li>
                <li>
                    <a class="estDynamic" href="../sardinian-products/vermentino-wine.html">Vermentino wine</a>
                </li>
                <li>
                    <a class="estDynamic" href="../sardinian-products/wine-beer-and-spirits.html">Wine beer and spirits</a>
                </li>
            </ul>
        </li>
    </ul>
</div>    <div class="colRight">
        <div class="title mobile">
	<a href="../frozen-foods.html"><i class="fa red fa-angle-left fa-3x mobile" aria-hidden="true"></i></a>
	<h2>
		<b>
			fish		</b>
	</h2>
</div>

<div class="breadcrumb bgGrey internal">
	<p>
		<b>
			<a href="../index.html">Home</a>
												&gt; <a href="../frozen-foods.html">Frozen foods</a>
																&gt; Fish									</b>
	</p>
	<div>
		<p>Order by</p>
		<select name="orderProd" id="orderProd">
			<option disabled="disabled" selected="selected">- Choose -</option>
			<option value="nameAsc">Name (A - Z)</option>
			<option value="nameDes">Name (Z - A)</option>
			<option value="priceHigh">Price - High to low</option>
			<option value="priceLow">Price - Low to high</option>
			<option value="soldAsc">Best Selling</option>
			<option value="available">Availability</option>
		</select>
	</div>
</div>
        <div class="containerProduct">
            <div class="left product prod1"
        data-name="Cgm Bocconcini Di Baccalà 1Kg"
        data-price="21.94"
        data-id="5995"
        data-available="yes"
        data-category="4629"
        data-bestselling="">
    <a href="../cgm-bocconcini-di-baccala-1kg.html">
        <div style="background-image: url('../../cdn.spesati.com/images/products/8373201/cgm-bocconcini-di-01.jpg')">
            <div class="hover"></div>
            
            <div class="stickers"></div>
        </div>
    </a>
    <div>
        <h4><a href="../cgm-bocconcini-di-baccala-1kg.html"><b>Cgm Bocconcini Di Baccalà 1Kg</b></a></h4>
        <p class="description">1 Kg</p>
        <p class="right price"><b>21.94 €</b></p>
        <p class="right unitPrice">21.95 € per kg</p>
    </div>
    <div class="contButton">
    <a class="button bgRed white addToCart" href="#">Add</a>
</div>
</div><div class="left product prod2"
        data-name="Tubi Di Totano Puliti Iqf 1Kg"
        data-price="10.19"
        data-id="7176"
        data-available="yes"
        data-category="4629"
        data-bestselling="">
    <a href="../tubi-di-totano-puliti-iqf-1kg.html">
        <div style="background-image: url('../../cdn.spesati.com/images/products/509838/tubi-di-totano-01.jpg')">
            <div class="hover"></div>
            
            <div class="stickers"></div>
        </div>
    </a>
    <div>
        <h4><a href="../tubi-di-totano-puliti-iqf-1kg.html"><b>Tubi Di Totano Puliti Iqf 1Kg</b></a></h4>
        <p class="description">1 Kg</p>
        <p class="right price"><b>10.19 €</b></p>
        <p class="right unitPrice">10.19 € per kg</p>
    </div>
    <div class="contButton">
    <a class="button bgRed white addToCart" href="#">Add</a>
</div>
</div><div class="left product prod3"
        data-name="Anelli Alla Romana Iqf 500Gr"
        data-price="4.06"
        data-id="7050"
        data-available="yes"
        data-category="4629"
        data-bestselling="">
    <a href="../anelli-alla-romana-iqf-500gr.html">
        <div style="background-image: url('../../cdn.spesati.com/images/products/509285/anelli-alla-romana-01.jpg')">
            <div class="hover"></div>
            
            <div class="stickers"></div>
        </div>
    </a>
    <div>
        <h4><a href="../anelli-alla-romana-iqf-500gr.html"><b>Anelli Alla Romana Iqf 500Gr</b></a></h4>
        <p class="description">0.5 Kg</p>
        <p class="right price"><b>4.06 €</b></p>
        <p class="right unitPrice">8.12 € per kg</p>
    </div>
    <div class="contButton">
    <a class="button bgRed white addToCart" href="#">Add</a>
</div>
</div><div class="left product prod4"
        data-name="Surimi Di Gambero Iqf 500Gr"
        data-price="4.55"
        data-id="7016"
        data-available="yes"
        data-category="4629"
        data-bestselling="">
    <a href="../surimi-di-gambero-iqf-500gr.html">
        <div style="background-image: url('../../cdn.spesati.com/images/products/509279/surimi-di-gambero-01.jpg')">
            <div class="hover"></div>
            
            <div class="stickers"></div>
        </div>
    </a>
    <div>
        <h4><a href="../surimi-di-gambero-iqf-500gr.html"><b>Surimi Di Gambero Iqf 500Gr</b></a></h4>
        <p class="description">0.5 Kg</p>
        <p class="right price"><b>4.55 €</b></p>
        <p class="right unitPrice">9.10 € per kg</p>
    </div>
    <div class="contButton">
    <a class="button bgRed white addToCart" href="#">Add</a>
</div>
</div><div class="left product prod5"
        data-name="Vongole Pacifico Gelo 1Kg"
        data-price="5.95"
        data-id="7169"
        data-available="yes"
        data-category="4629"
        data-bestselling="">
    <a href="../vongole-pacifico-gelo-1kg.html">
        <div style="background-image: url('../../cdn.spesati.com/images/products/509197/vongole-pacifico-gelo-01.jpg')">
            <div class="hover"></div>
            
            <div class="stickers"></div>
        </div>
    </a>
    <div>
        <h4><a href="../vongole-pacifico-gelo-1kg.html"><b>Vongole Pacifico Gelo 1Kg</b></a></h4>
        <p class="description">1 Kg</p>
        <p class="right price"><b>5.95 €</b></p>
        <p class="right unitPrice">5.95 € per kg</p>
    </div>
    <div class="contButton">
    <a class="button bgRed white addToCart" href="#">Add</a>
</div>
</div><div class="left product prod6"
        data-name="Cozze Mezzo Guscio Iqf 1Kg"
        data-price="12.75"
        data-id="7168"
        data-available="yes"
        data-category="4629"
        data-bestselling="">
    <a href="../cozze-mezzo-guscio-iqf-1kg.html">
        <div style="background-image: url('../../cdn.spesati.com/images/products/508935/cozze-mezzo-guscio-01.jpg')">
            <div class="hover"></div>
            
            <div class="stickers"></div>
        </div>
    </a>
    <div>
        <h4><a href="../cozze-mezzo-guscio-iqf-1kg.html"><b>Cozze Mezzo Guscio Iqf 1Kg</b></a></h4>
        <p class="description">1 Kg</p>
        <p class="right price"><b>12.75 €</b></p>
        <p class="right unitPrice">12.75 € per kg</p>
    </div>
    <div class="contButton">
    <a class="button bgRed white addToCart" href="#">Add</a>
</div>
</div><div class="left product prod7"
        data-name="Pesce Spada Tranci"
        data-price="5.92"
        data-id="7175"
        data-available="yes"
        data-category="4629"
        data-bestselling="1">
    <a href="../pesce-spada-tranci.html">
        <div style="background-image: url('../../cdn.spesati.com/images/products/508740/pesce-spada-tranci-01.jpg')">
            <div class="hover"></div>
            <p class="arrow bgRed white">Best Seller</p>
            <div class="stickers"></div>
        </div>
    </a>
    <div>
        <h4><a href="../pesce-spada-tranci.html"><b>Pesce Spada Tranci</b></a></h4>
        <p class="description">medium weight 0.350 Kg</p>
        <p class="right price"><b>5.92 €</b></p>
        <p class="right unitPrice">16.90 € per kg</p>
    </div>
    <div class="contButton">
    <a class="button bgRed white addToCart" href="#">Add</a>
</div>
</div><div class="left product prod8"
        data-name="Calamari Sporchi Iqf 1Kg"
        data-price="10.50"
        data-id="7164"
        data-available="yes"
        data-category="4629"
        data-bestselling="">
    <a href="../calamari-sporchi-iqf-1kg.html">
        <div style="background-image: url('../../cdn.spesati.com/images/products/508737/calamari-sporchi-iqf-01.jpg')">
            <div class="hover"></div>
            
            <div class="stickers"></div>
        </div>
    </a>
    <div>
        <h4><a href="../calamari-sporchi-iqf-1kg.html"><b>Calamari Sporchi Iqf 1Kg</b></a></h4>
        <p class="description">1 Kg</p>
        <p class="right price"><b>10.50 €</b></p>
        <p class="right unitPrice">10.51 € per kg</p>
    </div>
    <div class="contButton">
    <a class="button bgRed white addToCart" href="#">Add</a>
</div>
</div><div class="left product prod9"
        data-name="Filetti Pangasio Iqf 1Kg"
        data-price="5.15"
        data-id="7166"
        data-available="yes"
        data-category="4629"
        data-bestselling="">
    <a href="../filetti-pangasio-iqf-1kg.html">
        <div style="background-image: url('../../cdn.spesati.com/images/products/508713/filetti-pangasio-iqf-01.jpg')">
            <div class="hover"></div>
            
            <div class="stickers"></div>
        </div>
    </a>
    <div>
        <h4><a href="../filetti-pangasio-iqf-1kg.html"><b>Filetti Pangasio Iqf 1Kg</b></a></h4>
        <p class="description">1 Kg</p>
        <p class="right price"><b>5.15 €</b></p>
        <p class="right unitPrice">5.15 € per kg</p>
    </div>
    <div class="contButton">
    <a class="button bgRed white addToCart" href="#">Add</a>
</div>
</div><div class="left product prod10"
        data-name="Anelli Di Totano Iqf 1Kg"
        data-price="10.50"
        data-id="7163"
        data-available="yes"
        data-category="4629"
        data-bestselling="">
    <a href="../anelli-di-totano-iqf-1kg.html">
        <div style="background-image: url('../../cdn.spesati.com/images/products/505704/anelli-di-totano-01.jpg')">
            <div class="hover"></div>
            
            <div class="stickers"></div>
        </div>
    </a>
    <div>
        <h4><a href="../anelli-di-totano-iqf-1kg.html"><b>Anelli Di Totano Iqf 1Kg</b></a></h4>
        <p class="description">1 Kg</p>
        <p class="right price"><b>10.50 €</b></p>
        <p class="right unitPrice">10.51 € per kg</p>
    </div>
    <div class="contButton">
    <a class="button bgRed white addToCart" href="#">Add</a>
</div>
</div><div class="left product prod11"
        data-name="Mesa Surimi Di Aragosta 280Gr"
        data-price="2.52"
        data-id="7015"
        data-available="yes"
        data-category="4629"
        data-bestselling="">
    <a href="../mesa-surimi-di-aragosta-280gr.html">
        <div style="background-image: url('../../cdn.spesati.com/images/products/505700/mesa-surimi-di-01.jpg')">
            <div class="hover"></div>
            
            <div class="stickers"></div>
        </div>
    </a>
    <div>
        <h4><a href="../mesa-surimi-di-aragosta-280gr.html"><b>Mesa Surimi Di Aragosta 280Gr</b></a></h4>
        <p class="description">0.28 Kg</p>
        <p class="right price"><b>2.52 €</b></p>
        <p class="right unitPrice">9.00 € per kg</p>
    </div>
    <div class="contButton">
    <a class="button bgRed white addToCart" href="#">Add</a>
</div>
</div><div class="left product prod12"
        data-name="Mesa Surimi Di Granchio 250Gr"
        data-price="1.49"
        data-id="7013"
        data-available="yes"
        data-category="4629"
        data-bestselling="">
    <a href="../mesa-surimi-di-granchio-250gr.html">
        <div style="background-image: url('../../cdn.spesati.com/images/products/505690/mesa-surimi-di-01.jpg')">
            <div class="hover"></div>
            
            <div class="stickers"></div>
        </div>
    </a>
    <div>
        <h4><a href="../mesa-surimi-di-granchio-250gr.html"><b>Mesa Surimi Di Granchio 250Gr</b></a></h4>
        <p class="description">0.25 Kg</p>
        <p class="right price"><b>1.49 €</b></p>
        <p class="right unitPrice">5.96 € per kg</p>
    </div>
    <div class="contButton">
    <a class="button bgRed white addToCart" href="#">Add</a>
</div>
</div><div class="left product prod13"
        data-name="Calamaro Pulito Iqf 1Kg"
        data-price="15.68"
        data-id="7165"
        data-available="yes"
        data-category="4629"
        data-bestselling="">
    <a href="../calamaro-pulito-iqf-1kg.html">
        <div style="background-image: url('../../cdn.spesati.com/images/products/504817/calamari-pulito-iqf-01.jpg')">
            <div class="hover"></div>
            
            <div class="stickers"></div>
        </div>
    </a>
    <div>
        <h4><a href="../calamaro-pulito-iqf-1kg.html"><b>Calamaro Pulito Iqf 1Kg</b></a></h4>
        <p class="description">1 Kg</p>
        <p class="right price"><b>15.68 €</b></p>
        <p class="right unitPrice">15.68 € per kg</p>
    </div>
    <div class="contButton">
    <a class="button bgRed white addToCart" href="#">Add</a>
</div>
</div><div class="left product prod14"
        data-name="Filetti Merluzzo Busta 800Gr"
        data-price="10.83"
        data-id="6654"
        data-available="yes"
        data-category="4629"
        data-bestselling="">
    <a href="../filetti-merluzzo-busta-800gr.html">
        <div style="background-image: url('../../cdn.spesati.com/images/products/504804/filetti-merluzzo-busta-01.jpg')">
            <div class="hover"></div>
            
            <div class="stickers"></div>
        </div>
    </a>
    <div>
        <h4><a href="../filetti-merluzzo-busta-800gr.html"><b>Filetti Merluzzo Busta 800Gr</b></a></h4>
        <p class="description">0.8 Kg</p>
        <p class="right price"><b>10.83 €</b></p>
        <p class="right unitPrice">13.54 € per kg</p>
    </div>
    <div class="contButton">
    <a class="button bgRed white addToCart" href="#">Add</a>
</div>
</div><div class="left product prod15"
        data-name="Findus Bastoncini S/gl 10p 300"
        data-price="5.69"
        data-id="87872"
        data-available="yes"
        data-category="4629"
        data-bestselling="1">
    <a href="../findus-bastoncini-sgl-10p-300.html">
        <div style="background-image: url('../../cdn.spesati.com/images/products/000599957/capitan-findus-10-bastoncini-di-merluzzo-senza-glutine-300-g-01.png')">
            <div class="hover"></div>
            <p class="arrow bgRed white">Best Seller</p>
            <div class="stickers"></div>
        </div>
    </a>
    <div>
        <h4><a href="../findus-bastoncini-sgl-10p-300.html"><b>Findus Bastoncini S/gl 10p 300</b></a></h4>
        <p class="description">Capitan Findus 10 Bastoncini di Merluzzo Senza Glutine 300 g</p>
        <p class="right price"><b>5.69 €</b></p>
        <p class="right unitPrice">18.96 € per kg</p>
    </div>
    <div class="contButton">
    <a class="button bgRed white addToCart" href="#">Add</a>
</div>
</div><div class="left product prod16"
        data-name="Findus Bastoncini Merluzzo x12"
        data-price="3.99"
        data-id="4193"
        data-available="yes"
        data-category="4629"
        data-bestselling="">
    <a href="../findus-bastoncini-merluzzo-x12.html">
        <div style="background-image: url('../../cdn.spesati.com/images/products/000590961/capitan-findus-12-bastoncini-con-100-filetti-di-merluzzo-300-g-01.png')">
            <div class="hover"></div>
            
            <div class="stickers"></div>
        </div>
    </a>
    <div>
        <h4><a href="../findus-bastoncini-merluzzo-x12.html"><b>Findus Bastoncini Merluzzo x12</b></a></h4>
        <p class="description">Capitan Findus 12 Bastoncini con 100% Filetti di Merluzzo 300 g</p>
        <p class="right price"><b>3.99 €</b></p>
        <p class="right unitPrice">13.30 € per kg</p>
    </div>
    <div class="contButton">
    <a class="button bgRed white addToCart" href="#">Add</a>
</div>
</div><div class="left product prod17"
        data-name="Granciporro Gelo 500Gr"
        data-price="9.39"
        data-id="7167"
        data-available="yes"
        data-category="4629"
        data-bestselling="">
    <a href="../granciporro-gelo-500gr.html">
        <div style="background-image: url('../../cdn.spesati.com/images/products/000508940/ganciporro-atlantico-intero-cotto-sv-pezzatura-400-600g-01.png')">
            <div class="hover"></div>
            
            <div class="stickers"></div>
        </div>
    </a>
    <div>
        <h4><a href="../granciporro-gelo-500gr.html"><b>Granciporro Gelo 500Gr</b></a></h4>
        <p class="description">Ganciporro Atlantico Intero Cotto SV Pezzatura 400-600g</p>
        <p class="right price"><b>9.39 €</b></p>
        <p class="right unitPrice">18.78 € per kg</p>
    </div>
    <div class="contButton">
    <a class="button bgRed white addToCart" href="#">Add</a>
</div>
</div><div class="left product prod18"
        data-name="Cozze Sgusc. 200-300 Iqf 1k Pn"
        data-price="10.82"
        data-id="34092"
        data-available="yes"
        data-category="4629"
        data-bestselling="">
    <a href="../cozze-sgusc-200-300-iqf-1k-pn.html">
        <div style="background-image: url('../../cdn.spesati.com/images/products/000508866/itaca-cozze-sgusciate-precotte-1000-g-01.png')">
            <div class="hover"></div>
            
            <div class="stickers"></div>
        </div>
    </a>
    <div>
        <h4><a href="../cozze-sgusc-200-300-iqf-1k-pn.html"><b>Cozze Sgusc. 200-300 Iqf 1k Pn</b></a></h4>
        <p class="description">Itaca Cozze sgusciate precotte 1000 g</p>
        <p class="right price"><b>10.82 €</b></p>
        <p class="right unitPrice">10.82 € per kg</p>
    </div>
    <div class="contButton">
    <a class="button bgRed white addToCart" href="#">Add</a>
</div>
</div><div class="left product prod19"
        data-name="Astice Cotto Tubo 300gr"
        data-price="19.82"
        data-id="34066"
        data-available="yes"
        data-category="4629"
        data-bestselling="">
    <a href="../astice-cotto-tubo-300gr.html">
        <div style="background-image: url('../../cdn.spesati.com/images/products/000508727/oggi-pesce-astice-americano-cotto-intero-surgelato-300-g-01.png')">
            <div class="hover"></div>
            
            <div class="stickers"></div>
        </div>
    </a>
    <div>
        <h4><a href="../astice-cotto-tubo-300gr.html"><b>Astice Cotto Tubo 300gr</b></a></h4>
        <p class="description">Oggi Pesce Astice Americano Cotto Intero Surgelato 300 g</p>
        <p class="right price"><b>19.82 €</b></p>
        <p class="right unitPrice">66.06 € per kg</p>
    </div>
    <div class="contButton">
    <a class="button bgRed white addToCart" href="#">Add</a>
</div>
</div><div class="left product prod20"
        data-name="Filetto Orata 80-160 1kg"
        data-price="18.49"
        data-id="34063"
        data-available="yes"
        data-category="4629"
        data-bestselling="">
    <a href="../filetto-orata-80-160-1kg.html">
        <div style="background-image: url('../../cdn.spesati.com/images/products/000508715/filetti-di-orata-congelati-80160-1000-g-01.png')">
            <div class="hover"></div>
            
            <div class="stickers"></div>
        </div>
    </a>
    <div>
        <h4><a href="../filetto-orata-80-160-1kg.html"><b>Filetto Orata 80-160 1kg</b></a></h4>
        <p class="description">Filetti di Orata congelati 80/160 1000 g</p>
        <p class="right price"><b>18.49 €</b></p>
        <p class="right unitPrice">18.49 € per kg</p>
    </div>
    <div class="contButton">
    <a class="button bgRed white addToCart" href="#">Add</a>
</div>
</div><div class="left product prod21"
        data-name="Filetto Branzino 80-160 1kg"
        data-price="20.02"
        data-id="34062"
        data-available="yes"
        data-category="4629"
        data-bestselling="">
    <a href="../filetto-branzino-80-160-1kg.html">
        <div style="background-image: url('../../cdn.spesati.com/images/products/000508714/filetti-di-branzino-congelati-80160-dicentrarchus-labrax-1000-g-01.png')">
            <div class="hover"></div>
            
            <div class="stickers"></div>
        </div>
    </a>
    <div>
        <h4><a href="../filetto-branzino-80-160-1kg.html"><b>Filetto Branzino 80-160 1kg</b></a></h4>
        <p class="description">Filetti di Branzino congelati 80/160 (Dicentrarchus labrax) 1000 g</p>
        <p class="right price"><b>20.02 €</b></p>
        <p class="right unitPrice">20.02 € per kg</p>
    </div>
    <div class="contButton">
    <a class="button bgRed white addToCart" href="#">Add</a>
</div>
</div><div class="left product prod22"
        data-name="Surimi Di Granchio 1kg"
        data-price="7.05"
        data-id="34011"
        data-available="yes"
        data-category="4629"
        data-bestselling="1">
    <a href="../surimi-di-granchio-1kg.html">
        <div style="background-image: url('../../cdn.spesati.com/images/products/000505947/oltre-mare-bastoncini-di-surimi-1-kg-01.png')">
            <div class="hover"></div>
            <p class="arrow bgRed white">Best Seller</p>
            <div class="stickers"></div>
        </div>
    </a>
    <div>
        <h4><a href="../surimi-di-granchio-1kg.html"><b>Surimi Di Granchio 1kg</b></a></h4>
        <p class="description">Oltre Mare Bastoncini di Surimi 1 kg</p>
        <p class="right price"><b>7.05 €</b></p>
        <p class="right unitPrice">7.05 € per kg</p>
    </div>
    <div class="contButton">
    <a class="button bgRed white addToCart" href="#">Add</a>
</div>
</div><div class="left product prod23"
        data-name="Gambero Argentino L2 Bordo 2Kg"
        data-price="26.50"
        data-id="6003"
        data-available="yes"
        data-category="4629"
        data-bestselling="">
    <a href="../gambero-argentino-l2-bordo-2kg.html">
        <div style="background-image: url('../../cdn.spesati.com/images/products/000505946/arbumasa-gambero-argentino-crudo-congelato-a-bordo-2-kg-01.png')">
            <div class="hover"></div>
            
            <div class="stickers"></div>
        </div>
    </a>
    <div>
        <h4><a href="../gambero-argentino-l2-bordo-2kg.html"><b>Gambero Argentino L2 Bordo 2Kg</b></a></h4>
        <p class="description">Arbumasa Gambero Argentino Crudo Congelato a Bordo 2 Kg</p>
        <p class="right price"><b>26.50 €</b></p>
        <p class="right unitPrice">13.26 € per kg</p>
    </div>
    <div class="contButton">
    <a class="button bgRed white addToCart" href="#">Add</a>
</div>
</div><div class="left product prod24"
        data-name="Findus Filet Plates Impan 250g"
        data-price="6.49"
        data-id="63759"
        data-available="yes"
        data-category="4629"
        data-bestselling="">
    <a href="../findus-filet-plates-impan-250g.html">
        <div style="background-image: url('../../cdn.spesati.com/images/products/000504975/capitan-findus-filetti-di-platessa-impanati-250-g-01.png')">
            <div class="hover"></div>
            
            <div class="stickers"></div>
        </div>
    </a>
    <div>
        <h4><a href="../findus-filet-plates-impan-250g.html"><b>Findus Filet Plates Impan 250g</b></a></h4>
        <p class="description">Capitan Findus Filetti di Platessa Impanati 250 g</p>
        <p class="right price"><b>6.49 €</b></p>
        <p class="right unitPrice">25.96 € per kg</p>
    </div>
    <div class="contButton">
    <a class="button bgRed white addToCart" href="#">Add</a>
</div>
</div><div class="left product prod25"
        data-name="Esca Voglia Gamberi 400Gr"
        data-price="6.15"
        data-id="6724"
        data-available="yes"
        data-category="4629"
        data-bestselling="">
    <a href="../esca-voglia-gamberi-400gr.html">
        <div style="background-image: url('../../cdn.spesati.com/images/products/000504869/esca-condipresto-sugo-pronto-ai-gamberi-400-g-01.png')">
            <div class="hover"></div>
            
            <div class="stickers"></div>
        </div>
    </a>
    <div>
        <h4><a href="../esca-voglia-gamberi-400gr.html"><b>Esca Voglia Gamberi 400Gr</b></a></h4>
        <p class="description">Esca Condipresto Sugo Pronto ai Gamberi 400 g</p>
        <p class="right price"><b>6.15 €</b></p>
        <p class="right unitPrice">15.38 € per kg</p>
    </div>
    <div class="contButton">
    <a class="button bgRed white addToCart" href="#">Add</a>
</div>
</div><div class="left product prod26"
        data-name="Esca Pronto Scoglio Pomodoro 450Gr"
        data-price="6.15"
        data-id="6723"
        data-available="yes"
        data-category="4629"
        data-bestselling="">
    <a href="../esca-pronto-scoglio-pomodoro-450gr.html">
        <div style="background-image: url('../../cdn.spesati.com/images/products/000504868/esca-condipresto-sugo-pronto-allo-scoglio-con-pomodoro-450-g-01.png')">
            <div class="hover"></div>
            
            <div class="stickers"></div>
        </div>
    </a>
    <div>
        <h4><a href="../esca-pronto-scoglio-pomodoro-450gr.html"><b>Esca Pronto Scoglio Pomodoro 450Gr</b></a></h4>
        <p class="description">Esca Condipresto Sugo Pronto allo Scoglio con Pomodoro 450 g</p>
        <p class="right price"><b>6.15 €</b></p>
        <p class="right unitPrice">13.66 € per kg</p>
    </div>
    <div class="contButton">
    <a class="button bgRed white addToCart" href="#">Add</a>
</div>
</div><div class="left product prod27"
        data-name="Esca Super Pronto Risotto 450Gr"
        data-price="6.15"
        data-id="6722"
        data-available="yes"
        data-category="4629"
        data-bestselling="">
    <a href="../esca-super-pronto-risotto-450gr.html">
        <div style="background-image: url('../../cdn.spesati.com/images/products/000504867/esca-condipresto-sugo-pronto-per-risotto-e-spaghetti-450-g-01.png')">
            <div class="hover"></div>
            
            <div class="stickers"></div>
        </div>
    </a>
    <div>
        <h4><a href="../esca-super-pronto-risotto-450gr.html"><b>Esca Super Pronto Risotto 450Gr</b></a></h4>
        <p class="description">Esca Condipresto Sugo Pronto per Risotto e Spaghetti 450 g</p>
        <p class="right price"><b>6.15 €</b></p>
        <p class="right unitPrice">13.66 € per kg</p>
    </div>
    <div class="contButton">
    <a class="button bgRed white addToCart" href="#">Add</a>
</div>
</div><div class="left product prod28"
        data-name="Filetti Merluzzo Findus 360gr"
        data-price="10.50"
        data-id="62973"
        data-available="yes"
        data-category="4629"
        data-bestselling="">
    <a href="../filetti-merluzzo-findus-360gr.html">
        <div style="background-image: url('../../cdn.spesati.com/images/products/000437845/capitan-findus-filetti-di-merluzzo-360-g-01.png')">
            <div class="hover"></div>
            
            <div class="stickers"></div>
        </div>
    </a>
    <div>
        <h4><a href="../filetti-merluzzo-findus-360gr.html"><b>Filetti Merluzzo Findus 360gr</b></a></h4>
        <p class="description">Capitan Findus Filetti di Merluzzo 360 g</p>
        <p class="right price"><b>10.50 €</b></p>
        <p class="right unitPrice">29.16 € per kg</p>
    </div>
    <div class="contButton">
    <a class="button bgRed white addToCart" href="#">Add</a>
</div>
</div><div class="left product prod29"
        data-name="Bastoncini Findus 18.pz 450gr"
        data-price="5.99"
        data-id="62970"
        data-available="yes"
        data-category="4629"
        data-bestselling="2">
    <a href="../bastoncini-findus-18pz-450gr.html">
        <div style="background-image: url('../../cdn.spesati.com/images/products/000437844/capitan-findus-18-bastoncini-di-merluzzo-450-g-01.png')">
            <div class="hover"></div>
            <p class="arrow bgRed white">Best Seller</p>
            <div class="stickers"></div>
        </div>
    </a>
    <div>
        <h4><a href="../bastoncini-findus-18pz-450gr.html"><b>Bastoncini Findus 18.pz 450gr</b></a></h4>
        <p class="description">Capitan Findus 18 Bastoncini di Merluzzo 450 g</p>
        <p class="right price"><b>5.99 €</b></p>
        <p class="right unitPrice">13.31 € per kg</p>
    </div>
    <div class="contButton">
    <a class="button bgRed white addToCart" href="#">Add</a>
</div>
</div><div class="left product prod30"
        data-name="Findus Croccole Spinaci 2p 200"
        data-price="3.95"
        data-id="88008"
        data-available="yes"
        data-category="4629"
        data-bestselling="1">
    <a href="../findus-croccole-spinaci-2p-200.html">
        <div style="background-image: url('../../cdn.spesati.com/images/products/000433327/capitan-findus-2-croccole-agli-spinaci-con-100-filetti-di-merluzzo-200-g-01.png')">
            <div class="hover"></div>
            <p class="arrow bgRed white">Best Seller</p>
            <div class="stickers"></div>
        </div>
    </a>
    <div>
        <h4><a href="../findus-croccole-spinaci-2p-200.html"><b>Findus Croccole Spinaci 2p 200</b></a></h4>
        <p class="description">Capitan Findus 2 Croccole agli Spinaci con 100% Filetti di Merluzzo 200 g</p>
        <p class="right price"><b>3.95 €</b></p>
        <p class="right unitPrice">19.76 € per kg</p>
    </div>
    <div class="contButton">
    <a class="button bgRed white addToCart" href="#">Add</a>
</div>
</div><div class="left product prod31"
        data-name="Findus Croccole Class 2p 216gr"
        data-price="3.95"
        data-id="88005"
        data-available="yes"
        data-category="4629"
        data-bestselling="1">
    <a href="../findus-croccole-class-2p-216gr.html">
        <div style="background-image: url('../../cdn.spesati.com/images/products/000433326/capitan-findus-2-croccole-con-100-filetti-di-merluzzo-le-originali-216-g-01.png')">
            <div class="hover"></div>
            <p class="arrow bgRed white">Best Seller</p>
            <div class="stickers"></div>
        </div>
    </a>
    <div>
        <h4><a href="../findus-croccole-class-2p-216gr.html"><b>Findus Croccole Class 2p 216gr</b></a></h4>
        <p class="description">Capitan Findus 2 Croccole con 100% Filetti di Merluzzo - Le originali 216 g</p>
        <p class="right price"><b>3.95 €</b></p>
        <p class="right unitPrice">17.95 € per kg</p>
    </div>
    <div class="contButton">
    <a class="button bgRed white addToCart" href="#">Add</a>
</div>
</div><div class="left product prod32"
        data-name="Frosta Bastoncini Mer 10pz 300"
        data-price="5.59"
        data-id="81239"
        data-available="yes"
        data-category="4629"
        data-bestselling="">
    <a href="../frosta-bastoncini-mer-10pz-300.html">
        <div style="background-image: url('../../cdn.spesati.com/images/products/000433165/frosta-10-bastoncini-di-filetti-di-merluzzo-300-g-01.png')">
            <div class="hover"></div>
            
            <div class="stickers"></div>
        </div>
    </a>
    <div>
        <h4><a href="../frosta-bastoncini-mer-10pz-300.html"><b>Frosta Bastoncini Mer 10pz 300</b></a></h4>
        <p class="description">Frosta 10 Bastoncini di Filetti di Merluzzo 300 g</p>
        <p class="right price"><b>5.59 €</b></p>
        <p class="right unitPrice">18.63 € per kg</p>
    </div>
    <div class="contButton">
    <a class="button bgRed white addToCart" href="#">Add</a>
</div>
</div><div class="left product prod33"
        data-name="Findus 4fiori Di Merluzz 300gr"
        data-price="9.55"
        data-id="64734"
        data-available="yes"
        data-category="4629"
        data-bestselling="">
    <a href="../findus-4fiori-di-merluzz-300gr.html">
        <div style="background-image: url('../../cdn.spesati.com/images/products/000433059/capitan-findus-4-fiori-di-merluzzo-300-g-01.png')">
            <div class="hover"></div>
            
            <div class="stickers"></div>
        </div>
    </a>
    <div>
        <h4><a href="../findus-4fiori-di-merluzz-300gr.html"><b>Findus 4fiori Di Merluzz 300gr</b></a></h4>
        <p class="description">Capitan Findus 4 Fiori di Merluzzo 300 g</p>
        <p class="right price"><b>9.55 €</b></p>
        <p class="right unitPrice">31.83 € per kg</p>
    </div>
    <div class="contButton">
    <a class="button bgRed white addToCart" href="#">Add</a>
</div>
</div><div class="left product prod34"
        data-name="Polpo Gelo Indonesia 1000-2000"
        data-price="21.85"
        data-id="34202"
        data-available="yes"
        data-category="4629"
        data-bestselling="">
    <a href="../polpo-gelo-indonesia-1000-2000.html">
        <div style="background-image: url('../../cdn.spesati.com/images/products/missing-image/missing-image.jpg')">
            <div class="hover"></div>
            
            <div class="stickers"></div>
        </div>
    </a>
    <div>
        <h4><a href="../polpo-gelo-indonesia-1000-2000.html"><b>Polpo Gelo Indonesia 1000-2000</b></a></h4>
        <p class="description">medium weight 1 Kg</p>
        <p class="right price"><b>21.85 €</b></p>
        <p class="right unitPrice">21.85 € per kg</p>
    </div>
    <div class="contButton">
    <a class="button bgRed white addToCart" href="#">Add</a>
</div>
</div><div class="left product prod35"
        data-name="Coda Rospo S.a 250-500 Iwp Pn"
        data-price="21.72"
        data-id="34231"
        data-available="yes"
        data-category="4629"
        data-bestselling="">
    <a href="../coda-rospo-sa-250-500-iwp-pn.html">
        <div style="background-image: url('../../cdn.spesati.com/images/products/missing-image/missing-image.jpg')">
            <div class="hover"></div>
            
            <div class="stickers"></div>
        </div>
    </a>
    <div>
        <h4><a href="../coda-rospo-sa-250-500-iwp-pn.html"><b>Coda Rospo S.a 250-500 Iwp Pn</b></a></h4>
        <p class="description">medium weight 1 Kg</p>
        <p class="right price"><b>21.72 €</b></p>
        <p class="right unitPrice">21.71 € per kg</p>
    </div>
    <div class="contButton">
    <a class="button bgRed white addToCart" href="#">Add</a>
</div>
</div><div class="left product prod36"
        data-name="Coda Gambero Sgusc Ecuad 36-40"
        data-price="21.13"
        data-id="34232"
        data-available="yes"
        data-category="4629"
        data-bestselling="">
    <a href="../coda-gambero-sgusc-ecuad-36-40.html">
        <div style="background-image: url('../../cdn.spesati.com/images/products/missing-image/missing-image.jpg')">
            <div class="hover"></div>
            
            <div class="stickers"></div>
        </div>
    </a>
    <div>
        <h4><a href="../coda-gambero-sgusc-ecuad-36-40.html"><b>Coda Gambero Sgusc Ecuad 36-40</b></a></h4>
        <p class="description">1 Kg</p>
        <p class="right price"><b>21.13 €</b></p>
        <p class="right unitPrice">21.13 € per kg</p>
    </div>
    <div class="contButton">
    <a class="button bgRed white addToCart" href="#">Add</a>
</div>
</div><div class="left product prod37"
        data-name="Coda Gambero Sgusc Ecuad 41-50"
        data-price="19.65"
        data-id="34233"
        data-available="yes"
        data-category="4629"
        data-bestselling="">
    <a href="../coda-gambero-sgusc-ecuad-41-50.html">
        <div style="background-image: url('../../cdn.spesati.com/images/products/missing-image/missing-image.jpg')">
            <div class="hover"></div>
            
            <div class="stickers"></div>
        </div>
    </a>
    <div>
        <h4><a href="../coda-gambero-sgusc-ecuad-41-50.html"><b>Coda Gambero Sgusc Ecuad 41-50</b></a></h4>
        <p class="description">1 Kg</p>
        <p class="right price"><b>19.65 €</b></p>
        <p class="right unitPrice">19.66 € per kg</p>
    </div>
    <div class="contButton">
    <a class="button bgRed white addToCart" href="#">Add</a>
</div>
</div><div class="left product prod38"
        data-name="Coda Gambero Sgusc Argent 1kg"
        data-price="27.96"
        data-id="34234"
        data-available="yes"
        data-category="4629"
        data-bestselling="">
    <a href="../coda-gambero-sgusc-argent-1kg.html">
        <div style="background-image: url('../../cdn.spesati.com/images/products/missing-image/missing-image.jpg')">
            <div class="hover"></div>
            
            <div class="stickers"></div>
        </div>
    </a>
    <div>
        <h4><a href="../coda-gambero-sgusc-argent-1kg.html"><b>Coda Gambero Sgusc Argent 1kg</b></a></h4>
        <p class="description">1 piece</p>
        <p class="right price"><b>27.96 €</b></p>
        <p class="right unitPrice">27.96 € per piece</p>
    </div>
    <div class="contButton">
    <a class="button bgRed white addToCart" href="#">Add</a>
</div>
</div><div class="left product prod39"
        data-name="Cannolicchi Gelo Gr.900 P.nett"
        data-price="12.85"
        data-id="34240"
        data-available="yes"
        data-category="4629"
        data-bestselling="">
    <a href="../cannolicchi-gelo-gr900-pnett.html">
        <div style="background-image: url('../../cdn.spesati.com/images/products/missing-image/missing-image.jpg')">
            <div class="hover"></div>
            
            <div class="stickers"></div>
        </div>
    </a>
    <div>
        <h4><a href="../cannolicchi-gelo-gr900-pnett.html"><b>Cannolicchi Gelo Gr.900 P.nett</b></a></h4>
        <p class="description">1 Kg</p>
        <p class="right price"><b>12.85 €</b></p>
        <p class="right unitPrice">12.85 € per kg</p>
    </div>
    <div class="contButton">
    <a class="button bgRed white addToCart" href="#">Add</a>
</div>
</div><div class="left product prod40"
        data-name="Gamb Rosso Silver Conf 1k"
        data-price="106.54"
        data-id="34251"
        data-available="yes"
        data-category="4629"
        data-bestselling="">
    <a href="../gamb-rosso-silver-conf-1k.html">
        <div style="background-image: url('../../cdn.spesati.com/images/products/missing-image/missing-image.jpg')">
            <div class="hover"></div>
            
            <div class="stickers"></div>
        </div>
    </a>
    <div>
        <h4><a href="../gamb-rosso-silver-conf-1k.html"><b>Gamb Rosso Silver Conf 1k</b></a></h4>
        <p class="description">1 Kg</p>
        <p class="right price"><b>106.54 €</b></p>
        <p class="right unitPrice">106.55 € per kg</p>
    </div>
    <div class="contButton">
    <a class="button bgRed white addToCart" href="#">Add</a>
</div>
</div><div class="left product prod41"
        data-name="Calamaro Gelo S Africa Xl Iqf"
        data-price="220.72"
        data-id="34282"
        data-available="yes"
        data-category="4629"
        data-bestselling="">
    <a href="../calamaro-gelo-s-africa-xl-iqf.html">
        <div style="background-image: url('../../cdn.spesati.com/images/products/missing-image/missing-image.jpg')">
            <div class="hover"></div>
            
            <div class="stickers"></div>
        </div>
    </a>
    <div>
        <h4><a href="../calamaro-gelo-s-africa-xl-iqf.html"><b>Calamaro Gelo S Africa Xl Iqf</b></a></h4>
        <p class="description">medium weight  8 Kg</p>
        <p class="right price"><b>220.72 €</b></p>
        <p class="right unitPrice">27.59 € per kg</p>
    </div>
    <div class="contButton">
    <a class="button bgRed white addToCart" href="#">Add</a>
</div>
</div><div class="left product prod42"
        data-name="Tartare Gambero Rosso Gr 6x80"
        data-price="40.46"
        data-id="34290"
        data-available="yes"
        data-category="4629"
        data-bestselling="">
    <a href="../tartare-gambero-rosso-gr-6x80.html">
        <div style="background-image: url('../../cdn.spesati.com/images/products/missing-image/missing-image.jpg')">
            <div class="hover"></div>
            
            <div class="stickers"></div>
        </div>
    </a>
    <div>
        <h4><a href="../tartare-gambero-rosso-gr-6x80.html"><b>Tartare Gambero Rosso Gr 6x80</b></a></h4>
        <p class="description">1 Kg</p>
        <p class="right price"><b>40.46 €</b></p>
        <p class="right unitPrice">40.46 € per kg</p>
    </div>
    <div class="contButton">
    <a class="button bgRed white addToCart" href="#">Add</a>
</div>
</div><div class="left product prod43"
        data-name="Calamaro Gelo Sud Africa L Iqf"
        data-price="219.57"
        data-id="34291"
        data-available="yes"
        data-category="4629"
        data-bestselling="">
    <a href="../calamaro-gelo-sud-africa-l-iqf.html">
        <div style="background-image: url('../../cdn.spesati.com/images/products/missing-image/missing-image.jpg')">
            <div class="hover"></div>
            
            <div class="stickers"></div>
        </div>
    </a>
    <div>
        <h4><a href="../calamaro-gelo-sud-africa-l-iqf.html"><b>Calamaro Gelo Sud Africa L Iqf</b></a></h4>
        <p class="description">medium weight  8 Kg</p>
        <p class="right price"><b>219.57 €</b></p>
        <p class="right unitPrice">27.45 € per kg</p>
    </div>
    <div class="contButton">
    <a class="button bgRed white addToCart" href="#">Add</a>
</div>
</div><div class="left product prod44"
        data-name="Calamaro Gelo Marocco Iwp P"
        data-price="157.29"
        data-id="34300"
        data-available="yes"
        data-category="4629"
        data-bestselling="">
    <a href="../calamaro-gelo-marocco-iwp-p.html">
        <div style="background-image: url('../../cdn.spesati.com/images/products/missing-image/missing-image.jpg')">
            <div class="hover"></div>
            
            <div class="stickers"></div>
        </div>
    </a>
    <div>
        <h4><a href="../calamaro-gelo-marocco-iwp-p.html"><b>Calamaro Gelo Marocco Iwp P</b></a></h4>
        <p class="description">medium weight  6.5 Kg</p>
        <p class="right price"><b>157.29 €</b></p>
        <p class="right unitPrice">24.20 € per kg</p>
    </div>
    <div class="contButton">
    <a class="button bgRed white addToCart" href="#">Add</a>
</div>
</div><div class="left product prod45"
        data-name="Calamaro Patagonia C4ll 15-18"
        data-price="15.59"
        data-id="34303"
        data-available="yes"
        data-category="4629"
        data-bestselling="">
    <a href="../calamaro-patagonia-c4ll-15-18.html">
        <div style="background-image: url('../../cdn.spesati.com/images/products/missing-image/missing-image.jpg')">
            <div class="hover"></div>
            
            <div class="stickers"></div>
        </div>
    </a>
    <div>
        <h4><a href="../calamaro-patagonia-c4ll-15-18.html"><b>Calamaro Patagonia C4ll 15-18</b></a></h4>
        <p class="description">medium weight 1 Kg</p>
        <p class="right price"><b>15.59 €</b></p>
        <p class="right unitPrice">15.60 € per kg</p>
    </div>
    <div class="contButton">
    <a class="button bgRed white addToCart" href="#">Add</a>
</div>
</div><div class="left product prod46"
        data-name="Seppia Pulita Marocco U1 Iqf N"
        data-price="88.27"
        data-id="62094"
        data-available="yes"
        data-category="4629"
        data-bestselling="">
    <a href="../seppia-pulita-marocco-u1-iqf-n.html">
        <div style="background-image: url('../../cdn.spesati.com/images/products/missing-image/missing-image.jpg')">
            <div class="hover"></div>
            
            <div class="stickers"></div>
        </div>
    </a>
    <div>
        <h4><a href="../seppia-pulita-marocco-u1-iqf-n.html"><b>Seppia Pulita Marocco U1 Iqf N</b></a></h4>
        <p class="description">1 Kg</p>
        <p class="right price"><b>88.27 €</b></p>
        <p class="right unitPrice">14.71 € per kg</p>
    </div>
    <div class="contButton">
    <a class="button bgRed white addToCart" href="#">Add</a>
</div>
</div><div class="left product prod47"
        data-name="Calamari Sporchi U3 Gr 800 Net"
        data-price="16.00"
        data-id="66738"
        data-available="yes"
        data-category="4629"
        data-bestselling="">
    <a href="../calamari-sporchi-u3-gr-800-net.html">
        <div style="background-image: url('../../cdn.spesati.com/images/products/missing-image/missing-image.jpg')">
            <div class="hover"></div>
            
            <div class="stickers"></div>
        </div>
    </a>
    <div>
        <h4><a href="../calamari-sporchi-u3-gr-800-net.html"><b>Calamari Sporchi U3 Gr 800 Net</b></a></h4>
        <p class="description">0.8 Kg</p>
        <p class="right price"><b>16.00 €</b></p>
        <p class="right unitPrice">20.00 € per kg</p>
    </div>
    <div class="contButton">
    <a class="button bgRed white addToCart" href="#">Add</a>
</div>
</div><div class="left product prod48"
        data-name="Polpo Gelo Senegal T4"
        data-price="399.27"
        data-id="70497"
        data-available="yes"
        data-category="4629"
        data-bestselling="">
    <a href="../polpo-gelo-senegal-t4.html">
        <div style="background-image: url('../../cdn.spesati.com/images/products/missing-image/missing-image.jpg')">
            <div class="hover"></div>
            
            <div class="stickers"></div>
        </div>
    </a>
    <div>
        <h4><a href="../polpo-gelo-senegal-t4.html"><b>Polpo Gelo Senegal T4</b></a></h4>
        <p class="description">1 Kg</p>
        <p class="right price"><b>399.27 €</b></p>
        <p class="right unitPrice">30.71 € per kg</p>
    </div>
    <div class="contButton">
    <a class="button bgRed white addToCart" href="#">Add</a>
</div>
</div><div class="left product prod49"
        data-name="Polpo Gelo Senegal T5"
        data-price="394.48"
        data-id="70650"
        data-available="yes"
        data-category="4629"
        data-bestselling="">
    <a href="../polpo-gelo-senegal-t5.html">
        <div style="background-image: url('../../cdn.spesati.com/images/products/missing-image/missing-image.jpg')">
            <div class="hover"></div>
            
            <div class="stickers"></div>
        </div>
    </a>
    <div>
        <h4><a href="../polpo-gelo-senegal-t5.html"><b>Polpo Gelo Senegal T5</b></a></h4>
        <p class="description">1 Kg</p>
        <p class="right price"><b>394.48 €</b></p>
        <p class="right unitPrice">30.35 € per kg</p>
    </div>
    <div class="contButton">
    <a class="button bgRed white addToCart" href="#">Add</a>
</div>
</div><div class="left product prod50"
        data-name="Polpo Gelo Senegal T6"
        data-price="370.57"
        data-id="70738"
        data-available="yes"
        data-category="4629"
        data-bestselling="">
    <a href="../polpo-gelo-senegal-t6.html">
        <div style="background-image: url('../../cdn.spesati.com/images/products/missing-image/missing-image.jpg')">
            <div class="hover"></div>
            
            <div class="stickers"></div>
        </div>
    </a>
    <div>
        <h4><a href="../polpo-gelo-senegal-t6.html"><b>Polpo Gelo Senegal T6</b></a></h4>
        <p class="description">1 Kg</p>
        <p class="right price"><b>370.57 €</b></p>
        <p class="right unitPrice">28.50 € per kg</p>
    </div>
    <div class="contButton">
    <a class="button bgRed white addToCart" href="#">Add</a>
</div>
</div><div class="left product prod51"
        data-name="Astice Cotto Tubo 325gr"
        data-price="15.92"
        data-id="77465"
        data-available="yes"
        data-category="4629"
        data-bestselling="">
    <a href="../astice-cotto-tubo-325gr.html">
        <div style="background-image: url('../../cdn.spesati.com/images/products/missing-image/missing-image.jpg')">
            <div class="hover"></div>
            
            <div class="stickers"></div>
        </div>
    </a>
    <div>
        <h4><a href="../astice-cotto-tubo-325gr.html"><b>Astice Cotto Tubo 325gr</b></a></h4>
        <p class="description">0.33 Kg</p>
        <p class="right price"><b>15.92 €</b></p>
        <p class="right unitPrice">48.25 € per kg</p>
    </div>
    <div class="contButton">
    <a class="button bgRed white addToCart" href="#">Add</a>
</div>
</div><div class="left product prod52"
        data-name="Gamberi Cocktail 300-500 900gr"
        data-price="24.08"
        data-id="27040"
        data-available="yes"
        data-category="4629"
        data-bestselling="">
    <a href="../gamberi-cocktail-300-500-900gr.html">
        <div style="background-image: url('../../cdn.spesati.com/images/products/missing-image/missing-image.jpg')">
            <div class="hover"></div>
            
            <div class="stickers"></div>
        </div>
    </a>
    <div>
        <h4><a href="../gamberi-cocktail-300-500-900gr.html"><b>Gamberi Cocktail 300-500 900gr</b></a></h4>
        <p class="description">0.9 Kg</p>
        <p class="right price"><b>24.08 €</b></p>
        <p class="right unitPrice">26.75 € per kg</p>
    </div>
    <div class="contButton">
    <a class="button bgRed white addToCart" href="#">Add</a>
</div>
</div><div class="left product prod53"
        data-name="Bastoncini Pp Merluzzo 30pz"
        data-price="3.99"
        data-id="87305"
        data-available="yes"
        data-category="4629"
        data-bestselling="">
    <a href="../bastoncini-pp-merluzzo-30pz.html">
        <div style="background-image: url('../../cdn.spesati.com/images/products/missing-image/missing-image.jpg')">
            <div class="hover"></div>
            
            <div class="stickers"></div>
        </div>
    </a>
    <div>
        <h4><a href="../bastoncini-pp-merluzzo-30pz.html"><b>Bastoncini Pp Merluzzo 30pz</b></a></h4>
        <p class="description">0.9 Kg</p>
        <p class="right price"><b>3.99 €</b></p>
        <p class="right unitPrice">4.43 € per kg</p>
    </div>
    <div class="contButton">
    <a class="button bgRed white addToCart" href="#">Add</a>
</div>
</div><div class="left product prod54"
        data-name="Fette Di Spada Marfrio 1kg"
        data-price="11.29"
        data-id="33974"
        data-available="yes"
        data-category="4629"
        data-bestselling="">
    <a href="../fette-di-spada-marfrio-1kg.html">
        <div style="background-image: url('../../cdn.spesati.com/images/products/missing-image/missing-image.jpg')">
            <div class="hover"></div>
            
            <div class="stickers"></div>
        </div>
    </a>
    <div>
        <h4><a href="../fette-di-spada-marfrio-1kg.html"><b>Fette Di Spada Marfrio 1kg</b></a></h4>
        <p class="description">1 Kg</p>
        <p class="right price"><b>11.29 €</b></p>
        <p class="right unitPrice">11.30 € per kg</p>
    </div>
    <div class="contButton">
    <a class="button bgRed white addToCart" href="#">Add</a>
</div>
</div><div class="left product prod55"
        data-name="Calamari Anelli E Ciuffi 1kg"
        data-price="15.67"
        data-id="33975"
        data-available="yes"
        data-category="4629"
        data-bestselling="">
    <a href="../calamari-anelli-e-ciuffi-1kg.html">
        <div style="background-image: url('../../cdn.spesati.com/images/products/missing-image/missing-image.jpg')">
            <div class="hover"></div>
            
            <div class="stickers"></div>
        </div>
    </a>
    <div>
        <h4><a href="../calamari-anelli-e-ciuffi-1kg.html"><b>Calamari Anelli E Ciuffi 1kg</b></a></h4>
        <p class="description">1 Kg</p>
        <p class="right price"><b>15.67 €</b></p>
        <p class="right unitPrice">15.68 € per kg</p>
    </div>
    <div class="contButton">
    <a class="button bgRed white addToCart" href="#">Add</a>
</div>
</div><div class="left product prod56"
        data-name="Polpetti Puliti 20-40 Gr.800 N"
        data-price="10.90"
        data-id="33976"
        data-available="yes"
        data-category="4629"
        data-bestselling="">
    <a href="../polpetti-puliti-20-40-gr800-n.html">
        <div style="background-image: url('../../cdn.spesati.com/images/products/missing-image/missing-image.jpg')">
            <div class="hover"></div>
            
            <div class="stickers"></div>
        </div>
    </a>
    <div>
        <h4><a href="../polpetti-puliti-20-40-gr800-n.html"><b>Polpetti Puliti 20-40 Gr.800 N</b></a></h4>
        <p class="description">1 Kg</p>
        <p class="right price"><b>10.90 €</b></p>
        <p class="right unitPrice">10.90 € per kg</p>
    </div>
    <div class="contButton">
    <a class="button bgRed white addToCart" href="#">Add</a>
</div>
</div><div class="left product prod57"
        data-name="Seppioline 20-40 1kg"
        data-price="14.11"
        data-id="33977"
        data-available="yes"
        data-category="4629"
        data-bestselling="">
    <a href="../seppioline-20-40-1kg.html">
        <div style="background-image: url('../../cdn.spesati.com/images/products/missing-image/missing-image.jpg')">
            <div class="hover"></div>
            
            <div class="stickers"></div>
        </div>
    </a>
    <div>
        <h4><a href="../seppioline-20-40-1kg.html"><b>Seppioline 20-40 1kg</b></a></h4>
        <p class="description">1 Kg</p>
        <p class="right price"><b>14.11 €</b></p>
        <p class="right unitPrice">14.10 € per kg</p>
    </div>
    <div class="contButton">
    <a class="button bgRed white addToCart" href="#">Add</a>
</div>
</div><div class="left product prod58"
        data-name="Cappesante Polpa 1kg"
        data-price="32.44"
        data-id="34061"
        data-available="yes"
        data-category="4629"
        data-bestselling="">
    <a href="../cappesante-polpa-1kg.html">
        <div style="background-image: url('../../cdn.spesati.com/images/products/missing-image/missing-image.jpg')">
            <div class="hover"></div>
            
            <div class="stickers"></div>
        </div>
    </a>
    <div>
        <h4><a href="../cappesante-polpa-1kg.html"><b>Cappesante Polpa 1kg</b></a></h4>
        <p class="description">1 Kg</p>
        <p class="right price"><b>32.44 €</b></p>
        <p class="right unitPrice">32.44 € per kg</p>
    </div>
    <div class="contButton">
    <a class="button bgRed white addToCart" href="#">Add</a>
</div>
</div><div class="left product prod59"
        data-name="Scampi Cong 13-16 1kg 25%glas"
        data-price="24.85"
        data-id="34064"
        data-available="yes"
        data-category="4629"
        data-bestselling="">
    <a href="../scampi-cong-13-16-1kg-25glas.html">
        <div style="background-image: url('../../cdn.spesati.com/images/products/missing-image/missing-image.jpg')">
            <div class="hover"></div>
            
            <div class="stickers"></div>
        </div>
    </a>
    <div>
        <h4><a href="../scampi-cong-13-16-1kg-25glas.html"><b>Scampi Cong 13-16 1kg 25%glas</b></a></h4>
        <p class="description">1 Kg</p>
        <p class="right price"><b>24.85 €</b></p>
        <p class="right unitPrice">24.85 € per kg</p>
    </div>
    <div class="contButton">
    <a class="button bgRed white addToCart" href="#">Add</a>
</div>
</div><div class="left product prod60"
        data-name="Scampi Cong 21-30 1kg 25%glass"
        data-price="16.72"
        data-id="34065"
        data-available="yes"
        data-category="4629"
        data-bestselling="">
    <a href="../scampi-cong-21-30-1kg-25glass.html">
        <div style="background-image: url('../../cdn.spesati.com/images/products/missing-image/missing-image.jpg')">
            <div class="hover"></div>
            
            <div class="stickers"></div>
        </div>
    </a>
    <div>
        <h4><a href="../scampi-cong-21-30-1kg-25glass.html"><b>Scampi Cong 21-30 1kg 25%glass</b></a></h4>
        <p class="description">1 Kg</p>
        <p class="right price"><b>16.72 €</b></p>
        <p class="right unitPrice">16.72 € per kg</p>
    </div>
    <div class="contButton">
    <a class="button bgRed white addToCart" href="#">Add</a>
</div>
</div><div class="left product prod61"
        data-name="Scampi Cong 31-40 1kg 25%glass"
        data-price="12.90"
        data-id="34100"
        data-available="yes"
        data-category="4629"
        data-bestselling="">
    <a href="../scampi-cong-31-40-1kg-25glass.html">
        <div style="background-image: url('../../cdn.spesati.com/images/products/missing-image/missing-image.jpg')">
            <div class="hover"></div>
            
            <div class="stickers"></div>
        </div>
    </a>
    <div>
        <h4><a href="../scampi-cong-31-40-1kg-25glass.html"><b>Scampi Cong 31-40 1kg 25%glass</b></a></h4>
        <p class="description">1 Kg</p>
        <p class="right price"><b>12.90 €</b></p>
        <p class="right unitPrice">12.90 € per kg</p>
    </div>
    <div class="contButton">
    <a class="button bgRed white addToCart" href="#">Add</a>
</div>
</div><div class="left product prod62"
        data-name="Calamaro Gelo Sud Africa L"
        data-price="350.69"
        data-id="34108"
        data-available="yes"
        data-category="4629"
        data-bestselling="">
    <a href="../calamaro-gelo-sud-africa-l.html">
        <div style="background-image: url('../../cdn.spesati.com/images/products/missing-image/missing-image.jpg')">
            <div class="hover"></div>
            
            <div class="stickers"></div>
        </div>
    </a>
    <div>
        <h4><a href="../calamaro-gelo-sud-africa-l.html"><b>Calamaro Gelo Sud Africa L</b></a></h4>
        <p class="description">1 Kg</p>
        <p class="right price"><b>350.69 €</b></p>
        <p class="right unitPrice">26.97 € per kg</p>
    </div>
    <div class="contButton">
    <a class="button bgRed white addToCart" href="#">Add</a>
</div>
</div><div class="left product prod63"
        data-name="Calamaro Gelo Sud Africa M"
        data-price="282.69"
        data-id="34109"
        data-available="yes"
        data-category="4629"
        data-bestselling="">
    <a href="../calamaro-gelo-sud-africa-m.html">
        <div style="background-image: url('../../cdn.spesati.com/images/products/missing-image/missing-image.jpg')">
            <div class="hover"></div>
            
            <div class="stickers"></div>
        </div>
    </a>
    <div>
        <h4><a href="../calamaro-gelo-sud-africa-m.html"><b>Calamaro Gelo Sud Africa M</b></a></h4>
        <p class="description">1 Kg</p>
        <p class="right price"><b>282.69 €</b></p>
        <p class="right unitPrice">21.75 € per kg</p>
    </div>
    <div class="contButton">
    <a class="button bgRed white addToCart" href="#">Add</a>
</div>
</div><div class="left product prod64"
        data-name="Calamaro Gelo Sud Africa Xl"
        data-price="305.92"
        data-id="34110"
        data-available="yes"
        data-category="4629"
        data-bestselling="">
    <a href="../calamaro-gelo-sud-africa-xl.html">
        <div style="background-image: url('../../cdn.spesati.com/images/products/missing-image/missing-image.jpg')">
            <div class="hover"></div>
            
            <div class="stickers"></div>
        </div>
    </a>
    <div>
        <h4><a href="../calamaro-gelo-sud-africa-xl.html"><b>Calamaro Gelo Sud Africa Xl</b></a></h4>
        <p class="description">1 Kg</p>
        <p class="right price"><b>305.92 €</b></p>
        <p class="right unitPrice">23.53 € per kg</p>
    </div>
    <div class="contButton">
    <a class="button bgRed white addToCart" href="#">Add</a>
</div>
</div><div class="left product prod65"
        data-name="Coda Gambero C1 Argentina"
        data-price="26.83"
        data-id="34111"
        data-available="yes"
        data-category="4629"
        data-bestselling="">
    <a href="../coda-gambero-c1-argentina.html">
        <div style="background-image: url('../../cdn.spesati.com/images/products/missing-image/missing-image.jpg')">
            <div class="hover"></div>
            
            <div class="stickers"></div>
        </div>
    </a>
    <div>
        <h4><a href="../coda-gambero-c1-argentina.html"><b>Coda Gambero C1 Argentina</b></a></h4>
        <p class="description">medium weight 1 Kg</p>
        <p class="right price"><b>26.83 €</b></p>
        <p class="right unitPrice">26.83 € per kg</p>
    </div>
    <div class="contButton">
    <a class="button bgRed white addToCart" href="#">Add</a>
</div>
</div><div class="left product prod66"
        data-name="Coda Gambero C2 Argentina Kg2"
        data-price="51.50"
        data-id="34112"
        data-available="yes"
        data-category="4629"
        data-bestselling="">
    <a href="../coda-gambero-c2-argentina-kg2.html">
        <div style="background-image: url('../../cdn.spesati.com/images/products/missing-image/missing-image.jpg')">
            <div class="hover"></div>
            
            <div class="stickers"></div>
        </div>
    </a>
    <div>
        <h4><a href="../coda-gambero-c2-argentina-kg2.html"><b>Coda Gambero C2 Argentina Kg2</b></a></h4>
        <p class="description">medium weight 2 Kg</p>
        <p class="right price"><b>51.50 €</b></p>
        <p class="right unitPrice">25.75 € per kg</p>
    </div>
    <div class="contButton">
    <a class="button bgRed white addToCart" href="#">Add</a>
</div>
</div><div class="left product prod67"
        data-name="Polpo Gelo Marocco T4"
        data-price="303.09"
        data-id="34119"
        data-available="yes"
        data-category="4629"
        data-bestselling="">
    <a href="../polpo-gelo-marocco-t4.html">
        <div style="background-image: url('../../cdn.spesati.com/images/products/missing-image/missing-image.jpg')">
            <div class="hover"></div>
            
            <div class="stickers"></div>
        </div>
    </a>
    <div>
        <h4><a href="../polpo-gelo-marocco-t4.html"><b>Polpo Gelo Marocco T4</b></a></h4>
        <p class="description">1 Kg</p>
        <p class="right price"><b>303.09 €</b></p>
        <p class="right unitPrice">25.26 € per kg</p>
    </div>
    <div class="contButton">
    <a class="button bgRed white addToCart" href="#">Add</a>
</div>
</div><div class="left product prod68"
        data-name="Polpo Gelo Marocco T5"
        data-price="299.46"
        data-id="34120"
        data-available="yes"
        data-category="4629"
        data-bestselling="">
    <a href="../polpo-gelo-marocco-t5.html">
        <div style="background-image: url('../../cdn.spesati.com/images/products/missing-image/missing-image.jpg')">
            <div class="hover"></div>
            
            <div class="stickers"></div>
        </div>
    </a>
    <div>
        <h4><a href="../polpo-gelo-marocco-t5.html"><b>Polpo Gelo Marocco T5</b></a></h4>
        <p class="description">1 Kg</p>
        <p class="right price"><b>299.46 €</b></p>
        <p class="right unitPrice">24.96 € per kg</p>
    </div>
    <div class="contButton">
    <a class="button bgRed white addToCart" href="#">Add</a>
</div>
</div><div class="left product prod69"
        data-name="Scampi Congelati 4-7 25%glas"
        data-price="36.76"
        data-id="34121"
        data-available="yes"
        data-category="4629"
        data-bestselling="">
    <a href="../scampi-congelati-4-7-25glas.html">
        <div style="background-image: url('../../cdn.spesati.com/images/products/missing-image/missing-image.jpg')">
            <div class="hover"></div>
            
            <div class="stickers"></div>
        </div>
    </a>
    <div>
        <h4><a href="../scampi-congelati-4-7-25glas.html"><b>Scampi Congelati 4-7 25%glas</b></a></h4>
        <p class="description">1 Kg</p>
        <p class="right price"><b>36.76 €</b></p>
        <p class="right unitPrice">36.76 € per kg</p>
    </div>
    <div class="contButton">
    <a class="button bgRed white addToCart" href="#">Add</a>
</div>
</div><div class="left product prod70"
        data-name="Scampi Danimarca 8-12 700gr"
        data-price="27.94"
        data-id="34122"
        data-available="yes"
        data-category="4629"
        data-bestselling="">
    <a href="../scampi-danimarca-8-12-700gr.html">
        <div style="background-image: url('../../cdn.spesati.com/images/products/missing-image/missing-image.jpg')">
            <div class="hover"></div>
            
            <div class="stickers"></div>
        </div>
    </a>
    <div>
        <h4><a href="../scampi-danimarca-8-12-700gr.html"><b>Scampi Danimarca 8-12 700gr</b></a></h4>
        <p class="description">0.7 Kg</p>
        <p class="right price"><b>27.94 €</b></p>
        <p class="right unitPrice">39.92 € per kg</p>
    </div>
    <div class="contButton">
    <a class="button bgRed white addToCart" href="#">Add</a>
</div>
</div><div class="left product prod71"
        data-name="Scampi Cong 17-20 1kg 25%glas"
        data-price="23.87"
        data-id="34123"
        data-available="yes"
        data-category="4629"
        data-bestselling="">
    <a href="../scampi-cong-17-20-1kg-25glas.html">
        <div style="background-image: url('../../cdn.spesati.com/images/products/missing-image/missing-image.jpg')">
            <div class="hover"></div>
            
            <div class="stickers"></div>
        </div>
    </a>
    <div>
        <h4><a href="../scampi-cong-17-20-1kg-25glas.html"><b>Scampi Cong 17-20 1kg 25%glas</b></a></h4>
        <p class="description">medium weight 1 Kg</p>
        <p class="right price"><b>23.87 €</b></p>
        <p class="right unitPrice">23.87 € per kg</p>
    </div>
    <div class="contButton">
    <a class="button bgRed white addToCart" href="#">Add</a>
</div>
</div><div class="left product prod72"
        data-name="Gamberi Argentina L3 Surgelati"
        data-price="35.67"
        data-id="34124"
        data-available="yes"
        data-category="4629"
        data-bestselling="">
    <a href="../gamberi-argentina-l3-surgelati.html">
        <div style="background-image: url('../../cdn.spesati.com/images/products/missing-image/missing-image.jpg')">
            <div class="hover"></div>
            
            <div class="stickers"></div>
        </div>
    </a>
    <div>
        <h4><a href="../gamberi-argentina-l3-surgelati.html"><b>Gamberi Argentina L3 Surgelati</b></a></h4>
        <p class="description">medium weight 2 Kg</p>
        <p class="right price"><b>35.67 €</b></p>
        <p class="right unitPrice">17.83 € per kg</p>
    </div>
    <div class="contButton">
    <a class="button bgRed white addToCart" href="#">Add</a>
</div>
</div><div class="left product prod73"
        data-name="Seppia Pulita India U1 Iqf Pn"
        data-price="160.92"
        data-id="34125"
        data-available="yes"
        data-category="4629"
        data-bestselling="">
    <a href="../seppia-pulita-india-u1-iqf-pn.html">
        <div style="background-image: url('../../cdn.spesati.com/images/products/missing-image/missing-image.jpg')">
            <div class="hover"></div>
            
            <div class="stickers"></div>
        </div>
    </a>
    <div>
        <h4><a href="../seppia-pulita-india-u1-iqf-pn.html"><b>Seppia Pulita India U1 Iqf Pn</b></a></h4>
        <p class="description">medium weight  8 Kg</p>
        <p class="right price"><b>160.92 €</b></p>
        <p class="right unitPrice">20.12 € per kg</p>
    </div>
    <div class="contButton">
    <a class="button bgRed white addToCart" href="#">Add</a>
</div>
</div><div class="left product prod74"
        data-name="Gamberi Argentina L1 Surgelati"
        data-price="77.42"
        data-id="34130"
        data-available="yes"
        data-category="4629"
        data-bestselling="">
    <a href="../gamberi-argentina-l1-surgelati.html">
        <div style="background-image: url('../../cdn.spesati.com/images/products/missing-image/missing-image.jpg')">
            <div class="hover"></div>
            
            <div class="stickers"></div>
        </div>
    </a>
    <div>
        <h4><a href="../gamberi-argentina-l1-surgelati.html"><b>Gamberi Argentina L1 Surgelati</b></a></h4>
        <p class="description">medium weight 2 Kg</p>
        <p class="right price"><b>77.42 €</b></p>
        <p class="right unitPrice">38.71 € per kg</p>
    </div>
    <div class="contButton">
    <a class="button bgRed white addToCart" href="#">Add</a>
</div>
</div><div class="left product prod75"
        data-name="Gamberi Argentina L2 Surgelati"
        data-price="36.00"
        data-id="34131"
        data-available="yes"
        data-category="4629"
        data-bestselling="">
    <a href="../gamberi-argentina-l2-surgelati.html">
        <div style="background-image: url('../../cdn.spesati.com/images/products/missing-image/missing-image.jpg')">
            <div class="hover"></div>
            
            <div class="stickers"></div>
        </div>
    </a>
    <div>
        <h4><a href="../gamberi-argentina-l2-surgelati.html"><b>Gamberi Argentina L2 Surgelati</b></a></h4>
        <p class="description">medium weight 2 Kg</p>
        <p class="right price"><b>36.00 €</b></p>
        <p class="right unitPrice">18.00 € per kg</p>
    </div>
    <div class="contButton">
    <a class="button bgRed white addToCart" href="#">Add</a>
</div>
</div><div class="left product prod76"
        data-name="Calamaro Patagonia C4l 12-15"
        data-price="11.73"
        data-id="34141"
        data-available="yes"
        data-category="4629"
        data-bestselling="">
    <a href="../calamaro-patagonia-c4l-12-15.html">
        <div style="background-image: url('../../cdn.spesati.com/images/products/missing-image/missing-image.jpg')">
            <div class="hover"></div>
            
            <div class="stickers"></div>
        </div>
    </a>
    <div>
        <h4><a href="../calamaro-patagonia-c4l-12-15.html"><b>Calamaro Patagonia C4l 12-15</b></a></h4>
        <p class="description">medium weight 1 Kg</p>
        <p class="right price"><b>11.73 €</b></p>
        <p class="right unitPrice">11.74 € per kg</p>
    </div>
    <div class="contButton">
    <a class="button bgRed white addToCart" href="#">Add</a>
</div>
</div><div class="left product prod77"
        data-name="Seppia Iqf 10-20 1kg"
        data-price="13.94"
        data-id="34144"
        data-available="yes"
        data-category="4629"
        data-bestselling="">
    <a href="../seppia-iqf-10-20-1kg.html">
        <div style="background-image: url('../../cdn.spesati.com/images/products/missing-image/missing-image.jpg')">
            <div class="hover"></div>
            
            <div class="stickers"></div>
        </div>
    </a>
    <div>
        <h4><a href="../seppia-iqf-10-20-1kg.html"><b>Seppia Iqf 10-20 1kg</b></a></h4>
        <p class="description">1 Kg</p>
        <p class="right price"><b>13.94 €</b></p>
        <p class="right unitPrice">13.94 € per kg</p>
    </div>
    <div class="contButton">
    <a class="button bgRed white addToCart" href="#">Add</a>
</div>
</div><div class="left product prod78"
        data-name="Seppia Iqf 40-60 1kg"
        data-price="13.45"
        data-id="34145"
        data-available="yes"
        data-category="4629"
        data-bestselling="">
    <a href="../seppia-iqf-40-60-1kg.html">
        <div style="background-image: url('../../cdn.spesati.com/images/products/missing-image/missing-image.jpg')">
            <div class="hover"></div>
            
            <div class="stickers"></div>
        </div>
    </a>
    <div>
        <h4><a href="../seppia-iqf-40-60-1kg.html"><b>Seppia Iqf 40-60 1kg</b></a></h4>
        <p class="description">1 Kg</p>
        <p class="right price"><b>13.45 €</b></p>
        <p class="right unitPrice">13.45 € per kg</p>
    </div>
    <div class="contButton">
    <a class="button bgRed white addToCart" href="#">Add</a>
</div>
</div><div class="left product prod79"
        data-name="Seppia Iqf 60+ 1kg"
        data-price="13.45"
        data-id="34146"
        data-available="yes"
        data-category="4629"
        data-bestselling="">
    <a href="../seppia-iqf-60-1kg.html">
        <div style="background-image: url('../../cdn.spesati.com/images/products/missing-image/missing-image.jpg')">
            <div class="hover"></div>
            
            <div class="stickers"></div>
        </div>
    </a>
    <div>
        <h4><a href="../seppia-iqf-60-1kg.html"><b>Seppia Iqf 60+ 1kg</b></a></h4>
        <p class="description">1 Kg</p>
        <p class="right price"><b>13.45 €</b></p>
        <p class="right unitPrice">13.45 € per kg</p>
    </div>
    <div class="contButton">
    <a class="button bgRed white addToCart" href="#">Add</a>
</div>
</div><div class="left product prod80"
        data-name="Tonno Gelo P.gialla Filone Sv"
        data-price="23.28"
        data-id="34147"
        data-available="yes"
        data-category="4629"
        data-bestselling="">
    <a href="../tonno-gelo-pgialla-filone-sv.html">
        <div style="background-image: url('../../cdn.spesati.com/images/products/missing-image/missing-image.jpg')">
            <div class="hover"></div>
            
            <div class="stickers"></div>
        </div>
    </a>
    <div>
        <h4><a href="../tonno-gelo-pgialla-filone-sv.html"><b>Tonno Gelo P.gialla Filone Sv</b></a></h4>
        <p class="description">medium weight 1 Kg</p>
        <p class="right price"><b>23.28 €</b></p>
        <p class="right unitPrice">23.29 € per kg</p>
    </div>
    <div class="contButton">
    <a class="button bgRed white addToCart" href="#">Add</a>
</div>
</div><div class="left product prod81"
        data-name="Tonno Tranci 150-200 1kg"
        data-price="23.86"
        data-id="34148"
        data-available="yes"
        data-category="4629"
        data-bestselling="">
    <a href="../tonno-tranci-150-200-1kg.html">
        <div style="background-image: url('../../cdn.spesati.com/images/products/missing-image/missing-image.jpg')">
            <div class="hover"></div>
            
            <div class="stickers"></div>
        </div>
    </a>
    <div>
        <h4><a href="../tonno-tranci-150-200-1kg.html"><b>Tonno Tranci 150-200 1kg</b></a></h4>
        <p class="description">1 Kg</p>
        <p class="right price"><b>23.86 €</b></p>
        <p class="right unitPrice">23.86 € per kg</p>
    </div>
    <div class="contButton">
    <a class="button bgRed white addToCart" href="#">Add</a>
</div>
</div><div class="left product prod82"
        data-name="Pesce Spada Extra Filone S-v N"
        data-price="25.71"
        data-id="34149"
        data-available="yes"
        data-category="4629"
        data-bestselling="">
    <a href="../pesce-spada-extra-filone-s-v-n.html">
        <div style="background-image: url('../../cdn.spesati.com/images/products/missing-image/missing-image.jpg')">
            <div class="hover"></div>
            
            <div class="stickers"></div>
        </div>
    </a>
    <div>
        <h4><a href="../pesce-spada-extra-filone-s-v-n.html"><b>Pesce Spada Extra Filone S-v N</b></a></h4>
        <p class="description">medium weight 1 Kg</p>
        <p class="right price"><b>25.71 €</b></p>
        <p class="right unitPrice">25.71 € per kg</p>
    </div>
    <div class="contButton">
    <a class="button bgRed white addToCart" href="#">Add</a>
</div>
</div><div class="left product prod83"
        data-name="Coda Gambero Sgusc Ecuad 26-30"
        data-price="22.04"
        data-id="34151"
        data-available="yes"
        data-category="4629"
        data-bestselling="">
    <a href="../coda-gambero-sgusc-ecuad-26-30.html">
        <div style="background-image: url('../../cdn.spesati.com/images/products/missing-image/missing-image.jpg')">
            <div class="hover"></div>
            
            <div class="stickers"></div>
        </div>
    </a>
    <div>
        <h4><a href="../coda-gambero-sgusc-ecuad-26-30.html"><b>Coda Gambero Sgusc Ecuad 26-30</b></a></h4>
        <p class="description">1 Kg</p>
        <p class="right price"><b>22.04 €</b></p>
        <p class="right unitPrice">22.04 € per kg</p>
    </div>
    <div class="contButton">
    <a class="button bgRed white addToCart" href="#">Add</a>
</div>
</div><div class="left product prod84"
        data-name="Seppia Pulita India 1-2 Iqf"
        data-price="182.75"
        data-id="34152"
        data-available="yes"
        data-category="4629"
        data-bestselling="">
    <a href="../seppia-pulita-india-1-2-iqf.html">
        <div style="background-image: url('../../cdn.spesati.com/images/products/missing-image/missing-image.jpg')">
            <div class="hover"></div>
            
            <div class="stickers"></div>
        </div>
    </a>
    <div>
        <h4><a href="../seppia-pulita-india-1-2-iqf.html"><b>Seppia Pulita India 1-2 Iqf</b></a></h4>
        <p class="description">medium weight 2 Kg</p>
        <p class="right price"><b>182.75 €</b></p>
        <p class="right unitPrice">18.27 € per kg</p>
    </div>
    <div class="contButton">
    <a class="button bgRed white addToCart" href="#">Add</a>
</div>
</div><div class="left product prod85"
        data-name="Polpo Gelo Marocco T3"
        data-price="308.54"
        data-id="34163"
        data-available="yes"
        data-category="4629"
        data-bestselling="">
    <a href="../polpo-gelo-marocco-t3.html">
        <div style="background-image: url('../../cdn.spesati.com/images/products/missing-image/missing-image.jpg')">
            <div class="hover"></div>
            
            <div class="stickers"></div>
        </div>
    </a>
    <div>
        <h4><a href="../polpo-gelo-marocco-t3.html"><b>Polpo Gelo Marocco T3</b></a></h4>
        <p class="description">1 Kg</p>
        <p class="right price"><b>308.54 €</b></p>
        <p class="right unitPrice">25.71 € per kg</p>
    </div>
    <div class="contButton">
    <a class="button bgRed white addToCart" href="#">Add</a>
</div>
</div><div class="left product prod86"
        data-name="Tentacoli Di Totano A Fette 1k"
        data-price="11.50"
        data-id="34167"
        data-available="yes"
        data-category="4629"
        data-bestselling="">
    <a href="../tentacoli-di-totano-a-fette-1k.html">
        <div style="background-image: url('../../cdn.spesati.com/images/products/missing-image/missing-image.jpg')">
            <div class="hover"></div>
            
            <div class="stickers"></div>
        </div>
    </a>
    <div>
        <h4><a href="../tentacoli-di-totano-a-fette-1k.html"><b>Tentacoli Di Totano A Fette 1k</b></a></h4>
        <p class="description">1 Kg</p>
        <p class="right price"><b>11.50 €</b></p>
        <p class="right unitPrice">11.51 € per kg</p>
    </div>
    <div class="contButton">
    <a class="button bgRed white addToCart" href="#">Add</a>
</div>
</div><div class="left product prod87"
        data-name="Totano Sporco Argent. M 18-22"
        data-price="296.55"
        data-id="34183"
        data-available="yes"
        data-category="4629"
        data-bestselling="">
    <a href="../totano-sporco-argent-m-18-22.html">
        <div style="background-image: url('../../cdn.spesati.com/images/products/missing-image/missing-image.jpg')">
            <div class="hover"></div>
            
            <div class="stickers"></div>
        </div>
    </a>
    <div>
        <h4><a href="../totano-sporco-argent-m-18-22.html"><b>Totano Sporco Argent. M 18-22</b></a></h4>
        <p class="description">1 Kg</p>
        <p class="right price"><b>296.55 €</b></p>
        <p class="right unitPrice">26.96 € per kg</p>
    </div>
    <div class="contButton">
    <a class="button bgRed white addToCart" href="#">Add</a>
</div>
</div><div class="left product prod88"
        data-name="Filetti Di Alici Gelo Gr.900 N"
        data-price="14.11"
        data-id="34196"
        data-available="yes"
        data-category="4629"
        data-bestselling="">
    <a href="../filetti-di-alici-gelo-gr900-n.html">
        <div style="background-image: url('../../cdn.spesati.com/images/products/missing-image/missing-image.jpg')">
            <div class="hover"></div>
            
            <div class="stickers"></div>
        </div>
    </a>
    <div>
        <h4><a href="../filetti-di-alici-gelo-gr900-n.html"><b>Filetti Di Alici Gelo Gr.900 N</b></a></h4>
        <p class="description">0.9 Kg</p>
        <p class="right price"><b>14.11 €</b></p>
        <p class="right unitPrice">14.10 € per kg</p>
    </div>
    <div class="contButton">
    <a class="button bgRed white addToCart" href="#">Add</a>
</div>
</div><div class="left product prod89"
        data-name="Salmone Trancio Surgelato"
        data-price="6.98"
        data-id="2661"
        data-available="no"
        data-category="4629"
        data-bestselling="">
    <a href="../salmone-trancio-surgelato.html">
        <div style="background-image: url('../../cdn.spesati.com/images/products/pesce32/salmone-trancio.jpg')">
            <div class="hover"></div>
            
            <div class="stickers"></div>
        </div>
    </a>
    <div>
        <h4><a href="../salmone-trancio-surgelato.html"><b>Salmone Trancio Surgelato</b></a></h4>
        <p class="description">medium weight 0.250 Kg</p>
        <p class="right price"><b>6.98 €</b></p>
        <p class="right unitPrice">27.90 € per kg</p>
    </div>
    <div class="notAvailable">
    <a class="button bgDarkGrey white" href="../salmone-trancio-surgelato.html">Not available</a>
</div>
</div><div class="left product prod90"
        data-name="Calamaro Puntilla 3-5 1kg"
        data-price="12.54"
        data-id="34067"
        data-available="no"
        data-category="4629"
        data-bestselling="">
    <a href="../calamaro-puntilla-3-5-1kg.html">
        <div style="background-image: url('../../cdn.spesati.com/images/products/000508733/oltre-mare-calamari-del-pacifico-congelati-loligo-japonicus-1-kg-01.png')">
            <div class="hover"></div>
            
            <div class="stickers"></div>
        </div>
    </a>
    <div>
        <h4><a href="../calamaro-puntilla-3-5-1kg.html"><b>Calamaro Puntilla 3-5 1kg</b></a></h4>
        <p class="description">Oltre Mare Calamari del Pacifico congelati (Loligo Japonicus) 1 kg</p>
        <p class="right price"><b>12.54 €</b></p>
        <p class="right unitPrice">12.54 € per kg</p>
    </div>
    <div class="notAvailable">
    <a class="button bgDarkGrey white" href="../calamaro-puntilla-3-5-1kg.html">Not available</a>
</div>
</div><div class="left product prod91"
        data-name="Findus Filetti Platessa 300gr"
        data-price="7.75"
        data-id="34059"
        data-available="no"
        data-category="4629"
        data-bestselling="">
    <a href="../findus-filetti-platessa-300gr.html">
        <div style="background-image: url('../../cdn.spesati.com/images/products/000508001/capitan-findus-filetti-di-platessa-300-g-01.png')">
            <div class="hover"></div>
            
            <div class="stickers"></div>
        </div>
    </a>
    <div>
        <h4><a href="../findus-filetti-platessa-300gr.html"><b>Findus Filetti Platessa 300gr</b></a></h4>
        <p class="description">Capitan Findus Filetti di Platessa 300 g</p>
        <p class="right price"><b>7.75 €</b></p>
        <p class="right unitPrice">25.83 € per kg</p>
    </div>
    <div class="notAvailable">
    <a class="button bgDarkGrey white" href="../findus-filetti-platessa-300gr.html">Not available</a>
</div>
</div><div class="left product prod92"
        data-name="Orogel Gran Fritto Pastellato 450Gr"
        data-price="4.63"
        data-id="7049"
        data-available="no"
        data-category="4629"
        data-bestselling="">
    <a href="../orogel-gran-fritto-pastellato-450gr.html">
        <div style="background-image: url('../../cdn.spesati.com/images/products/000505214/orogel-gusto-ricco-gran-fritto-pastellato-surgelati-450-g-01.png')">
            <div class="hover"></div>
            
            <div class="stickers"></div>
        </div>
    </a>
    <div>
        <h4><a href="../orogel-gran-fritto-pastellato-450gr.html"><b>Orogel Gran Fritto Pastellato 450Gr</b></a></h4>
        <p class="description">Orogel Gusto Ricco Gran Fritto Pastellato Surgelati 450 g</p>
        <p class="right price"><b>4.63 €</b></p>
        <p class="right unitPrice">10.29 € per kg</p>
    </div>
    <div class="notAvailable">
    <a class="button bgDarkGrey white" href="../orogel-gran-fritto-pastellato-450gr.html">Not available</a>
</div>
</div><div class="left product prod93"
        data-name="Findus Croccole"
        data-price="5.59"
        data-id="4286"
        data-available="no"
        data-category="4629"
        data-bestselling="">
    <a href="../findus-croccole.html">
        <div style="background-image: url('../../cdn.spesati.com/images/products/000505166/capitan-findus-4-croccole-di-merluzzo-400-g-01.png')">
            <div class="hover"></div>
            
            <div class="stickers"></div>
        </div>
    </a>
    <div>
        <h4><a href="../findus-croccole.html"><b>Findus Croccole</b></a></h4>
        <p class="description">Capitan Findus 4 Croccole di Merluzzo 400 g</p>
        <p class="right price"><b>5.59 €</b></p>
        <p class="right unitPrice">13.98 € per kg</p>
    </div>
    <div class="notAvailable">
    <a class="button bgDarkGrey white" href="../findus-croccole.html">Not available</a>
</div>
</div><div class="left product prod94"
        data-name="Findus Croccole Vegetali 216gr"
        data-price="4.65"
        data-id="81836"
        data-available="no"
        data-category="4629"
        data-bestselling="">
    <a href="../findus-croccole-vegetali-216gr.html">
        <div style="background-image: url('../../cdn.spesati.com/images/products/000433180/findus-green-cuisine-2-croccole-vegetali-216-g-01.png')">
            <div class="hover"></div>
            
            <div class="stickers"></div>
        </div>
    </a>
    <div>
        <h4><a href="../findus-croccole-vegetali-216gr.html"><b>Findus Croccole Vegetali 216gr</b></a></h4>
        <p class="description">Findus Green Cuisine 2 Croccole Vegetali 216 g</p>
        <p class="right price"><b>4.65 €</b></p>
        <p class="right unitPrice">21.13 € per kg</p>
    </div>
    <div class="notAvailable">
    <a class="button bgDarkGrey white" href="../findus-croccole-vegetali-216gr.html">Not available</a>
</div>
</div><div class="left product prod95"
        data-name="Anemone Di Mare Prefr Gelo 2kg"
        data-price="154.60"
        data-id="34299"
        data-available="no"
        data-category="4629"
        data-bestselling="">
    <a href="../anemone-di-mare-prefr-gelo-2kg.html">
        <div style="background-image: url('../../cdn.spesati.com/images/products/missing-image/missing-image.jpg')">
            <div class="hover"></div>
            
            <div class="stickers"></div>
        </div>
    </a>
    <div>
        <h4><a href="../anemone-di-mare-prefr-gelo-2kg.html"><b>Anemone Di Mare Prefr Gelo 2kg</b></a></h4>
        <p class="description">1 Kg</p>
        <p class="right price"><b>154.60 €</b></p>
        <p class="right unitPrice">154.59 € per kg</p>
    </div>
    <div class="notAvailable">
    <a class="button bgDarkGrey white" href="../anemone-di-mare-prefr-gelo-2kg.html">Not available</a>
</div>
</div><div class="left product prod96"
        data-name="Baccala' Salinato 700up"
        data-price="13.90"
        data-id="34874"
        data-available="no"
        data-category="4629"
        data-bestselling="">
    <a href="../baccala-salinato-700up.html">
        <div style="background-image: url('../../cdn.spesati.com/images/products/missing-image/missing-image.jpg')">
            <div class="hover"></div>
            
            <div class="stickers"></div>
        </div>
    </a>
    <div>
        <h4><a href="../baccala-salinato-700up.html"><b>Baccala' Salinato 700up</b></a></h4>
        <p class="description">medium weight 1 Kg</p>
        <p class="right price"><b>13.90 €</b></p>
        <p class="right unitPrice">13.90 € per kg</p>
    </div>
    <div class="notAvailable">
    <a class="button bgDarkGrey white" href="../baccala-salinato-700up.html">Not available</a>
</div>
</div><div class="left product prod97"
        data-name="Brodo Di Granchio Nuotatore"
        data-price="32.37"
        data-id="34931"
        data-available="no"
        data-category="4629"
        data-bestselling="">
    <a href="../brodo-di-granchio-nuotatore.html">
        <div style="background-image: url('../../cdn.spesati.com/images/products/missing-image/missing-image.jpg')">
            <div class="hover"></div>
            
            <div class="stickers"></div>
        </div>
    </a>
    <div>
        <h4><a href="../brodo-di-granchio-nuotatore.html"><b>Brodo Di Granchio Nuotatore</b></a></h4>
        <p class="description">medium weight 1 Kg</p>
        <p class="right price"><b>32.37 €</b></p>
        <p class="right unitPrice">32.37 € per kg</p>
    </div>
    <div class="notAvailable">
    <a class="button bgDarkGrey white" href="../brodo-di-granchio-nuotatore.html">Not available</a>
</div>
</div><div class="left product prod98"
        data-name="Persico Filetto Congelato"
        data-price="6.90"
        data-id="34967"
        data-available="no"
        data-category="4629"
        data-bestselling="">
    <a href="../persico-filetto-congelato.html">
        <div style="background-image: url('../../cdn.spesati.com/images/products/missing-image/missing-image.jpg')">
            <div class="hover"></div>
            
            <div class="stickers"></div>
        </div>
    </a>
    <div>
        <h4><a href="../persico-filetto-congelato.html"><b>Persico Filetto Congelato</b></a></h4>
        <p class="description">medium weight 1 Kg</p>
        <p class="right price"><b>6.90 €</b></p>
        <p class="right unitPrice">6.90 € per kg</p>
    </div>
    <div class="notAvailable">
    <a class="button bgDarkGrey white" href="../persico-filetto-congelato.html">Not available</a>
</div>
</div><div class="left product prod99"
        data-name="Filetto Di Halibut Import X3kg"
        data-price="71.70"
        data-id="35010"
        data-available="no"
        data-category="4629"
        data-bestselling="">
    <a href="../filetto-di-halibut-import-x3kg.html">
        <div style="background-image: url('../../cdn.spesati.com/images/products/missing-image/missing-image.jpg')">
            <div class="hover"></div>
            
            <div class="stickers"></div>
        </div>
    </a>
    <div>
        <h4><a href="../filetto-di-halibut-import-x3kg.html"><b>Filetto Di Halibut Import X3kg</b></a></h4>
        <p class="description">medium weight  3 Kg</p>
        <p class="right price"><b>71.70 €</b></p>
        <p class="right unitPrice">23.90 € per kg</p>
    </div>
    <div class="notAvailable">
    <a class="button bgDarkGrey white" href="../filetto-di-halibut-import-x3kg.html">Not available</a>
</div>
</div><div class="left product prod100"
        data-name="Coda Di Gambero Dec"
        data-price="19.90"
        data-id="35112"
        data-available="no"
        data-category="4629"
        data-bestselling="">
    <a href="../coda-di-gambero-dec.html">
        <div style="background-image: url('../../cdn.spesati.com/images/products/missing-image/missing-image.jpg')">
            <div class="hover"></div>
            
            <div class="stickers"></div>
        </div>
    </a>
    <div>
        <h4><a href="../coda-di-gambero-dec.html"><b>Coda Di Gambero Dec</b></a></h4>
        <p class="description">medium weight 1 Kg</p>
        <p class="right price"><b>19.90 €</b></p>
        <p class="right unitPrice">19.90 € per kg</p>
    </div>
    <div class="notAvailable">
    <a class="button bgDarkGrey white" href="../coda-di-gambero-dec.html">Not available</a>
</div>
</div><div class="left product prod101"
        data-name="Scampi Irlanda Porcupine U5 Pn"
        data-price="238.75"
        data-id="61260"
        data-available="no"
        data-category="4629"
        data-bestselling="">
    <a href="../scampi-irlanda-porcupine-u5-pn.html">
        <div style="background-image: url('../../cdn.spesati.com/images/products/missing-image/missing-image.jpg')">
            <div class="hover"></div>
            
            <div class="stickers"></div>
        </div>
    </a>
    <div>
        <h4><a href="../scampi-irlanda-porcupine-u5-pn.html"><b>Scampi Irlanda Porcupine U5 Pn</b></a></h4>
        <p class="description">1 Kg</p>
        <p class="right price"><b>238.75 €</b></p>
        <p class="right unitPrice">79.59 € per kg</p>
    </div>
    <div class="notAvailable">
    <a class="button bgDarkGrey white" href="../scampi-irlanda-porcupine-u5-pn.html">Not available</a>
</div>
</div><div class="left product prod102"
        data-name="Coda Gambero Sgusc Ecuad 31/35"
        data-price="21.12"
        data-id="63189"
        data-available="no"
        data-category="4629"
        data-bestselling="">
    <a href="../coda-gambero-sgusc-ecuad-3135.html">
        <div style="background-image: url('../../cdn.spesati.com/images/products/missing-image/missing-image.jpg')">
            <div class="hover"></div>
            
            <div class="stickers"></div>
        </div>
    </a>
    <div>
        <h4><a href="../coda-gambero-sgusc-ecuad-3135.html"><b>Coda Gambero Sgusc Ecuad 31/35</b></a></h4>
        <p class="description">1 Kg</p>
        <p class="right price"><b>21.12 €</b></p>
        <p class="right unitPrice">21.12 € per kg</p>
    </div>
    <div class="notAvailable">
    <a class="button bgDarkGrey white" href="../coda-gambero-sgusc-ecuad-3135.html">Not available</a>
</div>
</div><div class="left product prod103"
        data-name="Aragosta Cotta 700/900"
        data-price="602.62"
        data-id="64551"
        data-available="no"
        data-category="4629"
        data-bestselling="">
    <a href="../aragosta-cotta-700900.html">
        <div style="background-image: url('../../cdn.spesati.com/images/products/missing-image/missing-image.jpg')">
            <div class="hover"></div>
            
            <div class="stickers"></div>
        </div>
    </a>
    <div>
        <h4><a href="../aragosta-cotta-700900.html"><b>Aragosta Cotta 700/900</b></a></h4>
        <p class="description">1 Kg</p>
        <p class="right price"><b>602.62 €</b></p>
        <p class="right unitPrice">60.27 € per kg</p>
    </div>
    <div class="notAvailable">
    <a class="button bgDarkGrey white" href="../aragosta-cotta-700900.html">Not available</a>
</div>
</div><div class="left product prod104"
        data-name="Totano Sporco Int Atlantico L"
        data-price="159.98"
        data-id="65796"
        data-available="no"
        data-category="4629"
        data-bestselling="">
    <a href="../totano-sporco-int-atlantico-l.html">
        <div style="background-image: url('../../cdn.spesati.com/images/products/missing-image/missing-image.jpg')">
            <div class="hover"></div>
            
            <div class="stickers"></div>
        </div>
    </a>
    <div>
        <h4><a href="../totano-sporco-int-atlantico-l.html"><b>Totano Sporco Int Atlantico L</b></a></h4>
        <p class="description">1 Kg</p>
        <p class="right price"><b>159.98 €</b></p>
        <p class="right unitPrice">10.67 € per kg</p>
    </div>
    <div class="notAvailable">
    <a class="button bgDarkGrey white" href="../totano-sporco-int-atlantico-l.html">Not available</a>
</div>
</div><div class="left product prod105"
        data-name="Gambero Rosso Carabineros Xl"
        data-price="104.83"
        data-id="70434"
        data-available="no"
        data-category="4629"
        data-bestselling="">
    <a href="../gambero-rosso-carabineros-xl.html">
        <div style="background-image: url('../../cdn.spesati.com/images/products/missing-image/missing-image.jpg')">
            <div class="hover"></div>
            
            <div class="stickers"></div>
        </div>
    </a>
    <div>
        <h4><a href="../gambero-rosso-carabineros-xl.html"><b>Gambero Rosso Carabineros Xl</b></a></h4>
        <p class="description">0.8 Kg</p>
        <p class="right price"><b>104.83 €</b></p>
        <p class="right unitPrice">131.04 € per kg</p>
    </div>
    <div class="notAvailable">
    <a class="button bgDarkGrey white" href="../gambero-rosso-carabineros-xl.html">Not available</a>
</div>
</div><div class="left product prod106"
        data-name="Polpo Gelo Indonesia 2000/4000"
        data-price="257.47"
        data-id="70500"
        data-available="no"
        data-category="4629"
        data-bestselling="">
    <a href="../polpo-gelo-indonesia-20004000.html">
        <div style="background-image: url('../../cdn.spesati.com/images/products/missing-image/missing-image.jpg')">
            <div class="hover"></div>
            
            <div class="stickers"></div>
        </div>
    </a>
    <div>
        <h4><a href="../polpo-gelo-indonesia-20004000.html"><b>Polpo Gelo Indonesia 2000/4000</b></a></h4>
        <p class="description">1 Kg</p>
        <p class="right price"><b>257.47 €</b></p>
        <p class="right unitPrice">25.75 € per kg</p>
    </div>
    <div class="notAvailable">
    <a class="button bgDarkGrey white" href="../polpo-gelo-indonesia-20004000.html">Not available</a>
</div>
</div><div class="left product prod107"
        data-name="Coda Gamb Sgus Cina 31/50 G500"
        data-price="12.87"
        data-id="73536"
        data-available="no"
        data-category="4629"
        data-bestselling="">
    <a href="../coda-gamb-sgus-cina-3150-g500.html">
        <div style="background-image: url('../../cdn.spesati.com/images/products/missing-image/missing-image.jpg')">
            <div class="hover"></div>
            
            <div class="stickers"></div>
        </div>
    </a>
    <div>
        <h4><a href="../coda-gamb-sgus-cina-3150-g500.html"><b>Coda Gamb Sgus Cina 31/50 G500</b></a></h4>
        <p class="description">0.5 Kg</p>
        <p class="right price"><b>12.87 €</b></p>
        <p class="right unitPrice">25.74 € per kg</p>
    </div>
    <div class="notAvailable">
    <a class="button bgDarkGrey white" href="../coda-gamb-sgus-cina-3150-g500.html">Not available</a>
</div>
</div><div class="left product prod108"
        data-name="Coda Gamb Sgus Cina 51/70 G500"
        data-price="11.77"
        data-id="73539"
        data-available="no"
        data-category="4629"
        data-bestselling="">
    <a href="../coda-gamb-sgus-cina-5170-g500.html">
        <div style="background-image: url('../../cdn.spesati.com/images/products/missing-image/missing-image.jpg')">
            <div class="hover"></div>
            
            <div class="stickers"></div>
        </div>
    </a>
    <div>
        <h4><a href="../coda-gamb-sgus-cina-5170-g500.html"><b>Coda Gamb Sgus Cina 51/70 G500</b></a></h4>
        <p class="description">0.5 Kg</p>
        <p class="right price"><b>11.77 €</b></p>
        <p class="right unitPrice">23.54 € per kg</p>
    </div>
    <div class="notAvailable">
    <a class="button bgDarkGrey white" href="../coda-gamb-sgus-cina-5170-g500.html">Not available</a>
</div>
</div><div class="left product prod109"
        data-name="Coda Gamb Sgu Cina 70/100 G500"
        data-price="11.03"
        data-id="73542"
        data-available="no"
        data-category="4629"
        data-bestselling="">
    <a href="../coda-gamb-sgu-cina-70100-g500.html">
        <div style="background-image: url('../../cdn.spesati.com/images/products/missing-image/missing-image.jpg')">
            <div class="hover"></div>
            
            <div class="stickers"></div>
        </div>
    </a>
    <div>
        <h4><a href="../coda-gamb-sgu-cina-70100-g500.html"><b>Coda Gamb Sgu Cina 70/100 G500</b></a></h4>
        <p class="description">0.5 Kg</p>
        <p class="right price"><b>11.03 €</b></p>
        <p class="right unitPrice">22.07 € per kg</p>
    </div>
    <div class="notAvailable">
    <a class="button bgDarkGrey white" href="../coda-gamb-sgu-cina-70100-g500.html">Not available</a>
</div>
</div><div class="left product prod110"
        data-name="Polpo Bocconc Regnoli Vasch 2k"
        data-price="141.07"
        data-id="26982"
        data-available="no"
        data-category="4629"
        data-bestselling="">
    <a href="../polpo-bocconc-regnoli-vasch-2k.html">
        <div style="background-image: url('../../cdn.spesati.com/images/products/missing-image/missing-image.jpg')">
            <div class="hover"></div>
            
            <div class="stickers"></div>
        </div>
    </a>
    <div>
        <h4><a href="../polpo-bocconc-regnoli-vasch-2k.html"><b>Polpo Bocconc Regnoli Vasch 2k</b></a></h4>
        <p class="description">2 Kg</p>
        <p class="right price"><b>141.07 €</b></p>
        <p class="right unitPrice">70.53 € per kg</p>
    </div>
    <div class="notAvailable">
    <a class="button bgDarkGrey white" href="../polpo-bocconc-regnoli-vasch-2k.html">Not available</a>
</div>
</div><div class="left product prod111"
        data-name="Gamberi Jumbo 60-90 900gr"
        data-price="44.45"
        data-id="27038"
        data-available="no"
        data-category="4629"
        data-bestselling="">
    <a href="../gamberi-jumbo-60-90-900gr.html">
        <div style="background-image: url('../../cdn.spesati.com/images/products/missing-image/missing-image.jpg')">
            <div class="hover"></div>
            
            <div class="stickers"></div>
        </div>
    </a>
    <div>
        <h4><a href="../gamberi-jumbo-60-90-900gr.html"><b>Gamberi Jumbo 60-90 900gr</b></a></h4>
        <p class="description">0.9 Kg</p>
        <p class="right price"><b>44.45 €</b></p>
        <p class="right unitPrice">49.39 € per kg</p>
    </div>
    <div class="notAvailable">
    <a class="button bgDarkGrey white" href="../gamberi-jumbo-60-90-900gr.html">Not available</a>
</div>
</div><div class="left product prod112"
        data-name="Filetti Platessa Impan 300"
        data-price="5.13"
        data-id="85157"
        data-available="no"
        data-category="4629"
        data-bestselling="">
    <a href="../filetti-platessa-impan-300.html">
        <div style="background-image: url('../../cdn.spesati.com/images/products/missing-image/missing-image.jpg')">
            <div class="hover"></div>
            
            <div class="stickers"></div>
        </div>
    </a>
    <div>
        <h4><a href="../filetti-platessa-impan-300.html"><b>Filetti Platessa Impan 300</b></a></h4>
        <p class="description">0.3 Kg</p>
        <p class="right price"><b>5.13 €</b></p>
        <p class="right unitPrice">17.11 € per kg</p>
    </div>
    <div class="notAvailable">
    <a class="button bgDarkGrey white" href="../filetti-platessa-impan-300.html">Not available</a>
</div>
</div><div class="left product prod113"
        data-name="Bast Surimi Fjord 450gr Sgocc"
        data-price="9.32"
        data-id="27058"
        data-available="no"
        data-category="4629"
        data-bestselling="">
    <a href="../bast-surimi-fjord-450gr-sgocc.html">
        <div style="background-image: url('../../cdn.spesati.com/images/products/missing-image/missing-image.jpg')">
            <div class="hover"></div>
            
            <div class="stickers"></div>
        </div>
    </a>
    <div>
        <h4><a href="../bast-surimi-fjord-450gr-sgocc.html"><b>Bast Surimi Fjord 450gr Sgocc</b></a></h4>
        <p class="description">0.45 Kg</p>
        <p class="right price"><b>9.32 €</b></p>
        <p class="right unitPrice">20.71 € per kg</p>
    </div>
    <div class="notAvailable">
    <a class="button bgDarkGrey white" href="../bast-surimi-fjord-450gr-sgocc.html">Not available</a>
</div>
</div><div class="left product prod114"
        data-name="Bastoncini Merluzzo 450gr"
        data-price="3.49"
        data-id="33978"
        data-available="no"
        data-category="4629"
        data-bestselling="">
    <a href="../bastoncini-merluzzo-450gr.html">
        <div style="background-image: url('../../cdn.spesati.com/images/products/missing-image/missing-image.jpg')">
            <div class="hover"></div>
            
            <div class="stickers"></div>
        </div>
    </a>
    <div>
        <h4><a href="../bastoncini-merluzzo-450gr.html"><b>Bastoncini Merluzzo 450gr</b></a></h4>
        <p class="description">0.45 Kg</p>
        <p class="right price"><b>3.49 €</b></p>
        <p class="right unitPrice">7.76 € per kg</p>
    </div>
    <div class="notAvailable">
    <a class="button bgDarkGrey white" href="../bastoncini-merluzzo-450gr.html">Not available</a>
</div>
</div><div class="left product prod115"
        data-name="Code Di Mazzancolla Blocco"
        data-price="18.37"
        data-id="34134"
        data-available="no"
        data-category="4629"
        data-bestselling="">
    <a href="../code-di-mazzancolla-blocco.html">
        <div style="background-image: url('../../cdn.spesati.com/images/products/missing-image/missing-image.jpg')">
            <div class="hover"></div>
            
            <div class="stickers"></div>
        </div>
    </a>
    <div>
        <h4><a href="../code-di-mazzancolla-blocco.html"><b>Code Di Mazzancolla Blocco</b></a></h4>
        <p class="description">medium weight 1 Kg</p>
        <p class="right price"><b>18.37 €</b></p>
        <p class="right unitPrice">18.37 € per kg</p>
    </div>
    <div class="notAvailable">
    <a class="button bgDarkGrey white" href="../code-di-mazzancolla-blocco.html">Not available</a>
</div>
</div><div class="left product prod116"
        data-name="Polpo Gelo Marocco T6"
        data-price="364.14"
        data-id="34154"
        data-available="no"
        data-category="4629"
        data-bestselling="">
    <a href="../polpo-gelo-marocco-t6.html">
        <div style="background-image: url('../../cdn.spesati.com/images/products/missing-image/missing-image.jpg')">
            <div class="hover"></div>
            
            <div class="stickers"></div>
        </div>
    </a>
    <div>
        <h4><a href="../polpo-gelo-marocco-t6.html"><b>Polpo Gelo Marocco T6</b></a></h4>
        <p class="description">1 Kg</p>
        <p class="right price"><b>364.14 €</b></p>
        <p class="right unitPrice">30.35 € per kg</p>
    </div>
    <div class="notAvailable">
    <a class="button bgDarkGrey white" href="../polpo-gelo-marocco-t6.html">Not available</a>
</div>
</div>        </div>
    </div>
</section>
<div class="footer">
    <div class="bgDarkGrey"></div>
    <footer>
        <div class="left bgDarkGrey">
            <a id="logoFooter" href="../index.html" class="estDynamic">
                <img src="../../cdn.spesati.com/images/layout/logo-eng.png" alt="Spesati.com" />
                <h2 class="red">Grocery Delivery</h2>
            </a>
            <a class="button bgRed white mobile" href="tel:390707968318">Phone order</a>
            <a class="button bgRed white desktop" href="../news/2020-04-07/news-on-spesati-the-telephone-order-service-is-active.html">Phone order</a>
            <a class="button bgRed white" href="../cdn-cgi/l/email-protection.html#90f9fef6ffd0e3e0f5e3f1e4f9bef3fffd">Send mail</a>
            <div id="social">
                <a class="left" href="https://www.facebook.com/spesati/" rel="external" target="_blank">
                    <span class="facebook bgRed fa-stack fa-lg">
                        <i class="fa fa-facebook fa-stack-1x "></i>
                    </span>
                </a>
                <a class="right" href="https://twitter.com/spesati" rel="external" target="_blank">
                    <span class="twitter bgRed fa-stack fa-lg">
                        <i class="fa fa-twitter fa-stack-1x "></i>
                    </span>
                </a>
            </div>
            <p>Copyright 2024 Spesati.com </p>
            
                    <p>All rights reserved</p>
                    <p>SPESATI SRL</p>
                    <p>Corso Vittorio Veneto 15/I, 07026, Olbia</p>
                    <p>CF e P.Iva: 02772380909</p>
                        </div>
        <div class="center bgRed">
            <div class="top">
                <h3>Categories</h3>
                <div class="col">
                    <ul>
                        <li>
                            <a href="#" class="estDynamic">On sale</a>
                        </li>
                        <li>
                            <a href="../fruit-and-vegetables.html" class="estDynamic">Fruit and vegetables</a>
                        </li>
                        <li>
                            <a href="../fresh-products.html" class="estDynamic">Fresh products</a>
                        </li>
                        <li>
                            <a href="../frozen-foods.html" class="estDynamic">Frozen foods</a>
                        </li>
                        <li>
                            <a href="../bread-and-pasta.html" class="estDynamic">Bread and pasta</a>
                        </li>
                        <li>
                            <a href="../meat.html" class="estDynamic">Meat</a>
                        </li>
                        <li>
                            <a href="../fish.html" class="estDynamic">Fish</a>
                        </li>
                    </ul>
                </div>
                <div class="col">
                    <ul>
                        <li>
                            <a href="../wine-beer-and-spirits.html" class="estDynamic">Wine beer and spirits</a>
                        </li>
                        <li>
                            <a href="../water-and-drinks.html" class="estDynamic">Water and drinks</a>
                        </li>
                        <li>
                            <a href="../sweets.html" class="estDynamic">Sweets</a>
                        </li>
                        <li>
                            <a href="../shelf.html" class="estDynamic">Cupboard</a>
                        </li>
                        <li>
                            <a href="../personal-care.html" class="estDynamic">Personal care</a>
                        </li>
                        <li>
                            <a href="../household-and-outdoors.html" class="estDynamic">Home and outdoors</a>
                        </li>
                        <li>
                            <a href="../pet.html" class="estDynamic">Pets</a>
                        </li>
                    </ul>
                </div>
                <div class="col">
                    <ul>
                        <li>
                            <a href="../technology.html" class="estDynamic">Technology</a>
                        </li>
                        <li>
                            <a href="../gluten-free.html" class="estDynamic">Gluten free</a>
                        </li>
                        <li>
                            <a href="../lactose-free.html" class="estDynamic">Lactose free</a>
                        </li>
                        <li>
                            <a href="../special.html" class="estDynamic">Special</a>
                        </li>
                        <li>
                            <a href="../sardinian-products.html" class="estDynamic">Sardinian products</a>
                        </li>
                    </ul>
                </div>
            </div>
            <div class="bottom bgRed">
                <div class="left">
                    <h3>Delivery payment</h3>
                    <div>
                        <i class="fa fa-money fa-3x" aria-hidden="true"></i>
                        <p>Cash</p>
                    </div>
                    <div>
                        <i class="fa fa-credit-card fa-3x" aria-hidden="true"></i>
                        <p>Bancomat or card</p>
                    </div>
                </div>
                <div class="right">
                    <h3>Online payment</h3>
                    <div>
                        <i class="fa fa-credit-card fa-3x" aria-hidden="true"></i>
                        <p>Credit or debit card <span class="red">online</span></p>
                    </div>
                    <div>
                        <i class="fa fa-paypal fa-3x" aria-hidden="true"></i>
                        <p>PayPal</p>
                    </div>
                    <div>
                        <i class="fa fa-university fa-3x" aria-hidden="true"></i>
                        <p>Bank transfer</p>
                    </div>
                </div>
            </div>
        </div>
        <div class="right bgRed">
            <div>
                <i class="fa fa-truck fa-flip-horizontal"></i>
                <a class="button bgYellow white" href="../delivery-prices.html">Delivery prices</a>
                
                    <h3>Home delivery:</h3>
                    <p><b>Monday to Saturday</b></p>
                    <p><b>9:00 to 20:00</b></p>
                    <p><b>Minimum order:</b> 29€</p>
                    <p><b>Delivery starting from:</b> 3,50€</p>
                            </div>
            <ul>
                <li>
                    <a href="../delivery-prices.html">Delivery prices</a>
                </li>
                <li>
                    <a href="../about.html">About</a>
                </li>
                <li>
                    <a href="../faq.html">Faq</a>
                </li>
                <li>
                    <a href="../customer-care.html">Support</a>
                </li>
                <li>
                    <a href="../news.html">Blog</a>
                </li>
                <li>
                    <a href="../terms-and-conditions.html">Conditions</a>
                </li>
                <li>
                    <a href="../privacy-policy.html">Privacy policy</a>
                </li>
                <li>
                    <a href="../legal-warranty.html">Legal guarantee</a>
                </li>
            </ul>
        </div>
    </footer>
    <div class="bgRed"></div>
</div>
<!--Start of Tawk.to Script-->
<script data-cfasync="false" src="../cdn-cgi/scripts/5c5dd728/cloudflare-static/email-decode.min.js"></script><script type="text/javascript">
var Tawk_API=Tawk_API||{}, Tawk_LoadStart=new Date();
(function(){
var s1=document.createElement("script"),s0=document.getElementsByTagName("script")[0];
s1.async=true;
s1.src='https://embed.tawk.to/59e86945c28eca75e4626ed9/default';
s1.charset='UTF-8';
s1.setAttribute('crossorigin','*');
s0.parentNode.insertBefore(s1,s0);
})();
</script>
<!--End of Tawk.to Script-->

<!-- Here are parked a few translatable strings, useful for Javascript rendering -->
<div id="js-texts" hidden>
    <input type="hidden" name="save_cart_notice" value="Saving your cart it will be possible to reload it next time you come for shopping">
    <input type="hidden" name="save_cart_notice_title" value="Want to save your cart?">
    <input type="hidden" name="save_cart_ok" value="Save">
    <input type="hidden" name="save_cart_ko" value="Don't Save">
    <input type="hidden" name="reload_cart" value="The Reload Order function allows you to top up your last cart to make a New Order. Warning: do not use this function to add products to the last order. At this time it is not possible to modify an order placed previously.">
</div>

<!-- new site and login popup -->
</body>
<!-- Mirrored from www.spesati.com/frozen-foods/fish by HTTrack Website Copier/3.x [XR&CO'2014], Fri, 23 Feb 2024 17:46:53 GMT -->
</html>