<!DOCTYPE html><html lang="en">
<!-- Mirrored from www.spesati.com/frozen-foods/ice-creams by HTTrack Website Copier/3.x [XR&CO'2014], Fri, 23 Feb 2024 17:43:11 GMT -->
<!-- Added by HTTrack --><meta http-equiv="content-type" content="text/html;charset=utf-8" /><!-- /Added by HTTrack -->
<head>
    <title>Ice cream and sweet - Frozen foods - Spesati.com</title>
    <meta http-equiv="Content-Type" content="text/html; charset=UTF-8" />
    <meta name="description" content="" />
    <meta name="keywords" content="" />
    <link href="../images/favicon.ico" rel="shortcut icon" type="image/x-icon" />
    <meta name="author" content="www.dodify.com" /><link rel="canonical" href="ice-creams.html" /><link rel="alternate" hreflang="en" href="ice-creams.html" /><link rel="alternate" hreflang="it" href="https://www.spesati.it/banco-surgelati/gelati" /><link href="../../cdnjs.cloudflare.com/ajax/libs/meyer-reset/2.0/reset.min.css" rel="stylesheet" type="text/css" /><link href="../../cdnjs.cloudflare.com/ajax/libs/font-awesome/6.5.1/css/all.min.css" rel="stylesheet" type="text/css" /><link href="https://fonts.googleapis.com/css?family=Montserrat:400,700" rel="stylesheet" type="text/css" /><link href="../../cdnjs.cloudflare.com/ajax/libs/fancybox/2.1.5/jquery.fancybox.min.css" rel="stylesheet" type="text/css" /><link href="../style/mainbea6.css?v=7" rel="stylesheet" type="text/css" /><link href="../style/lightslider.css" rel="stylesheet" type="text/css" /><link href="../style/categories.css" rel="stylesheet" type="text/css" /><script src="../../cdnjs.cloudflare.com/ajax/libs/jquery/3.6.1/jquery.min.js" type="text/javascript"></script><script src="../../ajax.googleapis.com/ajax/libs/jquery/1.11.0/jquery.min.js" type="text/javascript"></script><script src="http://unpkg.com/@floating-ui/core@0.4.0" type="text/javascript"></script><script src="http://unpkg.com/@floating-ui/dom@0.2.0" type="text/javascript"></script><script src="../../cdnjs.cloudflare.com/ajax/libs/fancybox/2.1.5/jquery.fancybox.min.js" type="text/javascript"></script><script src="../js/menu.js" type="text/javascript"></script><script src="../js/interfaceb6f5.js?v=10" type="text/javascript"></script><script src="../js/spesati.lightslider.min.js" type="text/javascript"></script><meta name="viewport" content="width=device-width, initial-scale=1, maximum-scale=1" /><meta name = "format-detection" content = "telephone=no">
<!-- Facebook Pixel Code -->
<script>
  !function(f,b,e,v,n,t,s)
  {if(f.fbq)return;n=f.fbq=function(){n.callMethod?
  n.callMethod.apply(n,arguments):n.queue.push(arguments)};
  if(!f._fbq)f._fbq=n;n.push=n;n.loaded=!0;n.version='2.0';
  n.queue=[];t=b.createElement(e);t.async=!0;
  t.src=v;s=b.getElementsByTagName(e)[0];
  s.parentNode.insertBefore(t,s)}(window, document,'script',
  '../../connect.facebook.net/en_US/fbevents.js');
  fbq('init', '792335014180667');
  fbq('track', 'PageView');
</script>
<noscript>
    <img height="1" width="1" style="display:none" src="https://www.facebook.com/tr?id=792335014180667&amp;ev=PageView&amp;noscript=1" />
</noscript>
<!-- End Facebook Pixel Code -->

<!-- GA4 -->
<script async src="https://www.googletagmanager.com/gtag/js?id=G-SSS6NRNXL0"></script>
<script>
  window.dataLayer = window.dataLayer || [];
  function gtag(){dataLayer.push(arguments);}
  gtag('js', new Date());
  gtag('config', 'AW-976671669');
  gtag('config', 'G-SSS6NRNXL0');
</script>
<!-- Elements for PWA deploy -->
<link rel="manifest" href="../manifest.json">
<meta name="theme-color" media="(prefers-color-scheme: light)" content="white">
<meta name="theme-color" media="(prefers-color-scheme: dark)"  content="black">
<link href=../images/icon-192.png rel=apple-touch-icon sizes="192x192">
<!-- Establishment logic -->
<script>var pageEstablishment = "Olbia"; var estDefaultPages = true</script>
    <!--[if lt IE 9]>
        <script src="https://cdnjs.cloudflare.com/ajax/libs/html5shiv/3.7.3/html5shiv.min.js" type="text/javascript"></script>
    <![endif]--><script type="text/javascript">
$(document).ready(function() {
    // Check if exists cookie
    if(document.cookie.indexOf("cookieAccepted") < 0) {
        var cookieText = '<div id=\"cookie\"><p>This site uses cookies. Cookies are used for ads personalisation. <a href=\"/privacy-policy\">More info</a></p><button id=\"cookieConsent\" type=\"button\">Accept</button></div>';
        $("body").append($(
            cookieText
        ));
        $('#cookie').css({
            'width'           : '100%',
            'text-align'      : 'center',
            'color'           : '#FFFFFF',
            'background-color': '#000000', 
            'opacity'         : '.8', 
            'position'        : 'fixed', 
            'bottom'          : '0',
            'padding'         : '.5em 0',
            'z-index'         : '999'
        });
        $('#cookie > *').css({
            'display': 'inline'
        });
        $('#cookie a').css({
            'color'          : '#FFFFFF',
            'text-decoration': 'underline',
            'margin-right'   : '2%'
        });
        $('#cookieConsent').click(function() {
            // Set cookie
            var expiry = new Date();
            expiry.setTime(expiry.getTime() + (365 * 24 * 60 * 60 * 1000));
            document.cookie = "cookieAccepted=yes; expires=" + expiry.toGMTString() + "; path=/; domain=.spesati.com";
            $('#cookie').css({'display': 'none'});
        });
    }
});
</script></head><body><script type="text/javascript">
    var addText = "Add";
    var slider  = null;
    $(document).ready(function() {
        slider = $('#cartSlider').lightSlider({
            controls: false,
            item:13,
            loop:false,
            slideMove:1,
            easing: 'cubic-bezier(0.25, 0, 0.25, 1)',
            speed:600,
            responsive : [
                {
                    breakpoint:1400,
                    settings: {
                        item:12,
                        slideMove:1,
                    }
                },
                {
                    breakpoint:1200,
                    settings: {
                        item:11,
                        slideMove:1,
                    }
                },
                {
                    breakpoint:1080,
                    settings: {
                        item:14,
                        slideMove:1,
                    }
                },
                {
                    breakpoint:800,
                    settings: {
                        item:12,
                        slideMove:1,
                    }
                }
            ]
        });
        $('.lSPager').css("display","none");
        $('.lSAction').css("display","block");
        $('#goToPrevSlide').on('click', function () {
            slider.goToPrevSlide();
        });
        $('#goToNextSlide').on('click', function () {
            slider.goToNextSlide();
        });
    });

</script>
<div id="header" class="bgYellow">
    <header>
        <a class="menu" href="#"><i class="fa red fa-bars fa-2x"></i></a>
        <a id="logo" class="colLeft estDynamic" href="../index.html">
            <img src="../../cdn.spesati.com/images/layout/logo-eng.png" alt="Spesati.com" />
            <h2 class="red">Grocery Delivery</h2>
        </a>
        <div class="colRight">
            <div id="controls" class="right">
                <p id="establishmentControls">
                    <span class="establishmentWarning"><i class="fa-solid fa-triangle-exclamation red" title="Stai visualizzando i prodotti disponibili in una zona diversa. Se vuoi cambiare zona, cliccan qui"></i>&nbsp;&nbsp;</span>
                    Shopping from <b><a id="establishment" href="#"></a></b> <span id="estAddress">for </span> <a href="../change-establishment.html">(<i class="fa-solid fa-pencil"></i> Change)</a> <span class="establishmentWarning">but viewing <b>Olbia</b></span>
                </p>
                <p><a href="https://www.spesati.it/banco-surgelati/gelati" class="black switch-site">Versione italiana</a></p>                
            </div>
            <div>
                <form id="search" action="https://www.spesati.com/search" method="post" class="left">
                    <fieldset>
                        <div>
                            <input type="text" name="searchBox" id="searchBox" placeholder="Search for a product"></input>
                            <input id="searchButton" type="submit" name="searchButton" class="button bgRed white left" value="Find" />
                        </div>
                    </fieldset>
                </form>
                <div class="center left">
                    <a class="button bgRed white log-in" href="../login.html">Login</a>
                    <a class="button bgRed white sign-up" href="../sign-up.html">Sign up</a>
                    <a class="button bgRed white profile" href="../profile.html">Profile</a>
                    <a class="button bgRed white log-out" href="../index.html" data-endpoint-check-cart="https://api.spesati.com/cart/check">Logout</a>
                </div>
                <div class="right user-function-icons">
                    <a class="red left account"><i class="fa fa-user fa-3x"></i></a>
                    <div id="dropdown">
                        <a class="log-in button bgRed white" href="../login.html">Login</a>
                        <a class="sign-up button bgRed white" href="../sign-up.html">Sign up</a>
                        <a class="profile button bgRed white" href="../profile.html">Profile</a>
                        <a class="log-out button bgRed white" href="../index.html">Logout</a>
                    </div>

                    <div class="cart left">
                        <i class="fa fa-sm fa-shopping-cart red" aria-hidden="true" id="shipping-cart-button"></i>
                        <p id="cartQuantity"></p>
                    </div>

                    <a class="right" href="../cart.html"><p class="black" id="cartTotal"></p></a>
                </div>
            </div>
                            <div id="previewCart">
                    <i id="goToPrevSlide" class="yellow fa fa-angle-left fa-2x" aria-hidden="true"></i>
                    <div><ul id="cartSlider"></ul></div>
                    <i id="goToNextSlide" class="yellow fa fa-angle-right fa-2x" aria-hidden="true"></i>
                </div>
                    </div>
    </header>

    <div id="shipping-cart-options" data-inited="false">
        <a href="../cart.html" class="goto-cart">checkout</a>
        <a href="#" data-endpoint-auth="https://api.spesati.com/cart/save" data-endpoint-noauth="/login" class="save-cart">save</a>
        <a href="#" data-endpoint-auth="https://api.spesati.com/cart/load" class="load-cart">load</a>
    </div>
</div>
<div id="menuCategoriesMobile" class="mobile bgRed">
    <div class="closeMenu">
        <i class="fa fa-times fa-2x white"></i>
        Close
    </div>
    <ul class="bgRed white">
        <div id="langMobile" class="right">
        <a href="https://www.spesati.it/banco-surgelati/gelati" class="white switch-site"><p>Versione italiana</p></a>    </div>
        <li><a>Categories</a>
            <ul class="bgWhite">
                <li>
                    <img src="../../cdn.spesati.com/images/menu/on-sale.png"/>
                    On sale                    <i class="fa fa-angle-down" aria-hidden="true"></i>
                    <ul class="sub-menu">
                    <li>
    <a href="../tacchino-fesa-a-fette.html">Tacchino Fesa A Fette</a>
</li><li>
    <a href="../amaro-montenegro-15lt.html">Amaro Montenegro 1,5lt</a>
</li><li>
    <a href="../carbone-di-legna-sacco-10kg.html">Carbone Di Legna Sacco 10Kg</a>
</li><li>
    <a href="../filu-e-ferru-silvio-carta-70cl.html">Filu E Ferru Silvio Carta 70Cl</a>
</li><li>
    <a href="../braciole-suino-con-cotenna.html">Braciole Suino Con Cotenna</a>
</li><li>
    <a href="../bovino-adulto-polpa.html">Bovino Adulto Polpa</a>
</li><li>
    <a href="../vino-la-palma-cannonau-le-bombarde.html">Vino La Palma Cannonau Le Bombarde</a>
</li><li>
    <a href="../fettine-sceltissime-bovino-adulto.html">Fettine Sceltissime Bovino Adulto</a>
</li><li>
    <a href="../suino-fettine-scelte.html">Suino Fettine Scelte</a>
</li><li>
    <a href="../lavazza-caffe-qualita-rossa-2x250gr.html">Lavazza Caffé Qualità Rossa 2x250gr</a>
</li>                        <li>
                            <a class="estDynamic" href="../on-offer.html">All products on sale</a>
                        </li>
                    </ul>
                </li>
                <li>
                    <img src="../../cdn.spesati.com/images/menu/gift.png"/>
                    Gifts                    <i class="fa fa-angle-down" aria-hidden="true"></i>
                    <ul class="sub-menu">
                        <li>
    <a href="../gift-card-da-150.html">Gift Card Da 150</a>
</li><li>
    <a href="../gift-card-da-100.html">Gift Card Da 100</a>
</li><li>
    <a href="../gift-card-da-50.html">Gift Card Da 50</a>
</li><li>
    <a href="../gift-card-da-25.html">Gift Card Da 25</a>
</li>                        <li>
                            <a class="estDynamic" href="../gift.html">All products in the gifts category</a>
                        </li>
                    </ul>
                </li>
                <li>
                    <img src="../../cdn.spesati.com/images/menu/gift-card.png"/>
                    Gift card and discounts                    <i class="fa fa-angle-down" aria-hidden="true"></i>
                    <ul class="sub-menu">
                        <li>
    <a href="../gift-card-da-150.html">Gift Card Da 150</a>
</li><li>
    <a href="../gift-card-da-100.html">Gift Card Da 100</a>
</li><li>
    <a href="../gift-card-da-50.html">Gift Card Da 50</a>
</li><li>
    <a href="../gift-card-da-25.html">Gift Card Da 25</a>
</li>                    </ul>
                </li>
                <li>
                    <img src="../../cdn.spesati.com/images/menu/fuit-and-vegetables.png"/>
                    Fruit and vegetables                    <i class="fa fa-angle-down" aria-hidden="true"></i>
                    <ul class="sub-menu">
                        <li>
                            <a class="estDynamic" href="../fruit-and-vegetables/pulses-and-beans.html">Cereals and pulses and beans</a>
                        </li>
                        <li>
                            <a class="estDynamic" href="../fruit-and-vegetables/fruit.html">Fruit</a>
                        </li>
                        <li>
                            <a class="estDynamic" href="../fruit-and-vegetables/canned-fruit.html">Canned fruit</a>
                        </li>
                        <li>
                            <a class="estDynamic" href="../fruit-and-vegetables/dried-fruit.html">Dried fruit</a>
                        </li>
                        <li>
                            <a class="estDynamic" href="../fruit-and-vegetables/ready-salads.html">Ready salads</a>
                        </li>
                        <li>
                            <a class="estDynamic" href="../fruit-and-vegetables/fresh-spices.html">Fresh spices</a>
                        </li>
                        <li>
                            <a class="estDynamic" href="../fruit-and-vegetables/vegetables.html">Vegetables and soy</a>
                        </li>
                    </ul>
                </li>
                <li>
                    <img src="../../cdn.spesati.com/images/menu/fresh-products.png"/>
                    Fresh products                    <i class="fa fa-angle-down" aria-hidden="true"></i>
                    <ul class="sub-menu">
                        <li>
                            <a class="estDynamic" href="../fresh-products/margarine-and-butter.html">Butter and margarine</a>
                        </li>
                        <li>
                            <a class="estDynamic" href="../fresh-products/danone.html">Danone</a>
                        </li>
                        <li>
                            <a class="estDynamic" href="../fresh-products/dessert.html">Dessert</a>
                        </li>
                        <li>
                            <a class="estDynamic" href="../fresh-products/sweets.html">Sweets</a>
                        </li>
                        <li>
                            <a class="estDynamic" href="../fresh-products/dairy-products.html">Dairy product</a>
                        </li>
                        <li>
                            <a class="estDynamic" href="../fresh-products/bakery.html">Yeast</a>
                        </li>
                        <li>
                            <a class="estDynamic" href="../fresh-products/mascarpone.html">Mascarpone</a>
                        </li>
                        <li>
                            <a class="estDynamic" href="../fresh-products/snacks.html">Snacks</a>
                        </li>
                        <li>
                            <a class="estDynamic" href="../fresh-products/mozzarella.html">Mozzarella</a>
                        </li>
                        <li>
                            <a class="estDynamic" href="../fresh-products/pasta.html">Pasta</a>
                        </li>
                        <li>
                            <a class="estDynamic" href="../fresh-products/pesto-and-sauces.html">Pesto and sauces</a>
                        </li>
                        <li>
                            <a class="estDynamic" href="../fresh-products/ricotta-and-cheese.html">Ricotta and cheese</a>
                        </li>
                        <li>
                            <a class="estDynamic" href="../fresh-products/cured-meat.html">Cured meat</a>
                        </li>
                        <li>
                            <a class="estDynamic" href="../fresh-products/wurstel.html">Würstel</a>
                        </li>
                        <li>
                            <a class="estDynamic" href="../fresh-products/yogurt.html">Yogurt</a>
                        </li>
                    </ul>
                </li>
                <li>
                    <img src="../../cdn.spesati.com/images/menu/frozen-foods.png"/>
                    Frozen foods                    <i class="fa fa-angle-down" aria-hidden="true"></i>
                    <ul class="sub-menu">
                        <li>
                            <a class="estDynamic" href="meat.html">Meat</a>
                        </li>
                        <li>
                            <a class="estDynamic" href="ice-creams.html">Ice cream and sweet</a>
                        </li>
                        <li>
                            <a class="estDynamic" href="pasta.html">Pasta</a>
                        </li>
                        <li>
                            <a class="estDynamic" href="fish.html">Fish</a>
                        </li>
                        <li>
                            <a class="estDynamic" href="ready-meals.html">Ready meals</a>
                        </li>
                        <li>
                            <a class="estDynamic" href="pizzas.html">Pizzas</a>
                        </li>
                        <li>
                            <a class="estDynamic" href="vegetables.html">Vegetables and soy</a>
                        </li>
                    </ul>
                </li>
                <li>
                    <img src="../../cdn.spesati.com/images/menu/bread-and-pasta.png"/>
                    Bread and pasta                    <i class="fa fa-angle-down" aria-hidden="true"></i>
                    <ul class="sub-menu">
                        <li>
                            <a class="estDynamic" href="../bread-and-pasta/crackers.html">Crackers</a>
                        </li>
                        <li>
                            <a class="estDynamic" href="../bread-and-pasta/rusks.html">Rusks</a>
                        </li>
                        <li>
                            <a class="estDynamic" href="../bread-and-pasta/white-bread.html">White bread</a>
                        </li>
                        <li>
                            <a class="estDynamic" href="../bread-and-pasta/local-bread.html">Local bread</a>
                        </li>
                        <li>
                            <a class="estDynamic" href="../bread-and-pasta/soft-bread.html">Soft bread</a>
                        </li>
                        <li>
                            <a class="estDynamic" href="../bread-and-pasta/sardinian-bread.html">Sardinian bread</a>
                        </li>
                        <li>
                            <a class="estDynamic" href="../bread-and-pasta/bakery.html">Bakery</a>
                        </li>
                        <li>
                            <a class="estDynamic" href="../bread-and-pasta/pasta.html">Pasta</a>
                        </li>
                        <li>
                            <a class="estDynamic" href="../bread-and-pasta/fresh-pasta.html">Fresh pasta</a>
                        </li>
                    </ul>
                </li>
                <li>
                    <img src="../../cdn.spesati.com/images/menu/meat.png"/>
                    Meat                    <i class="fa fa-angle-down" aria-hidden="true"></i>
                    <ul class="sub-menu">
                        <li>
                            <a class="estDynamic" href="../meat/beef.html">Beef</a>
                        </li>
                        <li>
                            <a class="estDynamic" href="../meat/goat.html">Goat</a>
                        </li>
                        <li>
                            <a class="estDynamic" href="../meat/packaged-meat.html">Packaged meat</a>
                        </li>
                        <li>
                            <a class="estDynamic" href="../meat/rabbit.html">Rabbit</a>
                        </li>
                        <li>
                            <a class="estDynamic" href="../meat/horse.html">Horse</a>
                        </li>
                        <li>
                            <a class="estDynamic" href="../meat/pork.html">Pork</a>
                        </li>
                        <li>
                            <a class="estDynamic" href="../meat/lamb.html">Lamb</a>
                        </li>
                        <li>
                            <a class="estDynamic" href="../meat/poultry.html">Poultry</a>
                        </li>
                    </ul>
                </li>
                <li>
                    <img src="../../cdn.spesati.com/images/menu/fish.png"/>
                    Fish                    <i class="fa fa-angle-down" aria-hidden="true"></i>
                    <ul class="sub-menu">
                        <li>
                            <a class="estDynamic" href="../fish/fresh-water.html">Fresh water</a>
                        </li>
                        <li>
                            <a class="estDynamic" href="../fish/salt-water.html">Salt water</a>
                        </li>
                        <li>
                            <a class="estDynamic" href="../fish/mussels.html">Mussels</a>
                        </li>
                        <li>
                            <a class="estDynamic" href="../fish/dried-and-salted.html">Dried and salted</a>
                        </li>
                        <li>
                            <a class="estDynamic" href="../fish/seafood-salad.html">Seafood salad</a>
                        </li>
                        <li>
                            <a class="estDynamic" href="../fish/prepared.html">Prepared</a>
                        </li>
                        <li>
                            <a class="estDynamic" href="../fish/specialty.html">Specialty</a>
                        </li>   
                        <li>
                            <a class="estDynamic" href="../fish/tuna-and-salmon.html">Tuna and salmon</a>
                        </li>
                    </ul>
                </li>
                <li>
                    <img src="../../cdn.spesati.com/images/menu/alcohol.png"/>
                    Wine beer and spirits                    <i class="fa fa-angle-down" aria-hidden="true"></i>
                    <ul class="sub-menu">
                        <li>
                            <a class="estDynamic" href="../wine-beer-and-spirits/spirits-and-liquors.html">Alcohol</a>
                        </li>
                        <li>
                            <a class="estDynamic" href="../wine-beer-and-spirits/bitters.html">Bitters</a>
                        </li>
                        <li>
                            <a class="estDynamic" href="../wine-beer-and-spirits/aperatif.html">Aperatifs</a>
                        </li>
                        <li>
                            <a class="estDynamic" href="../wine-beer-and-spirits/beer.html">Beer</a>
                        </li>
                        <li>
                            <a class="estDynamic" href="../wine-beer-and-spirits/creams.html">Creams</a>
                        </li>
                        <li>
                            <a class="estDynamic" href="../wine-beer-and-spirits/spirits.html">Spirits</a>
                        </li>
                        <li>
                            <a class="estDynamic" href="../wine-beer-and-spirits/liquors.html">Liquors</a>
                        </li>
                        <li>
                            <a class="estDynamic" href="../wine-beer-and-spirits/white-wine.html">White wine</a>
                        </li>
                        <li>
                            <a class="estDynamic" href="../wine-beer-and-spirits/prosecco-wine.html">Prosecco wine</a>
                        </li>
                        <li>
                            <a class="estDynamic" href="../wine-beer-and-spirits/rose-wine.html">Rose wine</a>
                        </li>
                        <li>
                            <a class="estDynamic" href="../wine-beer-and-spirits/red-wine.html">Red wine</a>
                        </li>
                        <li>
                            <a class="estDynamic" href="../wine-beer-and-spirits/specialty-wine.html">Special wine</a>
                        </li>
                        <li>
                            <a class="estDynamic" href="../wine-beer-and-spirits/sparkling-wine.html">Sparkling wine</a>
                        </li>
                        <li>
                            <a class="estDynamic" href="../wine-beer-and-spirits/vermentino-wine.html">Vermentino wine</a>
                        </li>
                    </ul>
                </li>
                <li>
                    <img src="../../cdn.spesati.com/images/menu/water-and-drinks.png"/>
                    Water and drinks                    <i class="fa fa-angle-down" aria-hidden="true"></i>
                    <ul class="sub-menu">
                        <li>
                            <a class="estDynamic" href="../water-and-drinks/san-martino.html">San Martino</a>
                        </li>
                        <li>
                            <a class="estDynamic" href="../water-and-drinks/water.html">Water</a>
                        </li>
                        <li>
                            <a class="estDynamic" href="../water-and-drinks/alpro.html">Alpro</a>
                        </li>
                        <li>
                            <a class="estDynamic" href="../water-and-drinks/fizzy-drinks.html">Fizzy drinks</a>
                        </li>
                        <li>
                            <a class="estDynamic" href="../water-and-drinks/coca-cola.html">Coca-Cola</a>
                        </li>
                        <li>
                            <a class="estDynamic" href="../water-and-drinks/energy-drink.html">Energy drink</a>
                        </li>
                        <li>
                            <a class="estDynamic" href="../water-and-drinks/syrups.html">Syrups</a>
                        </li>
                        <li>
                            <a class="estDynamic" href="../water-and-drinks/supplements.html">Supplements</a>
                        </li>
                        <li>
                            <a class="estDynamic" href="../water-and-drinks/instant-drinks.html">Instant drinks</a>
                        </li>
                        <li>
                            <a class="estDynamic" href="../water-and-drinks/juice.html">Juice</a>
                        </li>
                        <li>
                            <a class="estDynamic" href="../water-and-drinks/tea.html">Tea</a>
                        </li>
                    </ul>
                </li>
                <li>
                    <img src="../../cdn.spesati.com/images/menu/sweets.png"/>
                    Sweets                    <i class="fa fa-angle-down" aria-hidden="true"></i>
                    <ul class="sub-menu">
                        <li>
                            <a class="estDynamic" href="../sweets/bars-and-snacks.html">Bars and snacks</a>
                        </li>
                        <li>
                            <a class="estDynamic" href="../sweets/biscuits.html">Biscuits</a>
                        </li>
                        <li>
                            <a class="estDynamic" href="../sweets/brioches.html">Brioches</a>
                        </li>
                        <li>
                            <a class="estDynamic" href="../sweets/candy-and-chewing-gum.html">Candy and chewing gum</a>
                        </li>
                        <li>
                            <a class="estDynamic" href="../sweets/cereals.html">Cereals</a>
                        </li>
                        <li>
                            <a class="estDynamic" href="../sweets/chocolate.html">Chocolate</a>
                        </li>
                        <li>
                            <a class="estDynamic" href="../sweets/spreadable-creams.html">Spreads</a>
                        </li>
                        <li>
                            <a class="estDynamic" href="../sweets/dessert-toppings.html">Dessert toppings</a>
                        </li>
                        <li>
                            <a class="estDynamic" href="../sweets/jam.html">Jam</a>
                        </li>
                        <li>
                            <a class="estDynamic" href="../sweets/honey.html">Honey</a>
                        </li>
                        <li>
                            <a class="estDynamic" href="../sweets/panettoni-and-pandoro.html">Panettone and pandoro</a>
                        </li>
                        <li>
                            <a class="estDynamic" href="../sweets/pastry.html">Pastry</a>
                        </li>
                        <li>
                            <a class="estDynamic" href="../sweets/instant-dessert.html">Prepared</a>
                        </li>
                        <li>
                            <a class="estDynamic" href="../sweets/cakes-and-pies.html">Cakes and pies</a>
                        </li>
                        <li>
                            <a class="estDynamic" href="../sweets/easter-eggs-and-doves.html">Easter eggs and doves</a>
                        </li>
                    </ul>
                </li>
                <li>
                    <img src="../../cdn.spesati.com/images/menu/shelf.png"/>
                    Cupboard                    <i class="fa fa-angle-down" aria-hidden="true"></i>
                    <ul class="sub-menu">
                        <li>
                            <a class="estDynamic" href="../shelf/coffee.html">Coffee</a>
                        </li>
                        <li>
                            <a class="estDynamic" href="../shelf/gift-baskets.html">Gift baskets</a>
                        </li>
                        <li>
                            <a class="estDynamic" href="../shelf/stock-cubes.html">Nuts and preparations</a>
                        </li>
                        <li>
                            <a class="estDynamic" href="../shelf/flour-and-baking.html">Flour and baking</a>
                        </li>
                        <li>
                            <a class="estDynamic" href="../shelf/milk.html">Milk</a>
                        </li>
                        <li>
                            <a class="estDynamic" href="../shelf/oil-salt-vinegar.html">Oil, vinegar and salt</a>
                        </li>
                        <li>
                            <a class="estDynamic" href="../shelf/cream-and-bechamel.html">Cream and bechamel</a>
                        </li>
                        <li>
                            <a class="estDynamic" href="../shelf/crisps-and-pretzels.html">Crisps and pretzels</a>
                        </li>
                        <li>
                            <a class="estDynamic" href="../shelf/baby-and-infants-products.html">Early childhood products</a>
                        </li>
                        <li>
                            <a class="estDynamic" href="../shelf/rice.html">Rice</a>
                        </li>
                        <li>
                            <a class="estDynamic" href="../shelf/tins-and-preserves.html">Tins and Preserves</a>
                        </li>
                        <li>
                            <a class="estDynamic" href="../shelf/spices.html">Spices</a>
                        </li>
                        <li>
                            <a class="estDynamic" href="../shelf/sauces.html">Sauces</a>
                        </li>
                        <li>
                            <a class="estDynamic" href="../shelf/tea-and-infusions.html">Tea and infusions</a>
                        </li>
                        <li>
                            <a class="estDynamic" href="../shelf/eggs.html">Eggs</a>
                        </li>
                        <li>
                            <a class="estDynamic" href="../shelf/sugar-and-sweeteners.html">Sugar and sweeteners</a>
                        </li>
                    </ul>
                </li>
                <li>
                    <img src="../../cdn.spesati.com/images/menu/personal-care.png"/>
                    Personal care                    <i class="fa fa-angle-down" aria-hidden="true"></i>
                    <ul class="sub-menu">
                        <li>
                            <a class="estDynamic" href="../personal-care/accessories-and-cotton.html">Accessories and cotton</a>
                        </li>
                        <li>
                            <a class="estDynamic" href="../personal-care/feminine-care-incontinence-and-baby-diapers.html">Feminine incontinence and diapers</a>
                        </li>
                        <li>
                            <a class="estDynamic" href="../personal-care/shower-gel.html">Shower gel</a>
                        </li>
                        <li>
                            <a class="estDynamic" href="../personal-care/creams.html">Creams</a>
                        </li>
                        <li>
                            <a class="estDynamic" href="../personal-care/deodorant.html">Deodorant</a>
                        </li>
                        <li>
                            <a class="estDynamic" href="../personal-care/hair-removal.html">Hair removal</a>
                        </li>
                        <li>
                            <a class="estDynamic" href="../personal-care/disinfectants.html">Disinfectants</a>
                        </li>
                        <li>
                            <a class="estDynamic" href="../personal-care/oral-hygiene.html">Oral hygiene</a>
                        </li>
                        <li>
                            <a class="estDynamic" href="../personal-care/supplements-and-multivitamins.html">Supplements and multivitamins</a>
                        </li>
                        <li>
                            <a class="estDynamic" href="../personal-care/first-aid.html">First aid label</a>
                        </li>
                        <li>
                            <a class="estDynamic" href="../personal-care/beard-products.html">Beard products</a>
                        </li>
                        <li>
                            <a class="estDynamic" href="../personal-care/hairs-products.html">Hair products</a>
                        </li>
                        <li>
                            <a class="estDynamic" href="../personal-care/perfume.html">Perfumes</a>
                        </li>
                        <li>
                            <a class="estDynamic" href="../personal-care/wipes.html">Wipes</a>
                        </li>
                        <li>
                            <a class="estDynamic" href="../personal-care/soaps-and-body-wash.html">Soaps and body wash</a>
                        </li>
                        <li>
                            <a class="estDynamic" href="../personal-care/shampoo-and-conditioner.html">Shampoo and conditioner</a>
                        </li>
                    </ul>
                </li>
                <li>
                    <img src="../../cdn.spesati.com/images/menu/pellet-and-home.png"/>
                    Home and outdoors                    <i class="fa fa-angle-down" aria-hidden="true"></i>
                    <ul class="sub-menu">
                        <li>
                            <a class="estDynamic" href="../household-and-outdoors/distilled-water.html">Distilled water</a>
                        </li>
                        <li>
                            <a class="estDynamic" href="../household-and-outdoors/car-products.html">Cars</a>
                        </li>
                        <li>
                            <a class="estDynamic" href="../household-and-outdoors/bin-bags-and-buckets.html">Bin bags and buckets</a>
                        </li>
                        <li>
                            <a class="estDynamic" href="../household-and-outdoors/bleach-and-stain-removers.html">Bleach and stain removers</a>
                        </li>
                        <li>
                            <a class="estDynamic" href="../household-and-outdoors/candles.html">Candles</a>
                        </li>
                        <li>
                            <a class="estDynamic" href="../household-and-outdoors/kitchen-roll.html">Kitchen roll</a>
                        </li>
                        <li>
                            <a class="estDynamic" href="../household-and-outdoors/air-fresheners.html">Air fresheners</a>
                        </li>
                        <li>
                            <a class="estDynamic" href="../household-and-outdoors/laundry-accessories-and-detergent.html">Laundry detergent</a>
                        </li>
                        <li>
                            <a class="estDynamic" href="../household-and-outdoors/dishwasher-and-washing-up.html">Dishwasher and washing up</a>
                        </li>
                        <li>
                            <a class="estDynamic" href="../household-and-outdoors/gardening.html">Gardening</a>
                        </li>
                        <li>
                            <a class="estDynamic" href="../household-and-outdoors/light-bulbs-and-batteries.html">Lightbulbs and batteries</a>
                        </li>
                        <li>
                            <a class="estDynamic" href="../household-and-outdoors/pellet-and-bbq.html">Pellet and BBQ</a>
                        </li>
                        <li>
                            <a class="estDynamic" href="../household-and-outdoors/bathroom-products.html">Bathroom products</a>
                        </li>
                        <li>
                            <a class="estDynamic" href="../household-and-outdoors/home-and-furniture-products.html">Home and furniture products</a>
                        </li>
                        <li>
                            <a class="estDynamic" href="../household-and-outdoors/kitchen-products.html">Kitchen products</a>
                        </li>
                        <li>
                            <a class="estDynamic" href="../household-and-outdoors/window-and-floor-cleaners.html">Window and floor cleaner</a>
                        </li>
                        <li>
                            <a class="estDynamic" href="../household-and-outdoors/repellents.html">Repellents</a>
                        </li>
                        <li>
                            <a class="estDynamic" href="../household-and-outdoors/disposable-tableware.html">Disposable tableware</a>
                        </li>
                    </ul>
                </li>
                <li>
                    <img src="../../cdn.spesati.com/images/menu/animals.png"/>
                    Pets                    <i class="fa fa-angle-down" aria-hidden="true"></i>
                    <ul class="sub-menu">
                        <li>
                            <a class="estDynamic" href="../pets/pet-food-other-animals.html">Other animals pet food</a>
                        </li>
                        <li>
                            <a class="estDynamic" href="../pets/pet-food-dogs.html">Pet food dogs</a>
                        </li>
                        <li>
                            <a class="estDynamic" href="../pets/pet-food-cats.html">Pet food cats</a>
                        </li>
                        <li>
                            <a class="estDynamic" href="../pets/hygiene-and-cleaning.html">Hygiene and cleaning</a>
                        </li>
                    </ul>
                </li>
                <li>
                    <img src="../../cdn.spesati.com/images/menu/technology.png"/>
                    Technology                    <i class="fa fa-angle-down" aria-hidden="true"></i>
                    <ul class="sub-menu">
                        <li>
                            <a class="estDynamic" href="../technology/accessories.html">Accessories</a>
                        </li>
                        <li>
                            <a class="estDynamic" href="../technology/computer.html">Computer</a>
                        </li>
                        <li>
                            <a class="estDynamic" href="../technology/telephones.html">Telephones</a>
                        </li>
                        <li>
                            <a class="estDynamic" href="../technology/tv.html">TV</a>
                        </li>
                    </ul>
                </li>
                <li>
                    <img src="../../cdn.spesati.com/images/menu/gluten-free.png"/>
                    Gluten free                    <i class="fa fa-angle-down" aria-hidden="true"></i>
                    <ul class="sub-menu">
                        <li>
                            <a class="estDynamic" href="../gluten-free/frozen-foods.html">Frozen foods</a>
                        </li>
                        <li>
                            <a class="estDynamic" href="../gluten-free/beer.html">Beer</a>
                        </li>
                        <li>
                            <a class="estDynamic" href="../gluten-free/sweets.html">Sweets</a>
                        </li>
                        <li>
                            <a class="estDynamic" href="../gluten-free/bread-and-pasta.html">Bread and pasta</a>
                        </li>
                        <li>
                            <a class="estDynamic" href="../gluten-free/shelf.html">Cupboard</a>
                        </li>
                    </ul>
                </li>
                <li>
                    <img src="../../cdn.spesati.com/images/menu/lactose-free.png"/>
                    Lactose free                    <i class="fa fa-angle-down" aria-hidden="true"></i>
                    <ul class="sub-menu">
                        <li>
                            <a class="estDynamic" href="../lactose-free/frozen-foods.html">Frozen foods</a>
                        </li>
                        <li>
                            <a class="estDynamic" href="../lactose-free/sweets.html">Sweets</a>
                        </li>
                        <li>
                            <a class="estDynamic" href="../lactose-free/dairy-product.html">Dairy product</a>
                        </li>
                        <li>
                            <a class="estDynamic" href="../lactose-free/shelf.html">Cupboard</a>
                        </li>
                    </ul>
                </li>
                <li>
                    <img src="../../cdn.spesati.com/images/menu/special.png"/>
                    Special                    <i class="fa fa-angle-down" aria-hidden="true"></i>
                    <ul class="sub-menu">
                        <li>
                            <a class="estDynamic" href="../special/alpro.html">Alpro</a>
                        </li>
                        <li>
                            <a class="estDynamic" href="../special/organic.html">Biological</a>
                        </li>
                        <li>
                            <a class="estDynamic" href="../special/meat.html">Meat</a>
                        </li>
                        <li>
                            <a class="estDynamic" href="../special/wholegrain.html">Wholegrain</a>
                        </li>
                        <li>
                            <a class="estDynamic" href="../special/bread-and-pasta.html">Bread and pasta</a>
                        </li>
                        <li>
                            <a class="estDynamic" href="../special/vegan.html">Vegan</a>
                        </li>
                    </ul>
                </li>
                <li>
                    <img src="../../cdn.spesati.com/images/menu/sardinian-products.png"/>
                    Sardinian products                    <i class="fa fa-angle-down" aria-hidden="true"></i>
                    <ul class="sub-menu">
                        <li>
                            <a class="estDynamic" href="../sardinian-products/drinks.html">Drinks</a>
                        </li>
                        <li>
                            <a class="estDynamic" href="../sardinian-products/meat.html">Meat</a>
                        </li>
                        <li>
                            <a class="estDynamic" href="../sardinian-products/sweets.html">Sweets</a>
                        </li>
                        <li>
                            <a class="estDynamic" href="../sardinian-products/fruit-and-vegetables.html">Fruit and vegetables</a>
                        </li>
                        <li>
                            <a class="estDynamic" href="../sardinian-products/ichnusa.html">Ichnusa</a>
                        </li>
                        <li>
                            <a class="estDynamic" href="../sardinian-products/dairy-product.html">Dairy product</a>
                        </li>
                        <li>
                            <a class="estDynamic" href="../sardinian-products/bread-and-pasta.html">Bread and pasta</a>
                        </li>
                        <li>
                            <a class="estDynamic" href="../sardinian-products/fish.html">Fish</a>
                        </li>
                        <li>
                            <a class="estDynamic" href="../sardinian-products/cured-meat.html">Cured meat</a>
                        </li>
                        <li>
                            <a class="estDynamic" href="../sardinian-products/shelf.html">Cupboard</a>
                        </li>
                        <li>
                            <a class="estDynamic" href="../sardinian-products/vermentino-wine.html">Vermentino wine</a>
                        </li>
                        <li>
                            <a class="estDynamic" href="../sardinian-products/wine-beer-and-spirits.html">Wine beer and spirits</a>
                        </li>
                    </ul>
                </li>
            </ul>
        </li>
        <li>
            <a href="../about.html">About</a>
        </li>
        <li>
            <a href="../faq.html">Faq</a>
        </li>
        <li>
            <a href="../customer-care.html">Support</a>
        </li>
        <li>
            <a href="../news.html">Blog</a>
        </li>
        <li>
            <a href="../terms-and-conditions.html">Conditions</a>
        </li>
        <li>
            <a href="../privacy-policy.html">Privacy policy</a>
        </li>
        <li>
            <a href="../login.html">Login</a>
        </li>
        <li>
             <a href="../sign-up.html">Sign up</a>
        </li>
    </ul>
</div><section class="first">
    <div id="menuCategories" class="colLeft">
    <ul id="main_nav" >
        <li>
            <a class="estDynamic" href="../on-offer.html">
               <img src="../../cdn.spesati.com/images/menu/on-sale.png"/>
               On sale            </a>
            <i class="fa fa-angle-right" aria-hidden="true"></i>
            <ul class="sub-menu">
                <li>
    <a href="../tacchino-fesa-a-fette.html" class="estDynamic">Tacchino Fesa A Fette</a>
</li><li>
    <a href="../amaro-montenegro-15lt.html" class="estDynamic">Amaro Montenegro 1,5lt</a>
</li><li>
    <a href="../carbone-di-legna-sacco-10kg.html" class="estDynamic">Carbone Di Legna Sacco 10Kg</a>
</li><li>
    <a href="../filu-e-ferru-silvio-carta-70cl.html" class="estDynamic">Filu E Ferru Silvio Carta 70Cl</a>
</li><li>
    <a href="../braciole-suino-con-cotenna.html" class="estDynamic">Braciole Suino Con Cotenna</a>
</li><li>
    <a href="../bovino-adulto-polpa.html" class="estDynamic">Bovino Adulto Polpa</a>
</li><li>
    <a href="../vino-la-palma-cannonau-le-bombarde.html" class="estDynamic">Vino La Palma Cannonau Le Bombarde</a>
</li><li>
    <a href="../fettine-sceltissime-bovino-adulto.html" class="estDynamic">Fettine Sceltissime Bovino Adulto</a>
</li><li>
    <a href="../suino-fettine-scelte.html" class="estDynamic">Suino Fettine Scelte</a>
</li><li>
    <a href="../lavazza-caffe-qualita-rossa-2x250gr.html" class="estDynamic">Lavazza Caffé Qualità Rossa 2x250gr</a>
</li>                <li>
                    <a class="estDynamic" href="../on-offer.html">All products on sale</a>
                </li>
            </ul>
        </li>
        <li>
            <a class="estDynamic" href="../gift.html">
               <img src="../../cdn.spesati.com/images/menu/gift.png"/>
               Gifts            </a>
            <i class="fa fa-angle-right" aria-hidden="true"></i>
            <ul class="sub-menu">
                <li>
    <a href="../gift-card-da-150.html" class="estDynamic">Gift Card Da 150</a>
</li><li>
    <a href="../gift-card-da-100.html" class="estDynamic">Gift Card Da 100</a>
</li><li>
    <a href="../gift-card-da-50.html" class="estDynamic">Gift Card Da 50</a>
</li><li>
    <a href="../gift-card-da-25.html" class="estDynamic">Gift Card Da 25</a>
</li>                <li>
                    <a class="estDynamic" href="../gift.html">All products in the gifts category</a>
                </li>
            </ul>
        </li>
        <li>
            <a class="estDynamic" href="../gift-card.html">
               <img src="../../cdn.spesati.com/images/menu/gift-card.png"/>
               Gift card and discounts            </a>
            <i class="fa fa-angle-right" aria-hidden="true"></i>
            <ul class="sub-menu">
                <li>
    <a href="../gift-card-da-150.html">Gift Card Da 150</a>
</li><li>
    <a href="../gift-card-da-100.html">Gift Card Da 100</a>
</li><li>
    <a href="../gift-card-da-50.html">Gift Card Da 50</a>
</li><li>
    <a href="../gift-card-da-25.html">Gift Card Da 25</a>
</li>            </ul>
        </li>
        <li>
            <a class="estDynamic" href="../fruit-and-vegetables.html">
               <img src="../../cdn.spesati.com/images/menu/fuit-and-vegetables.png"/>
               Fruit and vegetables           </a>
            <i class="fa fa-angle-right" aria-hidden="true"></i>
            <ul class="sub-menu">
                <li>
                    <a class="estDynamic" href="../fruit-and-vegetables/pulses-and-beans.html">Cereals and pulses and beans</a>
                </li>
                <li>
                    <a class="estDynamic" href="../fruit-and-vegetables/fruit.html">Fruit</a>
                </li>
                <li>
                    <a class="estDynamic" href="../fruit-and-vegetables/canned-fruit.html">Canned fruit</a>
                </li>
                <li>
                    <a class="estDynamic" href="../fruit-and-vegetables/dried-fruit.html">Dried fruit</a>
                </li>
                <li>
                    <a class="estDynamic" href="../fruit-and-vegetables/ready-salads.html">Ready salads</a>
                </li>
                <li>
                    <a class="estDynamic" href="../fruit-and-vegetables/fresh-spices.html">Fresh spices</a>
                </li>
                <li>
                    <a class="estDynamic" href="../fruit-and-vegetables/vegetables.html">Vegetables and soy</a>
                </li>
            </ul>
        </li>
        <li>
            <a class="estDynamic" href="../fresh-products.html">
                <img src="../../cdn.spesati.com/images/menu/fresh-products.png"/>
                Fresh products            </a>
            <i class="fa fa-angle-right" aria-hidden="true"></i>
            <ul class="sub-menu">
                <li>
                    <a class="estDynamic" href="../fresh-products/margarine-and-butter.html">Butter and margarine</a>
                </li>
                <li>
                    <a class="estDynamic" href="../fresh-products/danone.html">Danone</a>
                </li>
                <li>
                    <a class="estDynamic" href="../fresh-products/dessert.html">Dessert</a>
                </li>
                <li>
                    <a class="estDynamic" href="../fresh-products/sweets.html">Sweets</a>
                </li>
                <li>
                    <a class="estDynamic" href="../fresh-products/dairy-products.html">Dairy product</a>
                </li>
                <li>
                    <a class="estDynamic" href="../fresh-products/bakery.html">Yeast</a>
                </li>
                <li>
                    <a class="estDynamic" href="../fresh-products/mascarpone.html">Mascarpone</a>
                </li>
                <li>
                    <a class="estDynamic" href="../fresh-products/snacks.html">Snacks</a>
                </li>
                <li>
                    <a class="estDynamic" href="../fresh-products/mozzarella.html">Mozzarella</a>
                </li>
                <li>
                    <a class="estDynamic" href="../fresh-products/pasta.html">Pasta</a>
                </li>
                <li>
                    <a class="estDynamic" href="../fresh-products/pesto-and-sauces.html">Pesto and sauces</a>
                </li>
                <li>
                    <a class="estDynamic" href="../fresh-products/ricotta-and-cheese.html">Ricotta and cheese</a>
                </li>
                <li>
                    <a class="estDynamic" href="../fresh-products/cured-meat.html">Cured meat</a>
                </li>
                <li>
                    <a class="estDynamic" href="../fresh-products/wurstel.html">Würstel</a>
                </li>
                <li>
                    <a class="estDynamic" href="../fresh-products/yogurt.html">Yogurt</a>
                </li>
            </ul>
        </li>
        <li>
            <a class="estDynamic" href="../frozen-foods.html">
                <img src="../../cdn.spesati.com/images/menu/frozen-foods.png"/>
                Frozen foods            </a>
            <i class="fa fa-angle-right" aria-hidden="true"></i>
            <ul class="sub-menu">
                <li>
                    <a class="estDynamic" href="meat.html">Meat</a>
                </li>
                <li>
                    <a class="estDynamic" href="ice-creams.html">Ice cream and sweet</a>
                </li>
                <li>
                    <a class="estDynamic" href="pasta.html">Pasta</a>
                </li>
                <li>
                    <a class="estDynamic" href="fish.html">Fish</a>
                </li>
                <li>
                    <a class="estDynamic" href="ready-meals.html">Ready meals</a>
                </li>
                <li>
                    <a class="estDynamic" href="pizzas.html">Pizzas</a>
                </li>
                <li>
                    <a class="estDynamic" href="vegetables.html">Vegetables and soy</a>
                </li>
            </ul>
        </li>
        <li>
            <a class="estDynamic" href="../bread-and-pasta.html">
                <img src="../../cdn.spesati.com/images/menu/bread-and-pasta.png"/>
                Bread and pasta            </a>
            <i class="fa fa-angle-right" aria-hidden="true"></i>
            <ul class="sub-menu">
                <li>
                    <a class="estDynamic" href="../bread-and-pasta/crackers.html">Crackers</a>
                </li>
                <li>
                    <a class="estDynamic" href="../bread-and-pasta/rusks.html">Rusks</a>
                </li>
                <li>
                    <a class="estDynamic" href="../bread-and-pasta/white-bread.html">White bread</a>
                </li>
                <li>
                    <a class="estDynamic" href="../bread-and-pasta/local-bread.html">Local bread</a>
                </li>
                <li>
                    <a class="estDynamic" href="../bread-and-pasta/soft-bread.html">Soft bread</a>
                </li>
                <li>
                    <a class="estDynamic" href="../bread-and-pasta/sardinian-bread.html">Sardinian bread</a>
                </li>
                <li>
                    <a class="estDynamic" href="../bread-and-pasta/bakery.html">Bakery</a>
                </li>
                <li>
                    <a class="estDynamic" href="../bread-and-pasta/pasta.html">Pasta</a>
                </li>
                <li>
                    <a class="estDynamic" href="../bread-and-pasta/fresh-pasta.html">Fresh pasta</a>
                </li>
            </ul>
        </li>
        <li>
            <a class="estDynamic" href="../meat.html">
                <img src="../../cdn.spesati.com/images/menu/meat.png"/>
                Meat            </a>
            <i class="fa fa-angle-right" aria-hidden="true"></i>
            <ul class="sub-menu">
                <li>
                    <a class="estDynamic" href="../meat/beef.html">Beef</a>
                </li>
                <li>
                    <a class="estDynamic" href="../meat/goat.html">Goat</a>
                </li>
                <li>
                    <a class="estDynamic" href="../meat/packaged-meat.html">Packaged meat</a>
                </li>
                <li>
                    <a class="estDynamic" href="../meat/rabbit.html">Rabbit</a>
                </li>
                <li>
                    <a class="estDynamic" href="../meat/horse.html">Horse</a>
                </li>
                <li>
                    <a class="estDynamic" href="../meat/pork.html">Pork</a>
                </li>
                <li>
                    <a class="estDynamic" href="../meat/lamb.html">Lamb</a>
                </li>
                <li>
                    <a class="estDynamic" href="../meat/poultry.html">Poultry</a>
                </li>
            </ul>
        </li>
        <li>
            <a class="estDynamic" href="../fish.html">
                <img src="../../cdn.spesati.com/images/menu/fish.png"/>
                Fish            </a>
            <i class="fa fa-angle-right" aria-hidden="true"></i>
            <ul class="sub-menu">
                <li>
                    <a class="estDynamic" href="../fish/fresh-water.html">Fresh water</a>
                </li>
                <li>
                    <a class="estDynamic" href="../fish/salt-water.html">Salt water</a>
                </li>
                <li>
                    <a class="estDynamic" href="../fish/mussels.html">Mussels</a>
                </li>
                <li>
                    <a class="estDynamic" href="../fish/dried-and-salted.html">Dried and salted</a>
                </li>
                <li>
                    <a class="estDynamic" href="../fish/seafood-salad.html">Seafood salad</a>
                </li>
                <li>
                    <a class="estDynamic" href="../fish/prepared.html">Prepared</a>
                </li>
                <li>
                    <a class="estDynamic" href="../fish/specialty.html">Specialty</a>
                </li>   
                <li>
                    <a class="estDynamic" href="../fish/tuna-and-salmon.html">Tuna and salmon</a>
                </li>
            </ul>
        </li>
        <li>
            <a class="estDynamic" href="../wine-beer-and-spirits.html">
                <img src="../../cdn.spesati.com/images/menu/alcohol.png"/>
                Wine beer and spirits            </a>
            <i class="fa fa-angle-right" aria-hidden="true"></i>
            <ul class="sub-menu">
                <li>
                    <a class="estDynamic" href="../wine-beer-and-spirits/spirits-and-liquors.html">Alcohol</a>
                </li>
                <li>
                    <a class="estDynamic" href="../wine-beer-and-spirits/bitters.html">Bitters</a>
                </li>
                <li>
                    <a class="estDynamic" href="../wine-beer-and-spirits/aperatif.html">Aperatifs</a>
                </li>
                <li>
                    <a class="estDynamic" href="../wine-beer-and-spirits/beer.html">Beer</a>
                </li>
                <li>
                    <a class="estDynamic" href="../wine-beer-and-spirits/creams.html">Creams</a>
                </li>
                <li>
                    <a class="estDynamic" href="../wine-beer-and-spirits/spirits.html">Spirits</a>
                </li>
                <li>
                    <a class="estDynamic" href="../wine-beer-and-spirits/liquors.html">Liquors</a>
                </li>
                <li>
                    <a class="estDynamic" href="../wine-beer-and-spirits/white-wine.html">White wine</a>
                </li>
                <li>
                    <a class="estDynamic" href="../wine-beer-and-spirits/prosecco-wine.html">Prosecco wine</a>
                </li>
                <li>
                    <a class="estDynamic" href="../wine-beer-and-spirits/rose-wine.html">Rose wine</a>
                </li>
                <li>
                    <a class="estDynamic" href="../wine-beer-and-spirits/red-wine.html">Red wine</a>
                </li>
                <li>
                    <a class="estDynamic" href="../wine-beer-and-spirits/specialty-wine.html">Special wine</a>
                </li>
                <li>
                    <a class="estDynamic" href="../wine-beer-and-spirits/sparkling-wine.html">Sparkling wine</a>
                </li>
                <li>
                    <a class="estDynamic" href="../wine-beer-and-spirits/vermentino-wine.html">Vermentino wine</a>
                </li>
            </ul>
        </li>
        <li>
            <a class="estDynamic" href="../water-and-drinks.html">
                <img src="../../cdn.spesati.com/images/menu/water-and-drinks.png"/>
                Water and drinks            </a>
            <i class="fa fa-angle-right" aria-hidden="true"></i>
            <ul class="sub-menu">
                <li>
                    <a class="estDynamic" href="../water-and-drinks/san-martino.html">San Martino</a>
                </li>
                <li>
                    <a class="estDynamic" href="../water-and-drinks/water.html">Water</a>
                </li>
                <li>
                    <a class="estDynamic" href="../water-and-drinks/alpro.html">Alpro</a>
                </li>
                <li>
                    <a class="estDynamic" href="../water-and-drinks/fizzy-drinks.html">Fizzy drinks</a>
                </li>
                <li>
                    <a class="estDynamic" href="../water-and-drinks/coca-cola.html">Coca-Cola</a>
                </li>
                <li>
                    <a class="estDynamic" href="../water-and-drinks/energy-drink.html">Energy drink</a>
                </li>
                <li>
                    <a class="estDynamic" href="../water-and-drinks/syrups.html">Syrups</a>
                </li>
                <li>
                    <a class="estDynamic" href="../water-and-drinks/supplements.html">Supplements</a>
                </li>
                <li>
                    <a class="estDynamic" href="../water-and-drinks/instant-drinks.html">Instant drinks</a>
                </li>
                <li>
                    <a class="estDynamic" href="../water-and-drinks/juice.html">Juice</a>
                </li>
                <li>
                    <a class="estDynamic" href="../water-and-drinks/tea.html">Tea</a>
                </li>
            </ul>
        </li>
        <li>
            <a class="estDynamic" href="../sweets.html">
                <img src="../../cdn.spesati.com/images/menu/sweets.png"/>
                Sweets            </a>
            <i class="fa fa-angle-right" aria-hidden="true"></i>
            <ul class="sub-menu">
                <li>
                    <a class="estDynamic" href="../sweets/bars-and-snacks.html">Bars and snacks</a>
                </li>
                <li>
                    <a class="estDynamic" href="../sweets/biscuits.html">Biscuits</a>
                </li>
                <li>
                    <a class="estDynamic" href="../sweets/brioches.html">Brioches</a>
                </li>
                <li>
                    <a class="estDynamic" href="../sweets/candy-and-chewing-gum.html">Candy and chewing gum</a>
                </li>
                <li>
                    <a class="estDynamic" href="../sweets/cereals.html">Cereals</a>
                </li>
                <li>
                    <a class="estDynamic" href="../sweets/chocolate.html">Chocolate</a>
                </li>
                <li>
                    <a class="estDynamic" href="../sweets/spreadable-creams.html">Spreads</a>
                </li>
                <li>
                    <a class="estDynamic" href="../sweets/dessert-toppings.html">Dessert toppings</a>
                </li>
                <li>
                    <a class="estDynamic" href="../sweets/jam.html">Jam</a>
                </li>
                <li>
                    <a class="estDynamic" href="../sweets/honey.html">Honey</a>
                </li>
                <li>
                    <a class="estDynamic" href="../sweets/panettoni-and-pandoro.html">Panettone and pandoro</a>
                </li>
                <li>
                    <a class="estDynamic" href="../sweets/pastry.html">Pastry</a>
                </li>
                <li>
                    <a class="estDynamic" href="../sweets/instant-dessert.html">Prepared</a>
                </li>
                <li>
                    <a class="estDynamic" href="../sweets/cakes-and-pies.html">Cakes and pies</a>
                </li>
                <li>
                    <a class="estDynamic" href="../sweets/easter-eggs-and-doves.html">Easter eggs and doves</a>
                </li>
            </ul>
        </li>
        <li>
            <a class="estDynamic" href="../shelf.html">
                <img src="../../cdn.spesati.com/images/menu/shelf.png"/>
                Cupboard            </a>
            <i class="fa fa-angle-right" aria-hidden="true"></i>
            <ul class="sub-menu">
                <li>
                    <a class="estDynamic" href="../shelf/coffee.html">Coffee</a>
                </li>
                <li>
                    <a class="estDynamic" href="../shelf/gift-baskets.html">Gift baskets</a>
                </li>
                <li>
                    <a class="estDynamic" href="../shelf/stock-cubes.html">Nuts and preparations</a>
                </li>
                <li>
                    <a class="estDynamic" href="../shelf/flour-and-baking.html">Flour and baking</a>
                </li>
                <li>
                    <a class="estDynamic" href="../shelf/milk.html">Milk</a>
                </li>
                <li>
                    <a class="estDynamic" href="../shelf/oil-salt-vinegar.html">Oil, vinegar and salt</a>
                </li>
                <li>
                    <a class="estDynamic" href="../shelf/cream-and-bechamel.html">Cream and bechamel</a>
                </li>
                <li>
                    <a class="estDynamic" href="../shelf/crisps-and-pretzels.html">Crisps and pretzels</a>
                </li>
                <li>
                    <a class="estDynamic" href="../shelf/baby-and-infants-products.html">Early childhood products</a>
                </li>
                <li>
                    <a class="estDynamic" href="../shelf/rice.html">Rice</a>
                </li>
                <li>
                    <a class="estDynamic" href="../shelf/tins-and-preserves.html">Tins and Preserves</a>
                </li>
                <li>
                    <a class="estDynamic" href="../shelf/spices.html">Spices</a>
                </li>
                <li>
                    <a class="estDynamic" href="../shelf/sauces.html">Sauces</a>
                </li>
                <li>
                    <a class="estDynamic" href="../shelf/tea-and-infusions.html">Tea and infusions</a>
                </li>
                <li>
                    <a class="estDynamic" href="../shelf/eggs.html">Eggs</a>
                </li>
                <li>
                    <a class="estDynamic" href="../shelf/sugar-and-sweeteners.html">Sugar and sweeteners</a>
                </li>
            </ul>
        </li>
        <li>
            <a class="estDynamic" href="../personal-care.html">
                <img src="../../cdn.spesati.com/images/menu/personal-care.png"/>
                Personal care            </a>
            <i class="fa fa-angle-right" aria-hidden="true"></i>
            <ul class="sub-menu">
                <li>
                    <a class="estDynamic" href="../personal-care/accessories-and-cotton.html">Accessories and cotton</a>
                </li>
                <li>
                    <a class="estDynamic" href="../personal-care/feminine-care-incontinence-and-baby-diapers.html">Feminine incontinence and diapers</a>
                </li>
                <li>
                    <a class="estDynamic" href="../personal-care/shower-gel.html">Shower gel</a>
                </li>
                <li>
                    <a class="estDynamic" href="../personal-care/creams.html">Creams</a>
                </li>
                <li>
                    <a class="estDynamic" href="../personal-care/deodorant.html">Deodorant</a>
                </li>
                <li>
                    <a class="estDynamic" href="../personal-care/hair-removal.html">Hair removal</a>
                </li>
                <li>
                    <a class="estDynamic" href="../personal-care/disinfectants.html">Disinfectants</a>
                </li>
                <li>
                    <a class="estDynamic" href="../personal-care/oral-hygiene.html">Oral hygiene</a>
                </li>
                <li>
                    <a class="estDynamic" href="../personal-care/supplements-and-multivitamins.html">Supplements and multivitamins</a>
                </li>
                <li>
                    <a class="estDynamic" href="../personal-care/first-aid.html">First aid label</a>
                </li>
                <li>
                    <a class="estDynamic" href="../personal-care/beard-products.html">Beard products</a>
                </li>
                <li>
                    <a class="estDynamic" href="../personal-care/hairs-products.html">Hair products</a>
                </li>
                <li>
                    <a class="estDynamic" href="../personal-care/perfume.html">Perfumes</a>
                </li>
                <li>
                    <a class="estDynamic" href="../personal-care/wipes.html">Wipes</a>
                </li>
                <li>
                    <a class="estDynamic" href="../personal-care/soaps-and-body-wash.html">Soaps and body wash</a>
                </li>
                <li>
                    <a class="estDynamic" href="../personal-care/shampoo-and-conditioner.html">Shampoo and conditioner</a>
                </li>
            </ul>
        </li>
        <li>
            <a class="estDynamic" href="../household-and-outdoors.html">
                <img src="../../cdn.spesati.com/images/menu/pellet-and-home.png"/>
                Home and outdoors 
            </a>
            <i class="fa fa-angle-right" aria-hidden="true"></i>
            <ul class="sub-menu">
                <li>
                    <a class="estDynamic" href="../household-and-outdoors/distilled-water.html">Distilled water</a>
                </li>
                <li>
                    <a class="estDynamic" href="../household-and-outdoors/car-products.html">Cars</a>
                </li>
                <li>
                    <a class="estDynamic" href="../household-and-outdoors/bin-bags-and-buckets.html">Bin bags and buckets</a>
                </li>
                <li>
                    <a class="estDynamic" href="../household-and-outdoors/bleach-and-stain-removers.html">Bleach and stain removers</a>
                </li>
                <li>
                    <a class="estDynamic" href="../household-and-outdoors/candles.html">Candles</a>
                </li>
                <li>
                    <a class="estDynamic" href="../household-and-outdoors/kitchen-roll.html">Kitchen roll</a>
                </li>
                <li>
                    <a class="estDynamic" href="../household-and-outdoors/air-fresheners.html">Air fresheners</a>
                </li>
                <li>
                    <a class="estDynamic" href="../household-and-outdoors/laundry-accessories-and-detergent.html">Laundry detergent</a>
                </li>
                <li>
                    <a class="estDynamic" href="../household-and-outdoors/dishwasher-and-washing-up.html">Dishwasher and washing up</a>
                </li>
                <li>
                    <a class="estDynamic" href="../household-and-outdoors/gardening.html">Gardening</a>
                </li>
                <li>
                    <a class="estDynamic" href="../household-and-outdoors/light-bulbs-and-batteries.html">Lightbulbs and batteries</a>
                </li>
                <li>
                    <a class="estDynamic" href="../household-and-outdoors/pellet-and-bbq.html">Pellet and BBQ</a>
                </li>
                <li>
                    <a class="estDynamic" href="../household-and-outdoors/bathroom-products.html">Bathroom products</a>
                </li>
                <li>
                    <a class="estDynamic" href="../household-and-outdoors/home-and-furniture-products.html">Home and furniture products</a>
                </li>
                <li>
                    <a class="estDynamic" href="../household-and-outdoors/kitchen-products.html">Kitchen products</a>
                </li>
                <li>
                    <a class="estDynamic" href="../household-and-outdoors/window-and-floor-cleaners.html">Window and floor cleaner</a>
                </li>
                <li>
                    <a class="estDynamic" href="../household-and-outdoors/repellents.html">Repellents</a>
                </li>
                <li>
                    <a class="estDynamic" href="../household-and-outdoors/disposable-tableware.html">Disposable tableware</a>
                </li>
            </ul>
        </li>
        <li>
            <a class="estDynamic" href="../pet.html">
                <img src="../../cdn.spesati.com/images/menu/animals.png"/>
                Pets            </a>
            <i class="fa fa-angle-right" aria-hidden="true"></i>
            <ul class="sub-menu">
                <li>
                    <a class="estDynamic" href="../pets/pet-food-other-animals.html">Other animals pet food</a>
                </li>
                <li>
                    <a class="estDynamic" href="../pets/pet-food-dogs.html">Pet food dogs</a>
                </li>
                <li>
                    <a class="estDynamic" href="../pets/pet-food-cats.html">Pet food cats</a>
                </li>
                <li>
                    <a class="estDynamic" href="../pets/hygiene-and-cleaning.html">Hygiene and cleaning</a>
                </li>
            </ul>
        </li>
        <li>
            <a class="estDynamic" href="../technology.html">
                <img src="../../cdn.spesati.com/images/menu/technology.png"/>
                Technology            </a>
            <i class="fa fa-angle-right" aria-hidden="true"></i>
            <ul class="sub-menu">
                <li>
                    <a class="estDynamic" href="../technology/accessories.html">Accessories</a>
                </li>
                <li>
                    <a class="estDynamic" href="../technology/computer.html">Computer</a>
                </li>
                <li>
                    <a class="estDynamic" href="../technology/telephones.html">Telephones</a>
                </li>
                <li>
                    <a class="estDynamic" href="../technology/tv.html">TV</a>
                </li>
            </ul>
        </li>
        <li>
            <a class="estDynamic" href="../gluten-free.html">
                <img src="../../cdn.spesati.com/images/menu/gluten-free.png"/>
                Gluten free            </a>
            <i class="fa fa-angle-right" aria-hidden="true"></i>
            <ul class="sub-menu">
                <li>
                    <a class="estDynamic" href="../gluten-free/frozen-foods.html">Frozen foods</a>
                </li>
                <li>
                    <a class="estDynamic" href="../gluten-free/beer.html">Beer</a>
                </li>
                <li>
                    <a class="estDynamic" href="../gluten-free/sweets.html">Sweets</a>
                </li>
                <li>
                    <a class="estDynamic" href="../gluten-free/bread-and-pasta.html">Bread and pasta</a>
                </li>
                <li>
                    <a class="estDynamic" href="../gluten-free/shelf.html">Cupboard</a>
                </li>
            </ul>
        </li>
        <li>
            <a class="estDynamic" href="../lactose-free.html">
                <img src="../../cdn.spesati.com/images/menu/lactose-free.png"/>
                Lactose free            </a>
            <i class="fa fa-angle-right" aria-hidden="true"></i>
            <ul class="sub-menu">
                <li>
                    <a class="estDynamic" href="../lactose-free/frozen-foods.html">Frozen foods</a>
                </li>
                <li>
                    <a class="estDynamic" href="../lactose-free/sweets.html">Sweets</a>
                </li>
                <li>
                    <a class="estDynamic" href="../lactose-free/dairy-product.html">Dairy product</a>
                </li>
                <li>
                    <a class="estDynamic" href="../lactose-free/shelf.html">Cupboard</a>
                </li>
            </ul>
        </li>
        <li>
            <a class="estDynamic" href="../special.html">
                <img src="../../cdn.spesati.com/images/menu/special.png"/>
                Special            </a>
            <i class="fa fa-angle-right" aria-hidden="true"></i>
            <ul class="sub-menu">
                <li>
                    <a class="estDynamic" href="../special/alpro.html">Alpro</a>
                </li>
                <li>
                    <a class="estDynamic" href="../special/organic.html">Biological</a>
                </li>
                <li>
                    <a class="estDynamic" href="../special/meat.html">Meat</a>
                </li>
                <li>
                    <a class="estDynamic" href="../special/wholegrain.html">Wholegrain</a>
                </li>
                <li>
                    <a class="estDynamic" href="../special/bread-and-pasta.html">Bread and pasta</a>
                </li>
                <li>
                    <a class="estDynamic" href="../special/vegan.html">Vegan</a>
                </li>
            </ul>
        </li>
        <li>
            <a class="estDynamic" href="../sardinian-products.html">
                <img src="../../cdn.spesati.com/images/menu/sardinian-products.png"/>
                Sardinian products            </a>
            <i class="fa fa-angle-right" aria-hidden="true"></i>
            <ul class="sub-menu">
                <li>
                    <a class="estDynamic" href="../sardinian-products/drinks.html">Drinks</a>
                </li>
                <li>
                    <a class="estDynamic" href="../sardinian-products/meat.html">Meat</a>
                </li>
                <li>
                    <a class="estDynamic" href="../sardinian-products/sweets.html">Sweets</a>
                </li>
                <li>
                    <a class="estDynamic" href="../sardinian-products/fruit-and-vegetables.html">Fruit and vegetables</a>
                </li>
                <li>
                    <a class="estDynamic" href="../sardinian-products/ichnusa.html">Ichnusa</a>
                </li>
                <li>
                    <a class="estDynamic" href="../sardinian-products/dairy-product.html">Dairy product</a>
                </li>
                <li>
                    <a class="estDynamic" href="../sardinian-products/bread-and-pasta.html">Bread and pasta</a>
                </li>
                <li>
                    <a class="estDynamic" href="../sardinian-products/fish.html">Fish</a>
                </li>
                <li>
                    <a class="estDynamic" href="../sardinian-products/cured-meat.html">Cured meat</a>
                </li>
                <li>
                    <a class="estDynamic" href="../sardinian-products/shelf.html">Cupboard</a>
                </li>
                <li>
                    <a class="estDynamic" href="../sardinian-products/vermentino-wine.html">Vermentino wine</a>
                </li>
                <li>
                    <a class="estDynamic" href="../sardinian-products/wine-beer-and-spirits.html">Wine beer and spirits</a>
                </li>
            </ul>
        </li>
    </ul>
</div>    <div class="colRight">
        <div class="title mobile">
	<a href="../frozen-foods.html"><i class="fa red fa-angle-left fa-3x mobile" aria-hidden="true"></i></a>
	<h2>
		<b>
			ice creams		</b>
	</h2>
</div>

<div class="breadcrumb bgGrey internal">
	<p>
		<b>
			<a href="../index.html">Home</a>
												&gt; <a href="../frozen-foods.html">Frozen foods</a>
																&gt; Ice cream and sweet									</b>
	</p>
	<div>
		<p>Order by</p>
		<select name="orderProd" id="orderProd">
			<option disabled="disabled" selected="selected">- Choose -</option>
			<option value="nameAsc">Name (A - Z)</option>
			<option value="nameDes">Name (Z - A)</option>
			<option value="priceHigh">Price - High to low</option>
			<option value="priceLow">Price - Low to high</option>
			<option value="soldAsc">Best Selling</option>
			<option value="available">Availability</option>
		</select>
	</div>
</div>
        <div class="containerProduct">
            <script type='text/javascript'>var track = '{"event":"ViewContent", "type":"category", "id":"Dolciumi", "subids":["Gelato"], "url":"https://www.spesati.com/frozen-foods/ice-creams"}';</script>
<script>
gtag('event', 'select_content', {content_type: 'category', item_id: 'Dolciumi'});gtag('event', 'select_content', {content_type: 'category', item_id: 'Gelato'});
</script>
<div class="left product prod1"
        data-name="Gelato Indian Coppa Cioccolato Vetro 2Pz"
        data-price="5.15"
        data-id="7184"
        data-available="yes"
        data-category="5790"
        data-bestselling="">
    <a href="../gelato-indian-coppa-cioccolato-vetro-2pz.html">
        <div style="background-image: url('../../cdn.spesati.com/images/products/508782/gelato-indian-coppa-01.jpg')">
            <div class="hover"></div>
            
            <div class="stickers"></div>
        </div>
    </a>
    <div>
        <h4><a href="../gelato-indian-coppa-cioccolato-vetro-2pz.html"><b>Gelato Indian Coppa Cioccolato Vetro 2Pz</b></a></h4>
        <p class="description">0.36 Kg</p>
        <p class="right price"><b>5.15 €</b></p>
        <p class="right unitPrice">2.57 € per kg</p>
    </div>
    <div class="contButton">
    <a class="button bgRed white addToCart" href="#">Add</a>
</div>
</div><div class="left product prod2"
        data-name="Gelato Indian Coppa Caffe Vetro 2Pz"
        data-price="5.15"
        data-id="7183"
        data-available="yes"
        data-category="5790"
        data-bestselling="">
    <a href="../gelato-indian-coppa-caffe-vetro-2pz.html">
        <div style="background-image: url('../../cdn.spesati.com/images/products/508781/gelato-indian-coppa-01.jpg')">
            <div class="hover"></div>
            
            <div class="stickers"></div>
        </div>
    </a>
    <div>
        <h4><a href="../gelato-indian-coppa-caffe-vetro-2pz.html"><b>Gelato Indian Coppa Caffe Vetro 2Pz</b></a></h4>
        <p class="description">0.36 Kg</p>
        <p class="right price"><b>5.15 €</b></p>
        <p class="right unitPrice">2.57 € per kg</p>
    </div>
    <div class="contButton">
    <a class="button bgRed white addToCart" href="#">Add</a>
</div>
</div><div class="left product prod3"
        data-name="Gelato Indian Coppa Amarena Vetro 2Pz"
        data-price="5.15"
        data-id="7182"
        data-available="yes"
        data-category="5790"
        data-bestselling="">
    <a href="../gelato-indian-coppa-amarena-vetro-2pz.html">
        <div style="background-image: url('../../cdn.spesati.com/images/products/508779/gelato-indian-coppa-01.jpg')">
            <div class="hover"></div>
            
            <div class="stickers"></div>
        </div>
    </a>
    <div>
        <h4><a href="../gelato-indian-coppa-amarena-vetro-2pz.html"><b>Gelato Indian Coppa Amarena Vetro 2Pz</b></a></h4>
        <p class="description">0.36 Kg</p>
        <p class="right price"><b>5.15 €</b></p>
        <p class="right unitPrice">2.57 € per kg</p>
    </div>
    <div class="contButton">
    <a class="button bgRed white addToCart" href="#">Add</a>
</div>
</div><div class="left product prod4"
        data-name="Ghiaccio Cubetti Cdi 2 Kg"
        data-price="2.99"
        data-id="79006"
        data-available="yes"
        data-category="5790"
        data-bestselling="4">
    <a href="../ghiaccio-cubetti-cdi-2-kg.html">
        <div style="background-image: url('../../cdn.spesati.com/images/products/398621/ghiaccio-cubetti-cdi-01.jpg')">
            <div class="hover"></div>
            <p class="arrow bgRed white">Best Seller</p>
            <div class="stickers"></div>
        </div>
    </a>
    <div>
        <h4><a href="../ghiaccio-cubetti-cdi-2-kg.html"><b>Ghiaccio Cubetti Cdi 2 Kg</b></a></h4>
        <p class="description">2 Kg</p>
        <p class="right price"><b>2.99 €</b></p>
        <p class="right unitPrice">1.50 € per kg</p>
    </div>
    <div class="contButton">
    <a class="button bgRed white addToCart" href="#">Add</a>
</div>
</div><div class="left product prod5"
        data-name="Algida Liuk X8 Gr 632"
        data-price="5.49"
        data-id="4616"
        data-available="yes"
        data-category="5790"
        data-bestselling="">
    <a href="../algida-liuk-x8-gr-632.html">
        <div style="background-image: url('../../cdn.spesati.com/images/products/000505660/algida-liuk-8-x-79-g-01.png')">
            <div class="hover"></div>
            
            <div class="stickers"></div>
        </div>
    </a>
    <div>
        <h4><a href="../algida-liuk-x8-gr-632.html"><b>Algida Liuk X8 Gr 632</b></a></h4>
        <p class="description">Algida Liuk 8 x 79 g</p>
        <p class="right price"><b>5.49 €</b></p>
        <p class="right unitPrice">8.69 € per kg</p>
    </div>
    <div class="contButton">
    <a class="button bgRed white addToCart" href="#">Add</a>
</div>
</div><div class="left product prod6"
        data-name="Algida Magnum Bomboniera"
        data-price="4.59"
        data-id="1701"
        data-available="yes"
        data-category="5790"
        data-bestselling="">
    <a href="../algida-magnum-bomboniera.html">
        <div style="background-image: url('../../cdn.spesati.com/images/products/000505651/magnum-bomboniera-classic-12-gelati-104-g-01.png')">
            <div class="hover"></div>
            
            <div class="stickers"></div>
        </div>
    </a>
    <div>
        <h4><a href="../algida-magnum-bomboniera.html"><b>Algida Magnum Bomboniera</b></a></h4>
        <p class="description">Magnum bomboniera Classic 12 Gelati 104 g</p>
        <p class="right price"><b>4.59 €</b></p>
        <p class="right unitPrice">44.14 € per kg</p>
    </div>
    <div class="contButton">
    <a class="button bgRed white addToCart" href="#">Add</a>
</div>
</div><div class="left product prod7"
        data-name="Algida Fior Di Fragola X8 336Gr"
        data-price="5.29"
        data-id="6268"
        data-available="yes"
        data-category="5790"
        data-bestselling="">
    <a href="../algida-fior-di-fragola-x8-336gr.html">
        <div style="background-image: url('../../cdn.spesati.com/images/products/000505649/fior-di-fragola-algida-8-x-51-g-01.png')">
            <div class="hover"></div>
            
            <div class="stickers"></div>
        </div>
    </a>
    <div>
        <h4><a href="../algida-fior-di-fragola-x8-336gr.html"><b>Algida Fior Di Fragola X8 336Gr</b></a></h4>
        <p class="description">Fior di Fragola Algida 8 x 51 g</p>
        <p class="right price"><b>5.29 €</b></p>
        <p class="right unitPrice">15.74 € per kg</p>
    </div>
    <div class="contButton">
    <a class="button bgRed white addToCart" href="#">Add</a>
</div>
</div><div class="left product prod8"
        data-name="Algida Viennetta Vaniglia"
        data-price="4.49"
        data-id="1704"
        data-available="yes"
        data-category="5790"
        data-bestselling="">
    <a href="../algida-viennetta-vaniglia.html">
        <div style="background-image: url('../../cdn.spesati.com/images/products/000505636/viennetta-vaniglia-320-g-01.png')">
            <div class="hover"></div>
            
            <div class="stickers"></div>
        </div>
    </a>
    <div>
        <h4><a href="../algida-viennetta-vaniglia.html"><b>Algida Viennetta Vaniglia</b></a></h4>
        <p class="description">Viennetta Vaniglia 320 g</p>
        <p class="right price"><b>4.49 €</b></p>
        <p class="right unitPrice">12.47 € per kg</p>
    </div>
    <div class="contButton">
    <a class="button bgRed white addToCart" href="#">Add</a>
</div>
</div><div class="left product prod9"
        data-name="Algida Gelato Croccante"
        data-price="5.99"
        data-id="3900"
        data-available="yes"
        data-category="5790"
        data-bestselling="">
    <a href="../algida-gelato-croccante.html">
        <div style="background-image: url('../../cdn.spesati.com/images/products/000505628/algida-croccante-8-x-57-g-01.png')">
            <div class="hover"></div>
            
            <div class="stickers"></div>
        </div>
    </a>
    <div>
        <h4><a href="../algida-gelato-croccante.html"><b>Algida Gelato Croccante</b></a></h4>
        <p class="description">Algida Croccante 8 x 57 g</p>
        <p class="right price"><b>5.99 €</b></p>
        <p class="right unitPrice">13.13 € per kg</p>
    </div>
    <div class="contButton">
    <a class="button bgRed white addToCart" href="#">Add</a>
</div>
</div><div class="left product prod10"
        data-name="Algida Magnum Classic"
        data-price="5.75"
        data-id="1702"
        data-available="yes"
        data-category="5790"
        data-bestselling="">
    <a href="../algida-magnum-classic.html">
        <div style="background-image: url('../../cdn.spesati.com/images/products/000505625/magnum-classic-4-x-79-g-01.png')">
            <div class="hover"></div>
            
            <div class="stickers"></div>
        </div>
    </a>
    <div>
        <h4><a href="../algida-magnum-classic.html"><b>Algida Magnum Classic</b></a></h4>
        <p class="description">Magnum Classic 4 x 79 g</p>
        <p class="right price"><b>5.75 €</b></p>
        <p class="right unitPrice">18.19 € per kg</p>
    </div>
    <div class="contButton">
    <a class="button bgRed white addToCart" href="#">Add</a>
</div>
</div><div class="left product prod11"
        data-name="Sorbetto Past Quadrif Lim 750g"
        data-price="5.65"
        data-id="33999"
        data-available="yes"
        data-category="5790"
        data-bestselling="">
    <a href="../sorbetto-past-quadrif-lim-750g.html">
        <div style="background-image: url('../../cdn.spesati.com/images/products/000505535/sorbissimo-sorbetto-al-limone-di-sicilia-750-g-01.png')">
            <div class="hover"></div>
            
            <div class="stickers"></div>
        </div>
    </a>
    <div>
        <h4><a href="../sorbetto-past-quadrif-lim-750g.html"><b>Sorbetto Past Quadrif Lim 750g</b></a></h4>
        <p class="description">Sorbissimo Sorbetto al Limone di Sicilia 750 g</p>
        <p class="right price"><b>5.65 €</b></p>
        <p class="right unitPrice">7.54 € per kg</p>
    </div>
    <div class="contButton">
    <a class="button bgRed white addToCart" href="#">Add</a>
</div>
</div><div class="left product prod12"
        data-name="Motta Gelati 4 Maxibon 380 Gr"
        data-price="4.99"
        data-id="4873"
        data-available="yes"
        data-category="5790"
        data-bestselling="">
    <a href="../motta-gelati-4-maxibon-380-gr.html">
        <div style="background-image: url('../../cdn.spesati.com/images/products/000505376/nestle-maxibon-classic-4-x-96-g-01.png')">
            <div class="hover"></div>
            
            <div class="stickers"></div>
        </div>
    </a>
    <div>
        <h4><a href="../motta-gelati-4-maxibon-380-gr.html"><b>Motta Gelati 4 Maxibon 380 Gr</b></a></h4>
        <p class="description">NESTLÉ Maxibon Classic 4 x 96 g</p>
        <p class="right price"><b>4.99 €</b></p>
        <p class="right unitPrice">13.13 € per kg</p>
    </div>
    <div class="contButton">
    <a class="button bgRed white addToCart" href="#">Add</a>
</div>
</div><div class="left product prod13"
        data-name="Valsoia Gel Coni 4 Pz"
        data-price="4.95"
        data-id="33981"
        data-available="yes"
        data-category="5790"
        data-bestselling="">
    <a href="../valsoia-gel-coni-4-pz.html">
        <div style="background-image: url('../../cdn.spesati.com/images/products/000504897/valsoia-bonta-e-salute-il-gelato-4-coni-4-x-75-g-01.png')">
            <div class="hover"></div>
            
            <div class="stickers"></div>
        </div>
    </a>
    <div>
        <h4><a href="../valsoia-gel-coni-4-pz.html"><b>Valsoia Gel Coni 4 Pz</b></a></h4>
        <p class="description">Valsoia Bontà e Salute il Gelato 4 Coni 4 x 75 g</p>
        <p class="right price"><b>4.95 €</b></p>
        <p class="right unitPrice">16.50 € per kg</p>
    </div>
    <div class="contButton">
    <a class="button bgRed white addToCart" href="#">Add</a>
</div>
</div><div class="left product prod14"
        data-name="Gel Algida Cdo Affog Pist 500"
        data-price="5.59"
        data-id="67479"
        data-available="yes"
        data-category="5790"
        data-bestselling="">
    <a href="../gel-algida-cdo-affog-pist-500.html">
        <div style="background-image: url('../../cdn.spesati.com/images/products/000433574/carte-dor-affogato-al-pistacchio-500-g-01.png')">
            <div class="hover"></div>
            
            <div class="stickers"></div>
        </div>
    </a>
    <div>
        <h4><a href="../gel-algida-cdo-affog-pist-500.html"><b>Gel Algida Cdo Affog Pist 500</b></a></h4>
        <p class="description">Carte d'Or Affogato al Pistacchio 500 g</p>
        <p class="right price"><b>5.59 €</b></p>
        <p class="right unitPrice">11.18 € per kg</p>
    </div>
    <div class="contButton">
    <a class="button bgRed white addToCart" href="#">Add</a>
</div>
</div><div class="left product prod15"
        data-name="Gel Algida Cdo Affog Spagn 500"
        data-price="5.59"
        data-id="67476"
        data-available="yes"
        data-category="5790"
        data-bestselling="">
    <a href="../gel-algida-cdo-affog-spagn-500.html">
        <div style="background-image: url('../../cdn.spesati.com/images/products/000433572/carte-dor-affogato-allamarena-spagnola-500-g-01.png')">
            <div class="hover"></div>
            
            <div class="stickers"></div>
        </div>
    </a>
    <div>
        <h4><a href="../gel-algida-cdo-affog-spagn-500.html"><b>Gel Algida Cdo Affog Spagn 500</b></a></h4>
        <p class="description">Carte d'Or Affogato all'Amarena Spagnola 500 g</p>
        <p class="right price"><b>5.59 €</b></p>
        <p class="right unitPrice">11.18 € per kg</p>
    </div>
    <div class="contButton">
    <a class="button bgRed white addToCart" href="#">Add</a>
</div>
</div><div class="left product prod16"
        data-name="Gel Alg Magnum Bianco Mand X4"
        data-price="5.75"
        data-id="67428"
        data-available="yes"
        data-category="5790"
        data-bestselling="1">
    <a href="../gel-alg-magnum-bianco-mand-x4.html">
        <div style="background-image: url('../../cdn.spesati.com/images/products/000433515/magnum-white-chocolate-almond-4-gelati-292-g-01.png')">
            <div class="hover"></div>
            <p class="arrow bgRed white">Best Seller</p>
            <div class="stickers"></div>
        </div>
    </a>
    <div>
        <h4><a href="../gel-alg-magnum-bianco-mand-x4.html"><b>Gel Alg Magnum Bianco Mand X4</b></a></h4>
        <p class="description">Magnum White Chocolate Almond 4 Gelati 292 g</p>
        <p class="right price"><b>5.75 €</b></p>
        <p class="right unitPrice">19.82 € per kg</p>
    </div>
    <div class="contButton">
    <a class="button bgRed white addToCart" href="#">Add</a>
</div>
</div><div class="left product prod17"
        data-name="Gel Alg Lemonissimo X8"
        data-price="4.99"
        data-id="84592"
        data-available="yes"
        data-category="5790"
        data-bestselling="">
    <a href="../gel-alg-lemonissimo-x8.html">
        <div style="background-image: url('../../cdn.spesati.com/images/products/000433236/algida-lunico-inimitabile-lemonissimo-8-x-496-g-01.png')">
            <div class="hover"></div>
            
            <div class="stickers"></div>
        </div>
    </a>
    <div>
        <h4><a href="../gel-alg-lemonissimo-x8.html"><b>Gel Alg Lemonissimo X8</b></a></h4>
        <p class="description">Algida l'Unico Inimitabile Lemonissimo 8 x 496 g</p>
        <p class="right price"><b>4.99 €</b></p>
        <p class="right unitPrice">9.98 € per kg</p>
    </div>
    <div class="contButton">
    <a class="button bgRed white addToCart" href="#">Add</a>
</div>
</div><div class="left product prod18"
        data-name="Gel Algida Cornett Classic 6p"
        data-price="5.99"
        data-id="83687"
        data-available="yes"
        data-category="5790"
        data-bestselling="">
    <a href="../gel-algida-cornett-classic-6p.html">
        <div style="background-image: url('../../cdn.spesati.com/images/products/000433226/cornetto-algida-classico-6-x-75-g-01.png')">
            <div class="hover"></div>
            
            <div class="stickers"></div>
        </div>
    </a>
    <div>
        <h4><a href="../gel-algida-cornett-classic-6p.html"><b>Gel Algida Cornett Classic 6p</b></a></h4>
        <p class="description">Cornetto Algida Classico 6 x 75 g</p>
        <p class="right price"><b>5.99 €</b></p>
        <p class="right unitPrice">13.31 € per kg</p>
    </div>
    <div class="contButton">
    <a class="button bgRed white addToCart" href="#">Add</a>
</div>
</div><div class="left product prod19"
        data-name="Gel Algida Tort Romantica Orig"
        data-price="8.99"
        data-id="66882"
        data-available="yes"
        data-category="5790"
        data-bestselling="">
    <a href="../gel-algida-tort-romantica-orig.html">
        <div style="background-image: url('../../cdn.spesati.com/images/products/000433074/carte-dor-romantica-loriginale-torta-gelato-575-g-01.png')">
            <div class="hover"></div>
            
            <div class="stickers"></div>
        </div>
    </a>
    <div>
        <h4><a href="../gel-algida-tort-romantica-orig.html"><b>Gel Algida Tort Romantica Orig</b></a></h4>
        <p class="description">Carte d'Or Romantica l'Originale Torta Gelato 575 g</p>
        <p class="right price"><b>8.99 €</b></p>
        <p class="right unitPrice">13.62 € per kg</p>
    </div>
    <div class="contButton">
    <a class="button bgRed white addToCart" href="#">Add</a>
</div>
</div><div class="left product prod20"
        data-name="Ghiaccio Tritato Cdi 2 Kg"
        data-price="2.99"
        data-id="79009"
        data-available="yes"
        data-category="5790"
        data-bestselling="">
    <a href="../ghiaccio-tritato-cdi-2-kg.html">
        <div style="background-image: url('../../cdn.spesati.com/images/products/missing-image/missing-image.jpg')">
            <div class="hover"></div>
            
            <div class="stickers"></div>
        </div>
    </a>
    <div>
        <h4><a href="../ghiaccio-tritato-cdi-2-kg.html"><b>Ghiaccio Tritato Cdi 2 Kg</b></a></h4>
        <p class="description">2 Kg</p>
        <p class="right price"><b>2.99 €</b></p>
        <p class="right unitPrice">1.50 € per kg</p>
    </div>
    <div class="contButton">
    <a class="button bgRed white addToCart" href="#">Add</a>
</div>
</div><div class="left product prod21"
        data-name="Gelato Con Panettone Rdg 330g"
        data-price="6.99"
        data-id="82469"
        data-available="yes"
        data-category="5790"
        data-bestselling="">
    <a href="../gelato-con-panettone-rdg-330g.html">
        <div style="background-image: url('../../cdn.spesati.com/images/products/missing-image/missing-image.jpg')">
            <div class="hover"></div>
            
            <div class="stickers"></div>
        </div>
    </a>
    <div>
        <h4><a href="../gelato-con-panettone-rdg-330g.html"><b>Gelato Con Panettone Rdg 330g</b></a></h4>
        <p class="description">0.33 Kg</p>
        <p class="right price"><b>6.99 €</b></p>
        <p class="right unitPrice">21.19 € per kg</p>
    </div>
    <div class="contButton">
    <a class="button bgRed white addToCart" href="#">Add</a>
</div>
</div><div class="left product prod22"
        data-name="Sorbetto Past Quadr Limone 5kg"
        data-price="44.83"
        data-id="34001"
        data-available="yes"
        data-category="5790"
        data-bestselling="">
    <a href="../sorbetto-past-quadr-limone-5kg.html">
        <div style="background-image: url('../../cdn.spesati.com/images/products/missing-image/missing-image.jpg')">
            <div class="hover"></div>
            
            <div class="stickers"></div>
        </div>
    </a>
    <div>
        <h4><a href="../sorbetto-past-quadr-limone-5kg.html"><b>Sorbetto Past Quadr Limone 5kg</b></a></h4>
        <p class="description">5 Kg</p>
        <p class="right price"><b>44.83 €</b></p>
        <p class="right unitPrice">8.97 € per kg</p>
    </div>
    <div class="contButton">
    <a class="button bgRed white addToCart" href="#">Add</a>
</div>
</div><div class="left product prod23"
        data-name="Gel Indian Coppa Vt Tiramis 2p"
        data-price="5.15"
        data-id="34075"
        data-available="yes"
        data-category="5790"
        data-bestselling="">
    <a href="../gel-indian-coppa-vt-tiramis-2p.html">
        <div style="background-image: url('../../cdn.spesati.com/images/products/missing-image/missing-image.jpg')">
            <div class="hover"></div>
            
            <div class="stickers"></div>
        </div>
    </a>
    <div>
        <h4><a href="../gel-indian-coppa-vt-tiramis-2p.html"><b>Gel Indian Coppa Vt Tiramis 2p</b></a></h4>
        <p class="description">0.36 Kg</p>
        <p class="right price"><b>5.15 €</b></p>
        <p class="right unitPrice">14.31 € per kg</p>
    </div>
    <div class="contButton">
    <a class="button bgRed white addToCart" href="#">Add</a>
</div>
</div><div class="left product prod24"
        data-name="Gel Sigel Gran Dess Cassat 1.6"
        data-price="11.71"
        data-id="34487"
        data-available="yes"
        data-category="5790"
        data-bestselling="">
    <a href="../gel-sigel-gran-dess-cassat-16.html">
        <div style="background-image: url('../../cdn.spesati.com/images/products/missing-image/missing-image.jpg')">
            <div class="hover"></div>
            
            <div class="stickers"></div>
        </div>
    </a>
    <div>
        <h4><a href="../gel-sigel-gran-dess-cassat-16.html"><b>Gel Sigel Gran Dess Cassat 1.6</b></a></h4>
        <p class="description">1.6 Kg</p>
        <p class="right price"><b>11.71 €</b></p>
        <p class="right unitPrice">7.33 € per kg</p>
    </div>
    <div class="contButton">
    <a class="button bgRed white addToCart" href="#">Add</a>
</div>
</div><div class="left product prod25"
        data-name="Gel Sigel Limone Vasch 2.9kg"
        data-price="20.24"
        data-id="34488"
        data-available="yes"
        data-category="5790"
        data-bestselling="">
    <a href="../gel-sigel-limone-vasch-29kg.html">
        <div style="background-image: url('../../cdn.spesati.com/images/products/missing-image/missing-image.jpg')">
            <div class="hover"></div>
            
            <div class="stickers"></div>
        </div>
    </a>
    <div>
        <h4><a href="../gel-sigel-limone-vasch-29kg.html"><b>Gel Sigel Limone Vasch 2.9kg</b></a></h4>
        <p class="description">2.9 Kg</p>
        <p class="right price"><b>20.24 €</b></p>
        <p class="right unitPrice">6.97 € per kg</p>
    </div>
    <div class="contButton">
    <a class="button bgRed white addToCart" href="#">Add</a>
</div>
</div><div class="left product prod26"
        data-name="Gel Sigel Nocciola Vasch 2.9kg"
        data-price="20.24"
        data-id="34489"
        data-available="yes"
        data-category="5790"
        data-bestselling="">
    <a href="../gel-sigel-nocciola-vasch-29kg.html">
        <div style="background-image: url('../../cdn.spesati.com/images/products/missing-image/missing-image.jpg')">
            <div class="hover"></div>
            
            <div class="stickers"></div>
        </div>
    </a>
    <div>
        <h4><a href="../gel-sigel-nocciola-vasch-29kg.html"><b>Gel Sigel Nocciola Vasch 2.9kg</b></a></h4>
        <p class="description">2.9 Kg</p>
        <p class="right price"><b>20.24 €</b></p>
        <p class="right unitPrice">6.97 € per kg</p>
    </div>
    <div class="contButton">
    <a class="button bgRed white addToCart" href="#">Add</a>
</div>
</div><div class="left product prod27"
        data-name="Gel Sigel Cioccolato Vasc 2.9k"
        data-price="20.24"
        data-id="34492"
        data-available="yes"
        data-category="5790"
        data-bestselling="">
    <a href="../gel-sigel-cioccolato-vasc-29k.html">
        <div style="background-image: url('../../cdn.spesati.com/images/products/missing-image/missing-image.jpg')">
            <div class="hover"></div>
            
            <div class="stickers"></div>
        </div>
    </a>
    <div>
        <h4><a href="../gel-sigel-cioccolato-vasc-29k.html"><b>Gel Sigel Cioccolato Vasc 2.9k</b></a></h4>
        <p class="description">2.9 Kg</p>
        <p class="right price"><b>20.24 €</b></p>
        <p class="right unitPrice">6.97 € per kg</p>
    </div>
    <div class="contButton">
    <a class="button bgRed white addToCart" href="#">Add</a>
</div>
</div><div class="left product prod28"
        data-name="Gel Sigel Crema Vasch 2.9kg"
        data-price="20.24"
        data-id="34493"
        data-available="yes"
        data-category="5790"
        data-bestselling="">
    <a href="../gel-sigel-crema-vasch-29kg.html">
        <div style="background-image: url('../../cdn.spesati.com/images/products/missing-image/missing-image.jpg')">
            <div class="hover"></div>
            
            <div class="stickers"></div>
        </div>
    </a>
    <div>
        <h4><a href="../gel-sigel-crema-vasch-29kg.html"><b>Gel Sigel Crema Vasch 2.9kg</b></a></h4>
        <p class="description">2.9 Kg</p>
        <p class="right price"><b>20.24 €</b></p>
        <p class="right unitPrice">6.97 € per kg</p>
    </div>
    <div class="contButton">
    <a class="button bgRed white addToCart" href="#">Add</a>
</div>
</div><div class="left product prod29"
        data-name="Gel Sigel Fior Latte Vasc 2.9k"
        data-price="20.24"
        data-id="34494"
        data-available="yes"
        data-category="5790"
        data-bestselling="">
    <a href="../gel-sigel-fior-latte-vasc-29k.html">
        <div style="background-image: url('../../cdn.spesati.com/images/products/missing-image/missing-image.jpg')">
            <div class="hover"></div>
            
            <div class="stickers"></div>
        </div>
    </a>
    <div>
        <h4><a href="../gel-sigel-fior-latte-vasc-29k.html"><b>Gel Sigel Fior Latte Vasc 2.9k</b></a></h4>
        <p class="description">2.9 Kg</p>
        <p class="right price"><b>20.24 €</b></p>
        <p class="right unitPrice">6.97 € per kg</p>
    </div>
    <div class="contButton">
    <a class="button bgRed white addToCart" href="#">Add</a>
</div>
</div><div class="left product prod30"
        data-name="Gel Sigel Fragola Vasc 2.9kg"
        data-price="20.24"
        data-id="34495"
        data-available="yes"
        data-category="5790"
        data-bestselling="">
    <a href="../gel-sigel-fragola-vasc-29kg.html">
        <div style="background-image: url('../../cdn.spesati.com/images/products/missing-image/missing-image.jpg')">
            <div class="hover"></div>
            
            <div class="stickers"></div>
        </div>
    </a>
    <div>
        <h4><a href="../gel-sigel-fragola-vasc-29kg.html"><b>Gel Sigel Fragola Vasc 2.9kg</b></a></h4>
        <p class="description">2.9 Kg</p>
        <p class="right price"><b>20.24 €</b></p>
        <p class="right unitPrice">6.97 € per kg</p>
    </div>
    <div class="contButton">
    <a class="button bgRed white addToCart" href="#">Add</a>
</div>
</div><div class="left product prod31"
        data-name="Ghiaccio Tritato Alimen 1,25kg"
        data-price="2.69"
        data-id="34501"
        data-available="no"
        data-category="5790"
        data-bestselling="">
    <a href="../ghiaccio-tritato-alimen-125kg.html">
        <div style="background-image: url('../../cdn.spesati.com/images/products/000590964/ice-cube-mojito-ice-ghiaccio-puro-tritato-1-25-kg-01.png')">
            <div class="hover"></div>
            
            <div class="stickers"></div>
        </div>
    </a>
    <div>
        <h4><a href="../ghiaccio-tritato-alimen-125kg.html"><b>Ghiaccio Tritato Alimen 1,25kg</b></a></h4>
        <p class="description">ice cube mojito ice Ghiaccio Puro Tritato 1,25 kg</p>
        <p class="right price"><b>2.69 €</b></p>
        <p class="right unitPrice">2.15 € per kg</p>
    </div>
    <div class="notAvailable">
    <a class="button bgDarkGrey white" href="../ghiaccio-tritato-alimen-125kg.html">Not available</a>
</div>
</div><div class="left product prod32"
        data-name="Ghiaccio Cubetti Alimen 1,25kg"
        data-price="2.59"
        data-id="34409"
        data-available="no"
        data-category="5790"
        data-bestselling="">
    <a href="../ghiaccio-cubetti-alimen-125kg.html">
        <div style="background-image: url('../../cdn.spesati.com/images/products/000573086/-01.png')">
            <div class="hover"></div>
            
            <div class="stickers"></div>
        </div>
    </a>
    <div>
        <h4><a href="../ghiaccio-cubetti-alimen-125kg.html"><b>Ghiaccio Cubetti Alimen 1,25kg</b></a></h4>
        <p class="description">ice cube Ice³ Cube Cubetti di Ghiaccio Puro 1,25 kg</p>
        <p class="right price"><b>2.59 €</b></p>
        <p class="right unitPrice">2.07 € per kg</p>
    </div>
    <div class="notAvailable">
    <a class="button bgDarkGrey white" href="../ghiaccio-cubetti-alimen-125kg.html">Not available</a>
</div>
</div><div class="left product prod33"
        data-name="Gelato Oreo Biscotti Panna 6pz"
        data-price="4.79"
        data-id="76317"
        data-available="no"
        data-category="5790"
        data-bestselling="">
    <a href="../gelato-oreo-biscotti-panna-6pz.html">
        <div style="background-image: url('../../cdn.spesati.com/images/products/000520316/oreo-sandwich-con-panna-x6-01.png')">
            <div class="hover"></div>
            
            <div class="stickers"></div>
        </div>
    </a>
    <div>
        <h4><a href="../gelato-oreo-biscotti-panna-6pz.html"><b>Gelato Oreo Biscotti Panna 6pz</b></a></h4>
        <p class="description">OREO Sandwich con Panna x6</p>
        <p class="right price"><b>4.79 €</b></p>
        <p class="right unitPrice">23.96 € per kg</p>
    </div>
    <div class="notAvailable">
    <a class="button bgDarkGrey white" href="../gelato-oreo-biscotti-panna-6pz.html">Not available</a>
</div>
</div><div class="left product prod34"
        data-name="Gel Algida Cornetto S/glut 5pz"
        data-price="5.79"
        data-id="60825"
        data-available="no"
        data-category="5790"
        data-bestselling="">
    <a href="../gel-algida-cornetto-sglut-5pz.html">
        <div style="background-image: url('../../cdn.spesati.com/images/products/000509090/cornetto-algida-senza-glutine-5-x-75-g-01.png')">
            <div class="hover"></div>
            
            <div class="stickers"></div>
        </div>
    </a>
    <div>
        <h4><a href="../gel-algida-cornetto-sglut-5pz.html"><b>Gel Algida Cornetto S/glut 5pz</b></a></h4>
        <p class="description">Cornetto Algida Senza Glutine 5 x 75 g</p>
        <p class="right price"><b>5.79 €</b></p>
        <p class="right unitPrice">15.24 € per kg</p>
    </div>
    <div class="notAvailable">
    <a class="button bgDarkGrey white" href="../gel-algida-cornetto-sglut-5pz.html">Not available</a>
</div>
</div><div class="left product prod35"
        data-name="Gel Ringo Vaniglia Sandwich X4"
        data-price="5.99"
        data-id="76308"
        data-available="no"
        data-category="5790"
        data-bestselling="">
    <a href="../gel-ringo-vaniglia-sandwich-x4.html">
        <div style="background-image: url('../../cdn.spesati.com/images/products/000507764/ringo-vaniglia-4-x-80-g-01.png')">
            <div class="hover"></div>
            
            <div class="stickers"></div>
        </div>
    </a>
    <div>
        <h4><a href="../gel-ringo-vaniglia-sandwich-x4.html"><b>Gel Ringo Vaniglia Sandwich X4</b></a></h4>
        <p class="description">Ringo Vaniglia 4 x 80 g</p>
        <p class="right price"><b>5.99 €</b></p>
        <p class="right unitPrice">18.72 € per kg</p>
    </div>
    <div class="notAvailable">
    <a class="button bgDarkGrey white" href="../gel-ringo-vaniglia-sandwich-x4.html">Not available</a>
</div>
</div><div class="left product prod36"
        data-name="Gel Pan Di Stelle Cornetto 4pz"
        data-price="5.99"
        data-id="76305"
        data-available="no"
        data-category="5790"
        data-bestselling="1">
    <a href="../gel-pan-di-stelle-cornetto-4pz.html">
        <div style="background-image: url('../../cdn.spesati.com/images/products/000507763/pan-di-stelle-il-cono-gelato-4-x-60-g-01.png')">
            <div class="hover"></div>
            <p class="arrow bgRed white">Best Seller</p>
            <div class="stickers"></div>
        </div>
    </a>
    <div>
        <h4><a href="../gel-pan-di-stelle-cornetto-4pz.html"><b>Gel Pan Di Stelle Cornetto 4pz</b></a></h4>
        <p class="description">Pan di Stelle il Cono Gelato 4 x 60 g</p>
        <p class="right price"><b>5.99 €</b></p>
        <p class="right unitPrice">24.96 € per kg</p>
    </div>
    <div class="notAvailable">
    <a class="button bgDarkGrey white" href="../gel-pan-di-stelle-cornetto-4pz.html">Not available</a>
</div>
</div><div class="left product prod37"
        data-name="Gel Pan Di Stelle Sandwich 4pz"
        data-price="5.75"
        data-id="76302"
        data-available="no"
        data-category="5790"
        data-bestselling="">
    <a href="../gel-pan-di-stelle-sandwich-4pz.html">
        <div style="background-image: url('../../cdn.spesati.com/images/products/000507762/pan-di-stelle-il-biscotto-gelato-8-x-40-g-01.png')">
            <div class="hover"></div>
            
            <div class="stickers"></div>
        </div>
    </a>
    <div>
        <h4><a href="../gel-pan-di-stelle-sandwich-4pz.html"><b>Gel Pan Di Stelle Sandwich 4pz</b></a></h4>
        <p class="description">Pan di Stelle il Biscotto Gelato 8 x 40 g</p>
        <p class="right price"><b>5.75 €</b></p>
        <p class="right unitPrice">17.96 € per kg</p>
    </div>
    <div class="notAvailable">
    <a class="button bgDarkGrey white" href="../gel-pan-di-stelle-sandwich-4pz.html">Not available</a>
</div>
</div><div class="left product prod38"
        data-name="Gel Alg Cdo Cls Sorbet Lim 500"
        data-price="4.69"
        data-id="77284"
        data-available="no"
        data-category="5790"
        data-bestselling="">
    <a href="../gel-alg-cdo-cls-sorbet-lim-500.html">
        <div style="background-image: url('../../cdn.spesati.com/images/products/000507756/carte-dor-limone-sorbetto-500-g-01.png')">
            <div class="hover"></div>
            
            <div class="stickers"></div>
        </div>
    </a>
    <div>
        <h4><a href="../gel-alg-cdo-cls-sorbet-lim-500.html"><b>Gel Alg Cdo Cls Sorbet Lim 500</b></a></h4>
        <p class="description">Carte D'Or Limone Sorbetto 500 g</p>
        <p class="right price"><b>4.69 €</b></p>
        <p class="right unitPrice">9.38 € per kg</p>
    </div>
    <div class="notAvailable">
    <a class="button bgDarkGrey white" href="../gel-alg-cdo-cls-sorbet-lim-500.html">Not available</a>
</div>
</div><div class="left product prod39"
        data-name="Algida 6 Cucciolone Classico"
        data-price="5.55"
        data-id="3961"
        data-available="no"
        data-category="5790"
        data-bestselling="">
    <a href="../algida-6-cucciolone-classico.html">
        <div style="background-image: url('../../cdn.spesati.com/images/products/000505646/cucciolone-classico-6-pezzi-840-ml-01.png')">
            <div class="hover"></div>
            
            <div class="stickers"></div>
        </div>
    </a>
    <div>
        <h4><a href="../algida-6-cucciolone-classico.html"><b>Algida 6 Cucciolone Classico</b></a></h4>
        <p class="description">Cucciolone Classico 6 pezzi 840 ml</p>
        <p class="right price"><b>5.55 €</b></p>
        <p class="right unitPrice">11.56 € per kg</p>
    </div>
    <div class="notAvailable">
    <a class="button bgDarkGrey white" href="../algida-6-cucciolone-classico.html">Not available</a>
</div>
</div><div class="left product prod40"
        data-name="Cremino Algida"
        data-price="4.99"
        data-id="1705"
        data-available="no"
        data-category="5790"
        data-bestselling="">
    <a href="../cremino-algida.html">
        <div style="background-image: url('../../cdn.spesati.com/images/products/000505610/algida-cremino-8-x-42-g-01.png')">
            <div class="hover"></div>
            
            <div class="stickers"></div>
        </div>
    </a>
    <div>
        <h4><a href="../cremino-algida.html"><b>Cremino Algida</b></a></h4>
        <p class="description">Algida Cremino 8 x 42 g</p>
        <p class="right price"><b>4.99 €</b></p>
        <p class="right unitPrice">14.85 € per kg</p>
    </div>
    <div class="notAvailable">
    <a class="button bgDarkGrey white" href="../cremino-algida.html">Not available</a>
</div>
</div><div class="left product prod41"
        data-name="Algida Magnum Pistacchio 344 Gr"
        data-price="5.75"
        data-id="4622"
        data-available="no"
        data-category="5790"
        data-bestselling="">
    <a href="../algida-magnum-pistacchio-344-gr.html">
        <div style="background-image: url('../../cdn.spesati.com/images/products/000505546/magnum-4-gelati-pistacchio-300-g-01.png')">
            <div class="hover"></div>
            
            <div class="stickers"></div>
        </div>
    </a>
    <div>
        <h4><a href="../algida-magnum-pistacchio-344-gr.html"><b>Algida Magnum Pistacchio 344 Gr</b></a></h4>
        <p class="description">Magnum 4 Gelati Pistacchio 300 g</p>
        <p class="right price"><b>5.75 €</b></p>
        <p class="right unitPrice">16.71 € per kg</p>
    </div>
    <div class="notAvailable">
    <a class="button bgDarkGrey white" href="../algida-magnum-pistacchio-344-gr.html">Not available</a>
</div>
</div><div class="left product prod42"
        data-name="Sorbissimo Limone 1 Kg"
        data-price="9.39"
        data-id="34000"
        data-available="no"
        data-category="5790"
        data-bestselling="">
    <a href="../sorbissimo-limone-1-kg.html">
        <div style="background-image: url('../../cdn.spesati.com/images/products/000505537/sorbissimo-sorbetto-al-limone-di-sicilia-1000-g-01.png')">
            <div class="hover"></div>
            
            <div class="stickers"></div>
        </div>
    </a>
    <div>
        <h4><a href="../sorbissimo-limone-1-kg.html"><b>Sorbissimo Limone 1 Kg</b></a></h4>
        <p class="description">Sorbissimo Sorbetto al Limone di Sicilia 1000 g</p>
        <p class="right price"><b>9.39 €</b></p>
        <p class="right unitPrice">9.38 € per kg</p>
    </div>
    <div class="notAvailable">
    <a class="button bgDarkGrey white" href="../sorbissimo-limone-1-kg.html">Not available</a>
</div>
</div><div class="left product prod43"
        data-name="Valsoia Gel Bian/cacao 500g"
        data-price="4.89"
        data-id="77281"
        data-available="no"
        data-category="5790"
        data-bestselling="">
    <a href="../valsoia-gel-biancacao-500g.html">
        <div style="background-image: url('../../cdn.spesati.com/images/products/000505475/valsoia-bonta-e-salute-il-gelato-bianco-cacao-500-g-01.png')">
            <div class="hover"></div>
            
            <div class="stickers"></div>
        </div>
    </a>
    <div>
        <h4><a href="../valsoia-gel-biancacao-500g.html"><b>Valsoia Gel Bian/cacao 500g</b></a></h4>
        <p class="description">Valsoia Bontà e Salute il gelato Bianco Cacao 500 g</p>
        <p class="right price"><b>4.89 €</b></p>
        <p class="right unitPrice">9.78 € per kg</p>
    </div>
    <div class="notAvailable">
    <a class="button bgDarkGrey white" href="../valsoia-gel-biancacao-500g.html">Not available</a>
</div>
</div><div class="left product prod44"
        data-name="Algida Magnum Mandorla"
        data-price="5.75"
        data-id="1703"
        data-available="no"
        data-category="5790"
        data-bestselling="">
    <a href="../algida-magnum-mandorla.html">
        <div style="background-image: url('../../cdn.spesati.com/images/products/000505473/magnum-almond-4-x-82-g-01.png')">
            <div class="hover"></div>
            
            <div class="stickers"></div>
        </div>
    </a>
    <div>
        <h4><a href="../algida-magnum-mandorla.html"><b>Algida Magnum Mandorla</b></a></h4>
        <p class="description">Magnum Almond 4 x 82 g</p>
        <p class="right price"><b>5.75 €</b></p>
        <p class="right unitPrice">17.53 € per kg</p>
    </div>
    <div class="notAvailable">
    <a class="button bgDarkGrey white" href="../algida-magnum-mandorla.html">Not available</a>
</div>
</div><div class="left product prod45"
        data-name="Valsoia Gel Bian-amar 500gr"
        data-price="4.89"
        data-id="33982"
        data-available="no"
        data-category="5790"
        data-bestselling="">
    <a href="../valsoia-gel-bian-amar-500gr.html">
        <div style="background-image: url('../../cdn.spesati.com/images/products/000504899/valsoia-bonta-e-salute-il-gelato-affogato-amarena-500-g-01.png')">
            <div class="hover"></div>
            
            <div class="stickers"></div>
        </div>
    </a>
    <div>
        <h4><a href="../valsoia-gel-bian-amar-500gr.html"><b>Valsoia Gel Bian-amar 500gr</b></a></h4>
        <p class="description">Valsoia Bontà e Salute il gelato Affogato Amarena 500 g</p>
        <p class="right price"><b>4.89 €</b></p>
        <p class="right unitPrice">9.78 € per kg</p>
    </div>
    <div class="notAvailable">
    <a class="button bgDarkGrey white" href="../valsoia-gel-bian-amar-500gr.html">Not available</a>
</div>
</div><div class="left product prod46"
        data-name="Valsoia Gel Sandwich 8 Pz"
        data-price="4.89"
        data-id="77278"
        data-available="no"
        data-category="5790"
        data-bestselling="">
    <a href="../valsoia-gel-sandwich-8-pz.html">
        <div style="background-image: url('../../cdn.spesati.com/images/products/000504896/valsoia-bonta-e-salute-il-gelato-8-sandwich-8-x-40-g-01.png')">
            <div class="hover"></div>
            
            <div class="stickers"></div>
        </div>
    </a>
    <div>
        <h4><a href="../valsoia-gel-sandwich-8-pz.html"><b>Valsoia Gel Sandwich 8 Pz</b></a></h4>
        <p class="description">Valsoia Bontà e Salute il gelato 8 Sandwich 8 x 40 g</p>
        <p class="right price"><b>4.89 €</b></p>
        <p class="right unitPrice">15.28 € per kg</p>
    </div>
    <div class="notAvailable">
    <a class="button bgDarkGrey white" href="../valsoia-gel-sandwich-8-pz.html">Not available</a>
</div>
</div><div class="left product prod47"
        data-name="Algida Magnum Bianco"
        data-price="5.75"
        data-id="3816"
        data-available="no"
        data-category="5790"
        data-bestselling="">
    <a href="../algida-magnum-bianco.html">
        <div style="background-image: url('../../cdn.spesati.com/images/products/000504837/magnum-white-chocolate-4-x-79-g-01.png')">
            <div class="hover"></div>
            
            <div class="stickers"></div>
        </div>
    </a>
    <div>
        <h4><a href="../algida-magnum-bianco.html"><b>Algida Magnum Bianco</b></a></h4>
        <p class="description">Magnum White Chocolate 4 x 79 g</p>
        <p class="right price"><b>5.75 €</b></p>
        <p class="right unitPrice">18.19 € per kg</p>
    </div>
    <div class="notAvailable">
    <a class="button bgDarkGrey white" href="../algida-magnum-bianco.html">Not available</a>
</div>
</div><div class="left product prod48"
        data-name="Gelato Algida Cornetto Fragola 5Pz"
        data-price="4.39"
        data-id="7186"
        data-available="no"
        data-category="5790"
        data-bestselling="">
    <a href="../gelato-algida-cornetto-fragola-5pz.html">
        <div style="background-image: url('../../cdn.spesati.com/images/products/000500116/cornetto-fragola-5-x-75-g-01.png')">
            <div class="hover"></div>
            
            <div class="stickers"></div>
        </div>
    </a>
    <div>
        <h4><a href="../gelato-algida-cornetto-fragola-5pz.html"><b>Gelato Algida Cornetto Fragola 5Pz</b></a></h4>
        <p class="description">Cornetto Fragola 5 x 75 g</p>
        <p class="right price"><b>4.39 €</b></p>
        <p class="right unitPrice">11.70 € per kg</p>
    </div>
    <div class="notAvailable">
    <a class="button bgDarkGrey white" href="../gelato-algida-cornetto-fragola-5pz.html">Not available</a>
</div>
</div><div class="left product prod49"
        data-name="Gel Algida Cornetto Ciocc 5pz"
        data-price="4.39"
        data-id="67458"
        data-available="no"
        data-category="5790"
        data-bestselling="">
    <a href="../gel-algida-cornetto-ciocc-5pz.html">
        <div style="background-image: url('../../cdn.spesati.com/images/products/000500115/cornetto-panna-e-cioccolato-5-x-75-g-01.png')">
            <div class="hover"></div>
            
            <div class="stickers"></div>
        </div>
    </a>
    <div>
        <h4><a href="../gel-algida-cornetto-ciocc-5pz.html"><b>Gel Algida Cornetto Ciocc 5pz</b></a></h4>
        <p class="description">Cornetto Panna e Cioccolato 5 x 75 g</p>
        <p class="right price"><b>4.39 €</b></p>
        <p class="right unitPrice">11.55 € per kg</p>
    </div>
    <div class="notAvailable">
    <a class="button bgDarkGrey white" href="../gel-algida-cornetto-ciocc-5pz.html">Not available</a>
</div>
</div><div class="left product prod50"
        data-name="Gel Algida Cornetto Sbagl 5pz"
        data-price="4.39"
        data-id="59706"
        data-available="no"
        data-category="5790"
        data-bestselling="">
    <a href="../gel-algida-cornetto-sbagl-5pz.html">
        <div style="background-image: url('../../cdn.spesati.com/images/products/000500114/cornetto-algida-sbagliato-classico-5-x-75-g-01.png')">
            <div class="hover"></div>
            
            <div class="stickers"></div>
        </div>
    </a>
    <div>
        <h4><a href="../gel-algida-cornetto-sbagl-5pz.html"><b>Gel Algida Cornetto Sbagl 5pz</b></a></h4>
        <p class="description">Cornetto Algida Sbagliato Classico 5 x 75 g</p>
        <p class="right price"><b>4.39 €</b></p>
        <p class="right unitPrice">11.55 € per kg</p>
    </div>
    <div class="notAvailable">
    <a class="button bgDarkGrey white" href="../gel-algida-cornetto-sbagl-5pz.html">Not available</a>
</div>
</div><div class="left product prod51"
        data-name="Algida 5 Cornetto classico"
        data-price="4.39"
        data-id="4108"
        data-available="no"
        data-category="5790"
        data-bestselling="">
    <a href="../algida-5-cornetto-classico.html">
        <div style="background-image: url('../../cdn.spesati.com/images/products/000500113/cornetto-classico-5-x-75-g-01.png')">
            <div class="hover"></div>
            
            <div class="stickers"></div>
        </div>
    </a>
    <div>
        <h4><a href="../algida-5-cornetto-classico.html"><b>Algida 5 Cornetto classico</b></a></h4>
        <p class="description">Cornetto Classico 5 x 75 g</p>
        <p class="right price"><b>4.39 €</b></p>
        <p class="right unitPrice">11.70 € per kg</p>
    </div>
    <div class="notAvailable">
    <a class="button bgDarkGrey white" href="../algida-5-cornetto-classico.html">Not available</a>
</div>
</div><div class="left product prod52"
        data-name="Mastrolindo Pav Parquet 930ml"
        data-price="3.98"
        data-id="83912"
        data-available="no"
        data-category="5790"
        data-bestselling="">
    <a href="../mastrolindo-pav-parquet-930ml.html">
        <div style="background-image: url('../../cdn.spesati.com/images/products/000442479/mastro-lindo-diluito-legno-930-ml-01.png')">
            <div class="hover"></div>
            
            <div class="stickers"></div>
        </div>
    </a>
    <div>
        <h4><a href="../mastrolindo-pav-parquet-930ml.html"><b>Mastrolindo Pav Parquet 930ml</b></a></h4>
        <p class="description">Mastro Lindo Diluito Legno 930 ml</p>
        <p class="right price"><b>3.98 €</b></p>
        <p class="right unitPrice">4.28 € per litre</p>
    </div>
    <div class="notAvailable">
    <a class="button bgDarkGrey white" href="../mastrolindo-pav-parquet-930ml.html">Not available</a>
</div>
</div><div class="left product prod53"
        data-name="Gel Bounty 4pz"
        data-price="3.95"
        data-id="67443"
        data-available="no"
        data-category="5790"
        data-bestselling="">
    <a href="../gel-bounty-4pz.html">
        <div style="background-image: url('../../cdn.spesati.com/images/products/000433597/bounty-ice-cream-4-x-391-g-01.png')">
            <div class="hover"></div>
            
            <div class="stickers"></div>
        </div>
    </a>
    <div>
        <h4><a href="../gel-bounty-4pz.html"><b>Gel Bounty 4pz</b></a></h4>
        <p class="description">Bounty Ice Cream 4 x 39.1 g</p>
        <p class="right price"><b>3.95 €</b></p>
        <p class="right unitPrice">24.68 € per kg</p>
    </div>
    <div class="notAvailable">
    <a class="button bgDarkGrey white" href="../gel-bounty-4pz.html">Not available</a>
</div>
</div><div class="left product prod54"
        data-name="Gel Mars 4pz"
        data-price="3.95"
        data-id="67440"
        data-available="no"
        data-category="5790"
        data-bestselling="">
    <a href="../gel-mars-4pz.html">
        <div style="background-image: url('../../cdn.spesati.com/images/products/000433596/mars-ice-cream-4-x-418-g-01.png')">
            <div class="hover"></div>
            
            <div class="stickers"></div>
        </div>
    </a>
    <div>
        <h4><a href="../gel-mars-4pz.html"><b>Gel Mars 4pz</b></a></h4>
        <p class="description">Mars Ice Cream 4 x 41.8 g</p>
        <p class="right price"><b>3.95 €</b></p>
        <p class="right unitPrice">23.23 € per kg</p>
    </div>
    <div class="notAvailable">
    <a class="button bgDarkGrey white" href="../gel-mars-4pz.html">Not available</a>
</div>
</div><div class="left product prod55"
        data-name="Gel Snickers 4pz"
        data-price="3.95"
        data-id="76221"
        data-available="no"
        data-category="5790"
        data-bestselling="">
    <a href="../gel-snickers-4pz.html">
        <div style="background-image: url('../../cdn.spesati.com/images/products/000433595/snickers-ice-cream-4-x-48-g-01.png')">
            <div class="hover"></div>
            
            <div class="stickers"></div>
        </div>
    </a>
    <div>
        <h4><a href="../gel-snickers-4pz.html"><b>Gel Snickers 4pz</b></a></h4>
        <p class="description">Snickers Ice Cream 4 x 48 g</p>
        <p class="right price"><b>3.95 €</b></p>
        <p class="right unitPrice">20.79 € per kg</p>
    </div>
    <div class="notAvailable">
    <a class="button bgDarkGrey white" href="../gel-snickers-4pz.html">Not available</a>
</div>
</div><div class="left product prod56"
        data-name="Gel Twix 4pz"
        data-price="3.95"
        data-id="67437"
        data-available="no"
        data-category="5790"
        data-bestselling="">
    <a href="../gel-twix-4pz.html">
        <div style="background-image: url('../../cdn.spesati.com/images/products/000433594/twix-ice-cream-4-x-342-g-01.png')">
            <div class="hover"></div>
            
            <div class="stickers"></div>
        </div>
    </a>
    <div>
        <h4><a href="../gel-twix-4pz.html"><b>Gel Twix 4pz</b></a></h4>
        <p class="description">Twix Ice Cream 4 x 34.2 g</p>
        <p class="right price"><b>3.95 €</b></p>
        <p class="right unitPrice">28.22 € per kg</p>
    </div>
    <div class="notAvailable">
    <a class="button bgDarkGrey white" href="../gel-twix-4pz.html">Not available</a>
</div>
</div><div class="left product prod57"
        data-name="Gel Algida Cornetto Classic X8"
        data-price="7.59"
        data-id="67434"
        data-available="no"
        data-category="5790"
        data-bestselling="">
    <a href="../gel-algida-cornetto-classic-x8.html">
        <div style="background-image: url('../../cdn.spesati.com/images/products/000433589/cornetto-classico-8-x-60-g-01.png')">
            <div class="hover"></div>
            
            <div class="stickers"></div>
        </div>
    </a>
    <div>
        <h4><a href="../gel-algida-cornetto-classic-x8.html"><b>Gel Algida Cornetto Classic X8</b></a></h4>
        <p class="description">Cornetto Classico 8 x 60 g</p>
        <p class="right price"><b>7.59 €</b></p>
        <p class="right unitPrice">15.82 € per kg</p>
    </div>
    <div class="notAvailable">
    <a class="button bgDarkGrey white" href="../gel-algida-cornetto-classic-x8.html">Not available</a>
</div>
</div><div class="left product prod58"
        data-name="Gel Algida Cdo Affog Frag 500g"
        data-price="6.58"
        data-id="67482"
        data-available="no"
        data-category="5790"
        data-bestselling="">
    <a href="../gel-algida-cdo-affog-frag-500g.html">
        <div style="background-image: url('../../cdn.spesati.com/images/products/000433575/carte-dor-affogato-alla-fragola-con-meringhe-500-g-01.png')">
            <div class="hover"></div>
            
            <div class="stickers"></div>
        </div>
    </a>
    <div>
        <h4><a href="../gel-algida-cdo-affog-frag-500g.html"><b>Gel Algida Cdo Affog Frag 500g</b></a></h4>
        <p class="description">Carte d'Or Affogato alla Fragola con Meringhe 500 g</p>
        <p class="right price"><b>6.58 €</b></p>
        <p class="right unitPrice">13.17 € per kg</p>
    </div>
    <div class="notAvailable">
    <a class="button bgDarkGrey white" href="../gel-algida-cdo-affog-frag-500g.html">Not available</a>
</div>
</div><div class="left product prod59"
        data-name="Gel Algida Cdo Aff Ciocco 500g"
        data-price="5.59"
        data-id="67473"
        data-available="no"
        data-category="5790"
        data-bestselling="">
    <a href="../gel-algida-cdo-aff-ciocco-500g.html">
        <div style="background-image: url('../../cdn.spesati.com/images/products/000433571/carte-dor-affogato-al-cioccolato-500-g-01.png')">
            <div class="hover"></div>
            
            <div class="stickers"></div>
        </div>
    </a>
    <div>
        <h4><a href="../gel-algida-cdo-aff-ciocco-500g.html"><b>Gel Algida Cdo Aff Ciocco 500g</b></a></h4>
        <p class="description">Carte d'Or Affogato al Cioccolato 500 g</p>
        <p class="right price"><b>5.59 €</b></p>
        <p class="right unitPrice">11.18 € per kg</p>
    </div>
    <div class="notAvailable">
    <a class="button bgDarkGrey white" href="../gel-algida-cdo-aff-ciocco-500g.html">Not available</a>
</div>
</div><div class="left product prod60"
        data-name="Gel Algid Cornett S/glutine 6p"
        data-price="6.99"
        data-id="84498"
        data-available="no"
        data-category="5790"
        data-bestselling="">
    <a href="../gel-algid-cornett-sglutine-6p.html">
        <div style="background-image: url('../../cdn.spesati.com/images/products/000433231/cornetto-algida-senza-glutine-6-x-75-g-01.png')">
            <div class="hover"></div>
            
            <div class="stickers"></div>
        </div>
    </a>
    <div>
        <h4><a href="../gel-algid-cornett-sglutine-6p.html"><b>Gel Algid Cornett S/glutine 6p</b></a></h4>
        <p class="description">Cornetto Algida Senza Glutine 6 x 75 g</p>
        <p class="right price"><b>6.99 €</b></p>
        <p class="right unitPrice">15.53 € per kg</p>
    </div>
    <div class="notAvailable">
    <a class="button bgDarkGrey white" href="../gel-algid-cornett-sglutine-6p.html">Not available</a>
</div>
</div><div class="left product prod61"
        data-name="Gel Algida Cornett Fragola 6p"
        data-price="5.99"
        data-id="84366"
        data-available="no"
        data-category="5790"
        data-bestselling="">
    <a href="../gel-algida-cornett-fragola-6p.html">
        <div style="background-image: url('../../cdn.spesati.com/images/products/000433230/cornetto-algida-fragola-6-x-75-g-01.png')">
            <div class="hover"></div>
            
            <div class="stickers"></div>
        </div>
    </a>
    <div>
        <h4><a href="../gel-algida-cornett-fragola-6p.html"><b>Gel Algida Cornett Fragola 6p</b></a></h4>
        <p class="description">Cornetto Algida Fragola 6 x 75 g</p>
        <p class="right price"><b>5.99 €</b></p>
        <p class="right unitPrice">13.31 € per kg</p>
    </div>
    <div class="notAvailable">
    <a class="button bgDarkGrey white" href="../gel-algida-cornett-fragola-6p.html">Not available</a>
</div>
</div><div class="left product prod62"
        data-name="Gel Algida Cornett Sbagliat 6p"
        data-price="5.99"
        data-id="84363"
        data-available="no"
        data-category="5790"
        data-bestselling="">
    <a href="../gel-algida-cornett-sbagliat-6p.html">
        <div style="background-image: url('../../cdn.spesati.com/images/products/000433229/cornetto-algida-sbagliato-classico-6-x-75-g-01.png')">
            <div class="hover"></div>
            
            <div class="stickers"></div>
        </div>
    </a>
    <div>
        <h4><a href="../gel-algida-cornett-sbagliat-6p.html"><b>Gel Algida Cornett Sbagliat 6p</b></a></h4>
        <p class="description">Cornetto Algida Sbagliato Classico 6 x 75 g</p>
        <p class="right price"><b>5.99 €</b></p>
        <p class="right unitPrice">13.31 € per kg</p>
    </div>
    <div class="notAvailable">
    <a class="button bgDarkGrey white" href="../gel-algida-cornett-sbagliat-6p.html">Not available</a>
</div>
</div><div class="left product prod63"
        data-name="Gel Algida Cornett Caramel 6p"
        data-price="5.99"
        data-id="84360"
        data-available="no"
        data-category="5790"
        data-bestselling="">
    <a href="../gel-algida-cornett-caramel-6p.html">
        <div style="background-image: url('../../cdn.spesati.com/images/products/000433228/cornetto-algida-caramello-6-x-75-g-01.png')">
            <div class="hover"></div>
            
            <div class="stickers"></div>
        </div>
    </a>
    <div>
        <h4><a href="../gel-algida-cornett-caramel-6p.html"><b>Gel Algida Cornett Caramel 6p</b></a></h4>
        <p class="description">Cornetto Algida Caramello 6 x 75 g</p>
        <p class="right price"><b>5.99 €</b></p>
        <p class="right unitPrice">13.31 € per kg</p>
    </div>
    <div class="notAvailable">
    <a class="button bgDarkGrey white" href="../gel-algida-cornett-caramel-6p.html">Not available</a>
</div>
</div><div class="left product prod64"
        data-name="Gel Algid Cornett Cioccol 6p"
        data-price="5.99"
        data-id="84357"
        data-available="no"
        data-category="5790"
        data-bestselling="">
    <a href="../gel-algid-cornett-cioccol-6p.html">
        <div style="background-image: url('../../cdn.spesati.com/images/products/000433227/cornetto-algida-cioccolato-con-riccioli-di-cioccolato-fondente-6-x-75-g-01.png')">
            <div class="hover"></div>
            
            <div class="stickers"></div>
        </div>
    </a>
    <div>
        <h4><a href="../gel-algid-cornett-cioccol-6p.html"><b>Gel Algid Cornett Cioccol 6p</b></a></h4>
        <p class="description">Cornetto Algida Cioccolato con riccioli di cioccolato fondente 6 x 75 g</p>
        <p class="right price"><b>5.99 €</b></p>
        <p class="right unitPrice">13.31 € per kg</p>
    </div>
    <div class="notAvailable">
    <a class="button bgDarkGrey white" href="../gel-algid-cornett-cioccol-6p.html">Not available</a>
</div>
</div><div class="left product prod65"
        data-name="Gel Estathe Ice Stick Lim X5pz"
        data-price="3.69"
        data-id="83684"
        data-available="no"
        data-category="5790"
        data-bestselling="">
    <a href="../gel-estathe-ice-stick-lim-x5pz.html">
        <div style="background-image: url('../../cdn.spesati.com/images/products/000433130/estathe-ice-limone-5-x-70-g-01.png')">
            <div class="hover"></div>
            
            <div class="stickers"></div>
        </div>
    </a>
    <div>
        <h4><a href="../gel-estathe-ice-stick-lim-x5pz.html"><b>Gel Estathe Ice Stick Lim X5pz</b></a></h4>
        <p class="description">Estathé Ice limone 5 x 70 g</p>
        <p class="right price"><b>3.69 €</b></p>
        <p class="right unitPrice">10.55 € per kg</p>
    </div>
    <div class="notAvailable">
    <a class="button bgDarkGrey white" href="../gel-estathe-ice-stick-lim-x5pz.html">Not available</a>
</div>
</div><div class="left product prod66"
        data-name="Gel Estathe Ice Stick Pesc X5p"
        data-price="3.69"
        data-id="83681"
        data-available="no"
        data-category="5790"
        data-bestselling="">
    <a href="../gel-estathe-ice-stick-pesc-x5p.html">
        <div style="background-image: url('../../cdn.spesati.com/images/products/000433129/estathe-ice-pesca-5-x-70-g-01.png')">
            <div class="hover"></div>
            
            <div class="stickers"></div>
        </div>
    </a>
    <div>
        <h4><a href="../gel-estathe-ice-stick-pesc-x5p.html"><b>Gel Estathe Ice Stick Pesc X5p</b></a></h4>
        <p class="description">Estathé Ice pesca 5 x 70 g</p>
        <p class="right price"><b>3.69 €</b></p>
        <p class="right unitPrice">10.55 € per kg</p>
    </div>
    <div class="notAvailable">
    <a class="button bgDarkGrey white" href="../gel-estathe-ice-stick-pesc-x5p.html">Not available</a>
</div>
</div><div class="left product prod67"
        data-name="Gel Ferr Cono K Buono White 4p"
        data-price="4.49"
        data-id="76209"
        data-available="no"
        data-category="5790"
        data-bestselling="">
    <a href="../gel-ferr-cono-k-buono-white-4p.html">
        <div style="background-image: url('../../cdn.spesati.com/images/products/000433113/kinder-bueno-white-4-x-62-g-01.png')">
            <div class="hover"></div>
            
            <div class="stickers"></div>
        </div>
    </a>
    <div>
        <h4><a href="../gel-ferr-cono-k-buono-white-4p.html"><b>Gel Ferr Cono K Buono White 4p</b></a></h4>
        <p class="description">Kinder bueno White 4 x 62 g</p>
        <p class="right price"><b>4.49 €</b></p>
        <p class="right unitPrice">17.96 € per kg</p>
    </div>
    <div class="notAvailable">
    <a class="button bgDarkGrey white" href="../gel-ferr-cono-k-buono-white-4p.html">Not available</a>
</div>
</div><div class="left product prod68"
        data-name="Gel Ferrero Cono K Buono 4pz"
        data-price="4.49"
        data-id="76206"
        data-available="no"
        data-category="5790"
        data-bestselling="">
    <a href="../gel-ferrero-cono-k-buono-4pz.html">
        <div style="background-image: url('../../cdn.spesati.com/images/products/000433112/kinder-bueno-4-x-62-g-01.png')">
            <div class="hover"></div>
            
            <div class="stickers"></div>
        </div>
    </a>
    <div>
        <h4><a href="../gel-ferrero-cono-k-buono-4pz.html"><b>Gel Ferrero Cono K Buono 4pz</b></a></h4>
        <p class="description">Kinder bueno 4 x 62 g</p>
        <p class="right price"><b>4.49 €</b></p>
        <p class="right unitPrice">17.96 € per kg</p>
    </div>
    <div class="notAvailable">
    <a class="button bgDarkGrey white" href="../gel-ferrero-cono-k-buono-4pz.html">Not available</a>
</div>
</div><div class="left product prod69"
        data-name="Gel Kinder Cono Bueno 4pz"
        data-price="5.19"
        data-id="27569"
        data-available="no"
        data-category="5790"
        data-bestselling="">
    <a href="../gel-kinder-cono-bueno-4pz.html">
        <div style="background-image: url('../../cdn.spesati.com/images/products/000135961/kinder-bueno-ice-cream-cone-4-x-60-g-01.png')">
            <div class="hover"></div>
            
            <div class="stickers"></div>
        </div>
    </a>
    <div>
        <h4><a href="../gel-kinder-cono-bueno-4pz.html"><b>Gel Kinder Cono Bueno 4pz</b></a></h4>
        <p class="description">Kinder bueno Ice Cream Cone 4 x 60 g</p>
        <p class="right price"><b>5.19 €</b></p>
        <p class="right unitPrice">21.63 € per kg</p>
    </div>
    <div class="notAvailable">
    <a class="button bgDarkGrey white" href="../gel-kinder-cono-bueno-4pz.html">Not available</a>
</div>
</div><div class="left product prod70"
        data-name="Gel Algida Cdo Aff Sachert 500"
        data-price="5.25"
        data-id="67485"
        data-available="no"
        data-category="5790"
        data-bestselling="">
    <a href="../gel-algida-cdo-aff-sachert-500.html">
        <div style="background-image: url('../../cdn.spesati.com/images/products/missing-image/missing-image.jpg')">
            <div class="hover"></div>
            
            <div class="stickers"></div>
        </div>
    </a>
    <div>
        <h4><a href="../gel-algida-cdo-aff-sachert-500.html"><b>Gel Algida Cdo Aff Sachert 500</b></a></h4>
        <p class="description">0.5 Kg</p>
        <p class="right price"><b>5.25 €</b></p>
        <p class="right unitPrice">10.51 € per kg</p>
    </div>
    <div class="notAvailable">
    <a class="button bgDarkGrey white" href="../gel-algida-cdo-aff-sachert-500.html">Not available</a>
</div>
</div><div class="left product prod71"
        data-name="Gel Ferrero Rocher Dark X4"
        data-price="4.49"
        data-id="69864"
        data-available="no"
        data-category="5790"
        data-bestselling="">
    <a href="../gel-ferrero-rocher-dark-x4.html">
        <div style="background-image: url('../../cdn.spesati.com/images/products/missing-image/missing-image.jpg')">
            <div class="hover"></div>
            
            <div class="stickers"></div>
        </div>
    </a>
    <div>
        <h4><a href="../gel-ferrero-rocher-dark-x4.html"><b>Gel Ferrero Rocher Dark X4</b></a></h4>
        <p class="description">0.2 Kg</p>
        <p class="right price"><b>4.49 €</b></p>
        <p class="right unitPrice">22.45 € per kg</p>
    </div>
    <div class="notAvailable">
    <a class="button bgDarkGrey white" href="../gel-ferrero-rocher-dark-x4.html">Not available</a>
</div>
</div><div class="left product prod72"
        data-name="Gel Estathe Ice Stick Pesc X4"
        data-price="2.69"
        data-id="76224"
        data-available="no"
        data-category="5790"
        data-bestselling="">
    <a href="../gel-estathe-ice-stick-pesc-x4.html">
        <div style="background-image: url('../../cdn.spesati.com/images/products/missing-image/missing-image.jpg')">
            <div class="hover"></div>
            
            <div class="stickers"></div>
        </div>
    </a>
    <div>
        <h4><a href="../gel-estathe-ice-stick-pesc-x4.html"><b>Gel Estathe Ice Stick Pesc X4</b></a></h4>
        <p class="description">0.2 Kg</p>
        <p class="right price"><b>2.69 €</b></p>
        <p class="right unitPrice">13.45 € per kg</p>
    </div>
    <div class="notAvailable">
    <a class="button bgDarkGrey white" href="../gel-estathe-ice-stick-pesc-x4.html">Not available</a>
</div>
</div><div class="left product prod73"
        data-name="Gel Estathe Limone Stecco X4"
        data-price="2.69"
        data-id="76227"
        data-available="no"
        data-category="5790"
        data-bestselling="">
    <a href="../gel-estathe-limone-stecco-x4.html">
        <div style="background-image: url('../../cdn.spesati.com/images/products/missing-image/missing-image.jpg')">
            <div class="hover"></div>
            
            <div class="stickers"></div>
        </div>
    </a>
    <div>
        <h4><a href="../gel-estathe-limone-stecco-x4.html"><b>Gel Estathe Limone Stecco X4</b></a></h4>
        <p class="description">0.28 Kg</p>
        <p class="right price"><b>2.69 €</b></p>
        <p class="right unitPrice">9.60 € per kg</p>
    </div>
    <div class="notAvailable">
    <a class="button bgDarkGrey white" href="../gel-estathe-limone-stecco-x4.html">Not available</a>
</div>
</div><div class="left product prod74"
        data-name="Gel Alg Cdo Cls Cocco 500gr"
        data-price="3.99"
        data-id="77287"
        data-available="no"
        data-category="5790"
        data-bestselling="">
    <a href="../gel-alg-cdo-cls-cocco-500gr.html">
        <div style="background-image: url('../../cdn.spesati.com/images/products/missing-image/missing-image.jpg')">
            <div class="hover"></div>
            
            <div class="stickers"></div>
        </div>
    </a>
    <div>
        <h4><a href="../gel-alg-cdo-cls-cocco-500gr.html"><b>Gel Alg Cdo Cls Cocco 500gr</b></a></h4>
        <p class="description">0.5 Kg</p>
        <p class="right price"><b>3.99 €</b></p>
        <p class="right unitPrice">7.98 € per kg</p>
    </div>
    <div class="notAvailable">
    <a class="button bgDarkGrey white" href="../gel-alg-cdo-cls-cocco-500gr.html">Not available</a>
</div>
</div><div class="left product prod75"
        data-name="Sebadas C Isola Limone 240gr"
        data-price="3.29"
        data-id="32492"
        data-available="no"
        data-category="5749"
        data-bestselling="">
    <a href="../sebadas-c-isola-limone-240gr.html">
        <div style="background-image: url('../../cdn.spesati.com/images/products/missing-image/missing-image.jpg')">
            <div class="hover"></div>
            
            <div class="stickers"></div>
        </div>
    </a>
    <div>
        <h4><a href="../sebadas-c-isola-limone-240gr.html"><b>Sebadas C Isola Limone 240gr</b></a></h4>
        <p class="description">0.24 Kg</p>
        <p class="right price"><b>3.29 €</b></p>
        <p class="right unitPrice">13.71 € per kg</p>
    </div>
    <div class="notAvailable">
    <a class="button bgDarkGrey white" href="../sebadas-c-isola-limone-240gr.html">Not available</a>
</div>
</div><div class="left product prod76"
        data-name="Lasagne All'uovo Gelo 2kg"
        data-price="9.44"
        data-id="34021"
        data-available="no"
        data-category="1876"
        data-bestselling="">
    <a href="../lasagne-alluovo-gelo-2kg.html">
        <div style="background-image: url('../../cdn.spesati.com/images/products/missing-image/missing-image.jpg')">
            <div class="hover"></div>
            
            <div class="stickers"></div>
        </div>
    </a>
    <div>
        <h4><a href="../lasagne-alluovo-gelo-2kg.html"><b>Lasagne All'uovo Gelo 2kg</b></a></h4>
        <p class="description">2 Kg</p>
        <p class="right price"><b>9.44 €</b></p>
        <p class="right unitPrice">4.72 € per kg</p>
    </div>
    <div class="notAvailable">
    <a class="button bgDarkGrey white" href="../lasagne-alluovo-gelo-2kg.html">Not available</a>
</div>
</div><div class="left product prod77"
        data-name="Gel Sigel Gran Dess Tiram 1.6k"
        data-price="11.71"
        data-id="34486"
        data-available="no"
        data-category="5790"
        data-bestselling="">
    <a href="../gel-sigel-gran-dess-tiram-16k.html">
        <div style="background-image: url('../../cdn.spesati.com/images/products/missing-image/missing-image.jpg')">
            <div class="hover"></div>
            
            <div class="stickers"></div>
        </div>
    </a>
    <div>
        <h4><a href="../gel-sigel-gran-dess-tiram-16k.html"><b>Gel Sigel Gran Dess Tiram 1.6k</b></a></h4>
        <p class="description">1.6 Kg</p>
        <p class="right price"><b>11.71 €</b></p>
        <p class="right unitPrice">7.33 € per kg</p>
    </div>
    <div class="notAvailable">
    <a class="button bgDarkGrey white" href="../gel-sigel-gran-dess-tiram-16k.html">Not available</a>
</div>
</div><div class="left product prod78"
        data-name="Gel Sigel Vaniglia Vasc 2.9kg"
        data-price="20.24"
        data-id="34491"
        data-available="no"
        data-category="5790"
        data-bestselling="">
    <a href="../gel-sigel-vaniglia-vasc-29kg.html">
        <div style="background-image: url('../../cdn.spesati.com/images/products/missing-image/missing-image.jpg')">
            <div class="hover"></div>
            
            <div class="stickers"></div>
        </div>
    </a>
    <div>
        <h4><a href="../gel-sigel-vaniglia-vasc-29kg.html"><b>Gel Sigel Vaniglia Vasc 2.9kg</b></a></h4>
        <p class="description">2.9 Kg</p>
        <p class="right price"><b>20.24 €</b></p>
        <p class="right unitPrice">6.97 € per kg</p>
    </div>
    <div class="notAvailable">
    <a class="button bgDarkGrey white" href="../gel-sigel-vaniglia-vasc-29kg.html">Not available</a>
</div>
</div><div class="left product prod79"
        data-name="Cono Mand Isola Piac Pral 125g"
        data-price="3.49"
        data-id="64908"
        data-available="no"
        data-category="5790"
        data-bestselling="">
    <a href="../cono-mand-isola-piac-pral-125g.html">
        <div style="background-image: url('../../cdn.spesati.com/images/products/missing-image/missing-image.jpg')">
            <div class="hover"></div>
            
            <div class="stickers"></div>
        </div>
    </a>
    <div>
        <h4><a href="../cono-mand-isola-piac-pral-125g.html"><b>Cono Mand Isola Piac Pral 125g</b></a></h4>
        <p class="description">0.13 Kg</p>
        <p class="right price"><b>3.49 €</b></p>
        <p class="right unitPrice">26.85 € per kg</p>
    </div>
    <div class="notAvailable">
    <a class="button bgDarkGrey white" href="../cono-mand-isola-piac-pral-125g.html">Not available</a>
</div>
</div><div class="left product prod80"
        data-name="Cono Nocc Isola Piac Pral 125g"
        data-price="3.49"
        data-id="64911"
        data-available="no"
        data-category="5790"
        data-bestselling="">
    <a href="../cono-nocc-isola-piac-pral-125g.html">
        <div style="background-image: url('../../cdn.spesati.com/images/products/missing-image/missing-image.jpg')">
            <div class="hover"></div>
            
            <div class="stickers"></div>
        </div>
    </a>
    <div>
        <h4><a href="../cono-nocc-isola-piac-pral-125g.html"><b>Cono Nocc Isola Piac Pral 125g</b></a></h4>
        <p class="description">0.13 Kg</p>
        <p class="right price"><b>3.49 €</b></p>
        <p class="right unitPrice">26.85 € per kg</p>
    </div>
    <div class="notAvailable">
    <a class="button bgDarkGrey white" href="../cono-nocc-isola-piac-pral-125g.html">Not available</a>
</div>
</div>        </div>
    </div>
</section>
<div class="footer">
    <div class="bgDarkGrey"></div>
    <footer>
        <div class="left bgDarkGrey">
            <a id="logoFooter" href="../index.html" class="estDynamic">
                <img src="../../cdn.spesati.com/images/layout/logo-eng.png" alt="Spesati.com" />
                <h2 class="red">Grocery Delivery</h2>
            </a>
            <a class="button bgRed white mobile" href="tel:390707968318">Phone order</a>
            <a class="button bgRed white desktop" href="../news/2020-04-07/news-on-spesati-the-telephone-order-service-is-active.html">Phone order</a>
            <a class="button bgRed white" href="../cdn-cgi/l/email-protection.html#a3cacdc5cce3d0d3c6d0c2d7ca8dc0ccce">Send mail</a>
            <div id="social">
                <a class="left" href="https://www.facebook.com/spesati/" rel="external" target="_blank">
                    <span class="facebook bgRed fa-stack fa-lg">
                        <i class="fa fa-facebook fa-stack-1x "></i>
                    </span>
                </a>
                <a class="right" href="https://twitter.com/spesati" rel="external" target="_blank">
                    <span class="twitter bgRed fa-stack fa-lg">
                        <i class="fa fa-twitter fa-stack-1x "></i>
                    </span>
                </a>
            </div>
            <p>Copyright 2024 Spesati.com </p>
            
                    <p>All rights reserved</p>
                    <p>SPESATI SRL</p>
                    <p>Corso Vittorio Veneto 15/I, 07026, Olbia</p>
                    <p>CF e P.Iva: 02772380909</p>
                        </div>
        <div class="center bgRed">
            <div class="top">
                <h3>Categories</h3>
                <div class="col">
                    <ul>
                        <li>
                            <a href="#" class="estDynamic">On sale</a>
                        </li>
                        <li>
                            <a href="../fruit-and-vegetables.html" class="estDynamic">Fruit and vegetables</a>
                        </li>
                        <li>
                            <a href="../fresh-products.html" class="estDynamic">Fresh products</a>
                        </li>
                        <li>
                            <a href="../frozen-foods.html" class="estDynamic">Frozen foods</a>
                        </li>
                        <li>
                            <a href="../bread-and-pasta.html" class="estDynamic">Bread and pasta</a>
                        </li>
                        <li>
                            <a href="../meat.html" class="estDynamic">Meat</a>
                        </li>
                        <li>
                            <a href="../fish.html" class="estDynamic">Fish</a>
                        </li>
                    </ul>
                </div>
                <div class="col">
                    <ul>
                        <li>
                            <a href="../wine-beer-and-spirits.html" class="estDynamic">Wine beer and spirits</a>
                        </li>
                        <li>
                            <a href="../water-and-drinks.html" class="estDynamic">Water and drinks</a>
                        </li>
                        <li>
                            <a href="../sweets.html" class="estDynamic">Sweets</a>
                        </li>
                        <li>
                            <a href="../shelf.html" class="estDynamic">Cupboard</a>
                        </li>
                        <li>
                            <a href="../personal-care.html" class="estDynamic">Personal care</a>
                        </li>
                        <li>
                            <a href="../household-and-outdoors.html" class="estDynamic">Home and outdoors</a>
                        </li>
                        <li>
                            <a href="../pet.html" class="estDynamic">Pets</a>
                        </li>
                    </ul>
                </div>
                <div class="col">
                    <ul>
                        <li>
                            <a href="../technology.html" class="estDynamic">Technology</a>
                        </li>
                        <li>
                            <a href="../gluten-free.html" class="estDynamic">Gluten free</a>
                        </li>
                        <li>
                            <a href="../lactose-free.html" class="estDynamic">Lactose free</a>
                        </li>
                        <li>
                            <a href="../special.html" class="estDynamic">Special</a>
                        </li>
                        <li>
                            <a href="../sardinian-products.html" class="estDynamic">Sardinian products</a>
                        </li>
                    </ul>
                </div>
            </div>
            <div class="bottom bgRed">
                <div class="left">
                    <h3>Delivery payment</h3>
                    <div>
                        <i class="fa fa-money fa-3x" aria-hidden="true"></i>
                        <p>Cash</p>
                    </div>
                    <div>
                        <i class="fa fa-credit-card fa-3x" aria-hidden="true"></i>
                        <p>Bancomat or card</p>
                    </div>
                </div>
                <div class="right">
                    <h3>Online payment</h3>
                    <div>
                        <i class="fa fa-credit-card fa-3x" aria-hidden="true"></i>
                        <p>Credit or debit card <span class="red">online</span></p>
                    </div>
                    <div>
                        <i class="fa fa-paypal fa-3x" aria-hidden="true"></i>
                        <p>PayPal</p>
                    </div>
                    <div>
                        <i class="fa fa-university fa-3x" aria-hidden="true"></i>
                        <p>Bank transfer</p>
                    </div>
                </div>
            </div>
        </div>
        <div class="right bgRed">
            <div>
                <i class="fa fa-truck fa-flip-horizontal"></i>
                <a class="button bgYellow white" href="../delivery-prices.html">Delivery prices</a>
                
                    <h3>Home delivery:</h3>
                    <p><b>Monday to Saturday</b></p>
                    <p><b>9:00 to 20:00</b></p>
                    <p><b>Minimum order:</b> 29€</p>
                    <p><b>Delivery starting from:</b> 3,50€</p>
                            </div>
            <ul>
                <li>
                    <a href="../delivery-prices.html">Delivery prices</a>
                </li>
                <li>
                    <a href="../about.html">About</a>
                </li>
                <li>
                    <a href="../faq.html">Faq</a>
                </li>
                <li>
                    <a href="../customer-care.html">Support</a>
                </li>
                <li>
                    <a href="../news.html">Blog</a>
                </li>
                <li>
                    <a href="../terms-and-conditions.html">Conditions</a>
                </li>
                <li>
                    <a href="../privacy-policy.html">Privacy policy</a>
                </li>
                <li>
                    <a href="../legal-warranty.html">Legal guarantee</a>
                </li>
            </ul>
        </div>
    </footer>
    <div class="bgRed"></div>
</div>
<!--Start of Tawk.to Script-->
<script data-cfasync="false" src="../cdn-cgi/scripts/5c5dd728/cloudflare-static/email-decode.min.js"></script><script type="text/javascript">
var Tawk_API=Tawk_API||{}, Tawk_LoadStart=new Date();
(function(){
var s1=document.createElement("script"),s0=document.getElementsByTagName("script")[0];
s1.async=true;
s1.src='https://embed.tawk.to/59e86945c28eca75e4626ed9/default';
s1.charset='UTF-8';
s1.setAttribute('crossorigin','*');
s0.parentNode.insertBefore(s1,s0);
})();
</script>
<!--End of Tawk.to Script-->

<!-- Here are parked a few translatable strings, useful for Javascript rendering -->
<div id="js-texts" hidden>
    <input type="hidden" name="save_cart_notice" value="Saving your cart it will be possible to reload it next time you come for shopping">
    <input type="hidden" name="save_cart_notice_title" value="Want to save your cart?">
    <input type="hidden" name="save_cart_ok" value="Save">
    <input type="hidden" name="save_cart_ko" value="Don't Save">
    <input type="hidden" name="reload_cart" value="The Reload Order function allows you to top up your last cart to make a New Order. Warning: do not use this function to add products to the last order. At this time it is not possible to modify an order placed previously.">
</div>

<!-- new site and login popup -->
</body>
<!-- Mirrored from www.spesati.com/frozen-foods/ice-creams by HTTrack Website Copier/3.x [XR&CO'2014], Fri, 23 Feb 2024 17:45:21 GMT -->
</html>