<!DOCTYPE html><html lang="en">
<!-- Mirrored from www.spesati.com/frozen-foods/vegetables by HTTrack Website Copier/3.x [XR&CO'2014], Fri, 23 Feb 2024 17:46:53 GMT -->
<!-- Added by HTTrack --><meta http-equiv="content-type" content="text/html;charset=utf-8" /><!-- /Added by HTTrack -->
<head>
    <title>Vegetables and soy - Frozen foods - Spesati.com</title>
    <meta http-equiv="Content-Type" content="text/html; charset=UTF-8" />
    <meta name="description" content="" />
    <meta name="keywords" content="" />
    <link href="../images/favicon.ico" rel="shortcut icon" type="image/x-icon" />
    <meta name="author" content="www.dodify.com" /><link rel="canonical" href="vegetables.html" /><link rel="alternate" hreflang="en" href="vegetables.html" /><link rel="alternate" hreflang="it" href="https://www.spesati.it/banco-surgelati/verdure" /><link href="../../cdnjs.cloudflare.com/ajax/libs/meyer-reset/2.0/reset.min.css" rel="stylesheet" type="text/css" /><link href="../../cdnjs.cloudflare.com/ajax/libs/font-awesome/6.5.1/css/all.min.css" rel="stylesheet" type="text/css" /><link href="https://fonts.googleapis.com/css?family=Montserrat:400,700" rel="stylesheet" type="text/css" /><link href="../../cdnjs.cloudflare.com/ajax/libs/fancybox/2.1.5/jquery.fancybox.min.css" rel="stylesheet" type="text/css" /><link href="../style/mainbea6.css?v=7" rel="stylesheet" type="text/css" /><link href="../style/lightslider.css" rel="stylesheet" type="text/css" /><link href="../style/categories.css" rel="stylesheet" type="text/css" /><script src="../../cdnjs.cloudflare.com/ajax/libs/jquery/3.6.1/jquery.min.js" type="text/javascript"></script><script src="../../ajax.googleapis.com/ajax/libs/jquery/1.11.0/jquery.min.js" type="text/javascript"></script><script src="http://unpkg.com/@floating-ui/core@0.4.0" type="text/javascript"></script><script src="http://unpkg.com/@floating-ui/dom@0.2.0" type="text/javascript"></script><script src="../../cdnjs.cloudflare.com/ajax/libs/fancybox/2.1.5/jquery.fancybox.min.js" type="text/javascript"></script><script src="../js/menu.js" type="text/javascript"></script><script src="../js/interfaceb6f5.js?v=10" type="text/javascript"></script><script src="../js/spesati.lightslider.min.js" type="text/javascript"></script><meta name="viewport" content="width=device-width, initial-scale=1, maximum-scale=1" /><meta name = "format-detection" content = "telephone=no">
<!-- Facebook Pixel Code -->
<script>
  !function(f,b,e,v,n,t,s)
  {if(f.fbq)return;n=f.fbq=function(){n.callMethod?
  n.callMethod.apply(n,arguments):n.queue.push(arguments)};
  if(!f._fbq)f._fbq=n;n.push=n;n.loaded=!0;n.version='2.0';
  n.queue=[];t=b.createElement(e);t.async=!0;
  t.src=v;s=b.getElementsByTagName(e)[0];
  s.parentNode.insertBefore(t,s)}(window, document,'script',
  '../../connect.facebook.net/en_US/fbevents.js');
  fbq('init', '792335014180667');
  fbq('track', 'PageView');
</script>
<noscript>
    <img height="1" width="1" style="display:none" src="https://www.facebook.com/tr?id=792335014180667&amp;ev=PageView&amp;noscript=1" />
</noscript>
<!-- End Facebook Pixel Code -->

<!-- GA4 -->
<script async src="https://www.googletagmanager.com/gtag/js?id=G-SSS6NRNXL0"></script>
<script>
  window.dataLayer = window.dataLayer || [];
  function gtag(){dataLayer.push(arguments);}
  gtag('js', new Date());
  gtag('config', 'AW-976671669');
  gtag('config', 'G-SSS6NRNXL0');
</script>
<!-- Elements for PWA deploy -->
<link rel="manifest" href="../manifest.json">
<meta name="theme-color" media="(prefers-color-scheme: light)" content="white">
<meta name="theme-color" media="(prefers-color-scheme: dark)"  content="black">
<link href=../images/icon-192.png rel=apple-touch-icon sizes="192x192">
<!-- Establishment logic -->
<script>var pageEstablishment = "Olbia"; var estDefaultPages = true</script>
    <!--[if lt IE 9]>
        <script src="https://cdnjs.cloudflare.com/ajax/libs/html5shiv/3.7.3/html5shiv.min.js" type="text/javascript"></script>
    <![endif]--><script type="text/javascript">
$(document).ready(function() {
    // Check if exists cookie
    if(document.cookie.indexOf("cookieAccepted") < 0) {
        var cookieText = '<div id=\"cookie\"><p>This site uses cookies. Cookies are used for ads personalisation. <a href=\"/privacy-policy\">More info</a></p><button id=\"cookieConsent\" type=\"button\">Accept</button></div>';
        $("body").append($(
            cookieText
        ));
        $('#cookie').css({
            'width'           : '100%',
            'text-align'      : 'center',
            'color'           : '#FFFFFF',
            'background-color': '#000000', 
            'opacity'         : '.8', 
            'position'        : 'fixed', 
            'bottom'          : '0',
            'padding'         : '.5em 0',
            'z-index'         : '999'
        });
        $('#cookie > *').css({
            'display': 'inline'
        });
        $('#cookie a').css({
            'color'          : '#FFFFFF',
            'text-decoration': 'underline',
            'margin-right'   : '2%'
        });
        $('#cookieConsent').click(function() {
            // Set cookie
            var expiry = new Date();
            expiry.setTime(expiry.getTime() + (365 * 24 * 60 * 60 * 1000));
            document.cookie = "cookieAccepted=yes; expires=" + expiry.toGMTString() + "; path=/; domain=.spesati.com";
            $('#cookie').css({'display': 'none'});
        });
    }
});
</script></head><body><script type="text/javascript">
    var addText = "Add";
    var slider  = null;
    $(document).ready(function() {
        slider = $('#cartSlider').lightSlider({
            controls: false,
            item:13,
            loop:false,
            slideMove:1,
            easing: 'cubic-bezier(0.25, 0, 0.25, 1)',
            speed:600,
            responsive : [
                {
                    breakpoint:1400,
                    settings: {
                        item:12,
                        slideMove:1,
                    }
                },
                {
                    breakpoint:1200,
                    settings: {
                        item:11,
                        slideMove:1,
                    }
                },
                {
                    breakpoint:1080,
                    settings: {
                        item:14,
                        slideMove:1,
                    }
                },
                {
                    breakpoint:800,
                    settings: {
                        item:12,
                        slideMove:1,
                    }
                }
            ]
        });
        $('.lSPager').css("display","none");
        $('.lSAction').css("display","block");
        $('#goToPrevSlide').on('click', function () {
            slider.goToPrevSlide();
        });
        $('#goToNextSlide').on('click', function () {
            slider.goToNextSlide();
        });
    });

</script>
<div id="header" class="bgYellow">
    <header>
        <a class="menu" href="#"><i class="fa red fa-bars fa-2x"></i></a>
        <a id="logo" class="colLeft estDynamic" href="../index.html">
            <img src="../../cdn.spesati.com/images/layout/logo-eng.png" alt="Spesati.com" />
            <h2 class="red">Grocery Delivery</h2>
        </a>
        <div class="colRight">
            <div id="controls" class="right">
                <p id="establishmentControls">
                    <span class="establishmentWarning"><i class="fa-solid fa-triangle-exclamation red" title="Stai visualizzando i prodotti disponibili in una zona diversa. Se vuoi cambiare zona, cliccan qui"></i>&nbsp;&nbsp;</span>
                    Shopping from <b><a id="establishment" href="#"></a></b> <span id="estAddress">for </span> <a href="../change-establishment.html">(<i class="fa-solid fa-pencil"></i> Change)</a> <span class="establishmentWarning">but viewing <b>Olbia</b></span>
                </p>
                <p><a href="https://www.spesati.it/banco-surgelati/verdure" class="black switch-site">Versione italiana</a></p>                
            </div>
            <div>
                <form id="search" action="https://www.spesati.com/search" method="post" class="left">
                    <fieldset>
                        <div>
                            <input type="text" name="searchBox" id="searchBox" placeholder="Search for a product"></input>
                            <input id="searchButton" type="submit" name="searchButton" class="button bgRed white left" value="Find" />
                        </div>
                    </fieldset>
                </form>
                <div class="center left">
                    <a class="button bgRed white log-in" href="../login.html">Login</a>
                    <a class="button bgRed white sign-up" href="../sign-up.html">Sign up</a>
                    <a class="button bgRed white profile" href="../profile.html">Profile</a>
                    <a class="button bgRed white log-out" href="../index.html" data-endpoint-check-cart="https://api.spesati.com/cart/check">Logout</a>
                </div>
                <div class="right user-function-icons">
                    <a class="red left account"><i class="fa fa-user fa-3x"></i></a>
                    <div id="dropdown">
                        <a class="log-in button bgRed white" href="../login.html">Login</a>
                        <a class="sign-up button bgRed white" href="../sign-up.html">Sign up</a>
                        <a class="profile button bgRed white" href="../profile.html">Profile</a>
                        <a class="log-out button bgRed white" href="../index.html">Logout</a>
                    </div>

                    <div class="cart left">
                        <i class="fa fa-sm fa-shopping-cart red" aria-hidden="true" id="shipping-cart-button"></i>
                        <p id="cartQuantity"></p>
                    </div>

                    <a class="right" href="../cart.html"><p class="black" id="cartTotal"></p></a>
                </div>
            </div>
                            <div id="previewCart">
                    <i id="goToPrevSlide" class="yellow fa fa-angle-left fa-2x" aria-hidden="true"></i>
                    <div><ul id="cartSlider"></ul></div>
                    <i id="goToNextSlide" class="yellow fa fa-angle-right fa-2x" aria-hidden="true"></i>
                </div>
                    </div>
    </header>

    <div id="shipping-cart-options" data-inited="false">
        <a href="../cart.html" class="goto-cart">checkout</a>
        <a href="#" data-endpoint-auth="https://api.spesati.com/cart/save" data-endpoint-noauth="/login" class="save-cart">save</a>
        <a href="#" data-endpoint-auth="https://api.spesati.com/cart/load" class="load-cart">load</a>
    </div>
</div>
<div id="menuCategoriesMobile" class="mobile bgRed">
    <div class="closeMenu">
        <i class="fa fa-times fa-2x white"></i>
        Close
    </div>
    <ul class="bgRed white">
        <div id="langMobile" class="right">
        <a href="https://www.spesati.it/banco-surgelati/verdure" class="white switch-site"><p>Versione italiana</p></a>    </div>
        <li><a>Categories</a>
            <ul class="bgWhite">
                <li>
                    <img src="../../cdn.spesati.com/images/menu/on-sale.png"/>
                    On sale                    <i class="fa fa-angle-down" aria-hidden="true"></i>
                    <ul class="sub-menu">
                    <li>
    <a href="../tacchino-fesa-a-fette.html">Tacchino Fesa A Fette</a>
</li><li>
    <a href="../amaro-montenegro-15lt.html">Amaro Montenegro 1,5lt</a>
</li><li>
    <a href="../carbone-di-legna-sacco-10kg.html">Carbone Di Legna Sacco 10Kg</a>
</li><li>
    <a href="../filu-e-ferru-silvio-carta-70cl.html">Filu E Ferru Silvio Carta 70Cl</a>
</li><li>
    <a href="../braciole-suino-con-cotenna.html">Braciole Suino Con Cotenna</a>
</li><li>
    <a href="../bovino-adulto-polpa.html">Bovino Adulto Polpa</a>
</li><li>
    <a href="../vino-la-palma-cannonau-le-bombarde.html">Vino La Palma Cannonau Le Bombarde</a>
</li><li>
    <a href="../fettine-sceltissime-bovino-adulto.html">Fettine Sceltissime Bovino Adulto</a>
</li><li>
    <a href="../suino-fettine-scelte.html">Suino Fettine Scelte</a>
</li><li>
    <a href="../lavazza-caffe-qualita-rossa-2x250gr.html">Lavazza Caffé Qualità Rossa 2x250gr</a>
</li>                        <li>
                            <a class="estDynamic" href="../on-offer.html">All products on sale</a>
                        </li>
                    </ul>
                </li>
                <li>
                    <img src="../../cdn.spesati.com/images/menu/gift.png"/>
                    Gifts                    <i class="fa fa-angle-down" aria-hidden="true"></i>
                    <ul class="sub-menu">
                        <li>
    <a href="../gift-card-da-150.html">Gift Card Da 150</a>
</li><li>
    <a href="../gift-card-da-100.html">Gift Card Da 100</a>
</li><li>
    <a href="../gift-card-da-50.html">Gift Card Da 50</a>
</li><li>
    <a href="../gift-card-da-25.html">Gift Card Da 25</a>
</li>                        <li>
                            <a class="estDynamic" href="../gift.html">All products in the gifts category</a>
                        </li>
                    </ul>
                </li>
                <li>
                    <img src="../../cdn.spesati.com/images/menu/gift-card.png"/>
                    Gift card and discounts                    <i class="fa fa-angle-down" aria-hidden="true"></i>
                    <ul class="sub-menu">
                        <li>
    <a href="../gift-card-da-150.html">Gift Card Da 150</a>
</li><li>
    <a href="../gift-card-da-100.html">Gift Card Da 100</a>
</li><li>
    <a href="../gift-card-da-50.html">Gift Card Da 50</a>
</li><li>
    <a href="../gift-card-da-25.html">Gift Card Da 25</a>
</li>                    </ul>
                </li>
                <li>
                    <img src="../../cdn.spesati.com/images/menu/fuit-and-vegetables.png"/>
                    Fruit and vegetables                    <i class="fa fa-angle-down" aria-hidden="true"></i>
                    <ul class="sub-menu">
                        <li>
                            <a class="estDynamic" href="../fruit-and-vegetables/pulses-and-beans.html">Cereals and pulses and beans</a>
                        </li>
                        <li>
                            <a class="estDynamic" href="../fruit-and-vegetables/fruit.html">Fruit</a>
                        </li>
                        <li>
                            <a class="estDynamic" href="../fruit-and-vegetables/canned-fruit.html">Canned fruit</a>
                        </li>
                        <li>
                            <a class="estDynamic" href="../fruit-and-vegetables/dried-fruit.html">Dried fruit</a>
                        </li>
                        <li>
                            <a class="estDynamic" href="../fruit-and-vegetables/ready-salads.html">Ready salads</a>
                        </li>
                        <li>
                            <a class="estDynamic" href="../fruit-and-vegetables/fresh-spices.html">Fresh spices</a>
                        </li>
                        <li>
                            <a class="estDynamic" href="../fruit-and-vegetables/vegetables.html">Vegetables and soy</a>
                        </li>
                    </ul>
                </li>
                <li>
                    <img src="../../cdn.spesati.com/images/menu/fresh-products.png"/>
                    Fresh products                    <i class="fa fa-angle-down" aria-hidden="true"></i>
                    <ul class="sub-menu">
                        <li>
                            <a class="estDynamic" href="../fresh-products/margarine-and-butter.html">Butter and margarine</a>
                        </li>
                        <li>
                            <a class="estDynamic" href="../fresh-products/danone.html">Danone</a>
                        </li>
                        <li>
                            <a class="estDynamic" href="../fresh-products/dessert.html">Dessert</a>
                        </li>
                        <li>
                            <a class="estDynamic" href="../fresh-products/sweets.html">Sweets</a>
                        </li>
                        <li>
                            <a class="estDynamic" href="../fresh-products/dairy-products.html">Dairy product</a>
                        </li>
                        <li>
                            <a class="estDynamic" href="../fresh-products/bakery.html">Yeast</a>
                        </li>
                        <li>
                            <a class="estDynamic" href="../fresh-products/mascarpone.html">Mascarpone</a>
                        </li>
                        <li>
                            <a class="estDynamic" href="../fresh-products/snacks.html">Snacks</a>
                        </li>
                        <li>
                            <a class="estDynamic" href="../fresh-products/mozzarella.html">Mozzarella</a>
                        </li>
                        <li>
                            <a class="estDynamic" href="../fresh-products/pasta.html">Pasta</a>
                        </li>
                        <li>
                            <a class="estDynamic" href="../fresh-products/pesto-and-sauces.html">Pesto and sauces</a>
                        </li>
                        <li>
                            <a class="estDynamic" href="../fresh-products/ricotta-and-cheese.html">Ricotta and cheese</a>
                        </li>
                        <li>
                            <a class="estDynamic" href="../fresh-products/cured-meat.html">Cured meat</a>
                        </li>
                        <li>
                            <a class="estDynamic" href="../fresh-products/wurstel.html">Würstel</a>
                        </li>
                        <li>
                            <a class="estDynamic" href="../fresh-products/yogurt.html">Yogurt</a>
                        </li>
                    </ul>
                </li>
                <li>
                    <img src="../../cdn.spesati.com/images/menu/frozen-foods.png"/>
                    Frozen foods                    <i class="fa fa-angle-down" aria-hidden="true"></i>
                    <ul class="sub-menu">
                        <li>
                            <a class="estDynamic" href="meat.html">Meat</a>
                        </li>
                        <li>
                            <a class="estDynamic" href="ice-creams.html">Ice cream and sweet</a>
                        </li>
                        <li>
                            <a class="estDynamic" href="pasta.html">Pasta</a>
                        </li>
                        <li>
                            <a class="estDynamic" href="fish.html">Fish</a>
                        </li>
                        <li>
                            <a class="estDynamic" href="ready-meals.html">Ready meals</a>
                        </li>
                        <li>
                            <a class="estDynamic" href="pizzas.html">Pizzas</a>
                        </li>
                        <li>
                            <a class="estDynamic" href="vegetables.html">Vegetables and soy</a>
                        </li>
                    </ul>
                </li>
                <li>
                    <img src="../../cdn.spesati.com/images/menu/bread-and-pasta.png"/>
                    Bread and pasta                    <i class="fa fa-angle-down" aria-hidden="true"></i>
                    <ul class="sub-menu">
                        <li>
                            <a class="estDynamic" href="../bread-and-pasta/crackers.html">Crackers</a>
                        </li>
                        <li>
                            <a class="estDynamic" href="../bread-and-pasta/rusks.html">Rusks</a>
                        </li>
                        <li>
                            <a class="estDynamic" href="../bread-and-pasta/white-bread.html">White bread</a>
                        </li>
                        <li>
                            <a class="estDynamic" href="../bread-and-pasta/local-bread.html">Local bread</a>
                        </li>
                        <li>
                            <a class="estDynamic" href="../bread-and-pasta/soft-bread.html">Soft bread</a>
                        </li>
                        <li>
                            <a class="estDynamic" href="../bread-and-pasta/sardinian-bread.html">Sardinian bread</a>
                        </li>
                        <li>
                            <a class="estDynamic" href="../bread-and-pasta/bakery.html">Bakery</a>
                        </li>
                        <li>
                            <a class="estDynamic" href="../bread-and-pasta/pasta.html">Pasta</a>
                        </li>
                        <li>
                            <a class="estDynamic" href="../bread-and-pasta/fresh-pasta.html">Fresh pasta</a>
                        </li>
                    </ul>
                </li>
                <li>
                    <img src="../../cdn.spesati.com/images/menu/meat.png"/>
                    Meat                    <i class="fa fa-angle-down" aria-hidden="true"></i>
                    <ul class="sub-menu">
                        <li>
                            <a class="estDynamic" href="../meat/beef.html">Beef</a>
                        </li>
                        <li>
                            <a class="estDynamic" href="../meat/goat.html">Goat</a>
                        </li>
                        <li>
                            <a class="estDynamic" href="../meat/packaged-meat.html">Packaged meat</a>
                        </li>
                        <li>
                            <a class="estDynamic" href="../meat/rabbit.html">Rabbit</a>
                        </li>
                        <li>
                            <a class="estDynamic" href="../meat/horse.html">Horse</a>
                        </li>
                        <li>
                            <a class="estDynamic" href="../meat/pork.html">Pork</a>
                        </li>
                        <li>
                            <a class="estDynamic" href="../meat/lamb.html">Lamb</a>
                        </li>
                        <li>
                            <a class="estDynamic" href="../meat/poultry.html">Poultry</a>
                        </li>
                    </ul>
                </li>
                <li>
                    <img src="../../cdn.spesati.com/images/menu/fish.png"/>
                    Fish                    <i class="fa fa-angle-down" aria-hidden="true"></i>
                    <ul class="sub-menu">
                        <li>
                            <a class="estDynamic" href="../fish/fresh-water.html">Fresh water</a>
                        </li>
                        <li>
                            <a class="estDynamic" href="../fish/salt-water.html">Salt water</a>
                        </li>
                        <li>
                            <a class="estDynamic" href="../fish/mussels.html">Mussels</a>
                        </li>
                        <li>
                            <a class="estDynamic" href="../fish/dried-and-salted.html">Dried and salted</a>
                        </li>
                        <li>
                            <a class="estDynamic" href="../fish/seafood-salad.html">Seafood salad</a>
                        </li>
                        <li>
                            <a class="estDynamic" href="../fish/prepared.html">Prepared</a>
                        </li>
                        <li>
                            <a class="estDynamic" href="../fish/specialty.html">Specialty</a>
                        </li>   
                        <li>
                            <a class="estDynamic" href="../fish/tuna-and-salmon.html">Tuna and salmon</a>
                        </li>
                    </ul>
                </li>
                <li>
                    <img src="../../cdn.spesati.com/images/menu/alcohol.png"/>
                    Wine beer and spirits                    <i class="fa fa-angle-down" aria-hidden="true"></i>
                    <ul class="sub-menu">
                        <li>
                            <a class="estDynamic" href="../wine-beer-and-spirits/spirits-and-liquors.html">Alcohol</a>
                        </li>
                        <li>
                            <a class="estDynamic" href="../wine-beer-and-spirits/bitters.html">Bitters</a>
                        </li>
                        <li>
                            <a class="estDynamic" href="../wine-beer-and-spirits/aperatif.html">Aperatifs</a>
                        </li>
                        <li>
                            <a class="estDynamic" href="../wine-beer-and-spirits/beer.html">Beer</a>
                        </li>
                        <li>
                            <a class="estDynamic" href="../wine-beer-and-spirits/creams.html">Creams</a>
                        </li>
                        <li>
                            <a class="estDynamic" href="../wine-beer-and-spirits/spirits.html">Spirits</a>
                        </li>
                        <li>
                            <a class="estDynamic" href="../wine-beer-and-spirits/liquors.html">Liquors</a>
                        </li>
                        <li>
                            <a class="estDynamic" href="../wine-beer-and-spirits/white-wine.html">White wine</a>
                        </li>
                        <li>
                            <a class="estDynamic" href="../wine-beer-and-spirits/prosecco-wine.html">Prosecco wine</a>
                        </li>
                        <li>
                            <a class="estDynamic" href="../wine-beer-and-spirits/rose-wine.html">Rose wine</a>
                        </li>
                        <li>
                            <a class="estDynamic" href="../wine-beer-and-spirits/red-wine.html">Red wine</a>
                        </li>
                        <li>
                            <a class="estDynamic" href="../wine-beer-and-spirits/specialty-wine.html">Special wine</a>
                        </li>
                        <li>
                            <a class="estDynamic" href="../wine-beer-and-spirits/sparkling-wine.html">Sparkling wine</a>
                        </li>
                        <li>
                            <a class="estDynamic" href="../wine-beer-and-spirits/vermentino-wine.html">Vermentino wine</a>
                        </li>
                    </ul>
                </li>
                <li>
                    <img src="../../cdn.spesati.com/images/menu/water-and-drinks.png"/>
                    Water and drinks                    <i class="fa fa-angle-down" aria-hidden="true"></i>
                    <ul class="sub-menu">
                        <li>
                            <a class="estDynamic" href="../water-and-drinks/san-martino.html">San Martino</a>
                        </li>
                        <li>
                            <a class="estDynamic" href="../water-and-drinks/water.html">Water</a>
                        </li>
                        <li>
                            <a class="estDynamic" href="../water-and-drinks/alpro.html">Alpro</a>
                        </li>
                        <li>
                            <a class="estDynamic" href="../water-and-drinks/fizzy-drinks.html">Fizzy drinks</a>
                        </li>
                        <li>
                            <a class="estDynamic" href="../water-and-drinks/coca-cola.html">Coca-Cola</a>
                        </li>
                        <li>
                            <a class="estDynamic" href="../water-and-drinks/energy-drink.html">Energy drink</a>
                        </li>
                        <li>
                            <a class="estDynamic" href="../water-and-drinks/syrups.html">Syrups</a>
                        </li>
                        <li>
                            <a class="estDynamic" href="../water-and-drinks/supplements.html">Supplements</a>
                        </li>
                        <li>
                            <a class="estDynamic" href="../water-and-drinks/instant-drinks.html">Instant drinks</a>
                        </li>
                        <li>
                            <a class="estDynamic" href="../water-and-drinks/juice.html">Juice</a>
                        </li>
                        <li>
                            <a class="estDynamic" href="../water-and-drinks/tea.html">Tea</a>
                        </li>
                    </ul>
                </li>
                <li>
                    <img src="../../cdn.spesati.com/images/menu/sweets.png"/>
                    Sweets                    <i class="fa fa-angle-down" aria-hidden="true"></i>
                    <ul class="sub-menu">
                        <li>
                            <a class="estDynamic" href="../sweets/bars-and-snacks.html">Bars and snacks</a>
                        </li>
                        <li>
                            <a class="estDynamic" href="../sweets/biscuits.html">Biscuits</a>
                        </li>
                        <li>
                            <a class="estDynamic" href="../sweets/brioches.html">Brioches</a>
                        </li>
                        <li>
                            <a class="estDynamic" href="../sweets/candy-and-chewing-gum.html">Candy and chewing gum</a>
                        </li>
                        <li>
                            <a class="estDynamic" href="../sweets/cereals.html">Cereals</a>
                        </li>
                        <li>
                            <a class="estDynamic" href="../sweets/chocolate.html">Chocolate</a>
                        </li>
                        <li>
                            <a class="estDynamic" href="../sweets/spreadable-creams.html">Spreads</a>
                        </li>
                        <li>
                            <a class="estDynamic" href="../sweets/dessert-toppings.html">Dessert toppings</a>
                        </li>
                        <li>
                            <a class="estDynamic" href="../sweets/jam.html">Jam</a>
                        </li>
                        <li>
                            <a class="estDynamic" href="../sweets/honey.html">Honey</a>
                        </li>
                        <li>
                            <a class="estDynamic" href="../sweets/panettoni-and-pandoro.html">Panettone and pandoro</a>
                        </li>
                        <li>
                            <a class="estDynamic" href="../sweets/pastry.html">Pastry</a>
                        </li>
                        <li>
                            <a class="estDynamic" href="../sweets/instant-dessert.html">Prepared</a>
                        </li>
                        <li>
                            <a class="estDynamic" href="../sweets/cakes-and-pies.html">Cakes and pies</a>
                        </li>
                        <li>
                            <a class="estDynamic" href="../sweets/easter-eggs-and-doves.html">Easter eggs and doves</a>
                        </li>
                    </ul>
                </li>
                <li>
                    <img src="../../cdn.spesati.com/images/menu/shelf.png"/>
                    Cupboard                    <i class="fa fa-angle-down" aria-hidden="true"></i>
                    <ul class="sub-menu">
                        <li>
                            <a class="estDynamic" href="../shelf/coffee.html">Coffee</a>
                        </li>
                        <li>
                            <a class="estDynamic" href="../shelf/gift-baskets.html">Gift baskets</a>
                        </li>
                        <li>
                            <a class="estDynamic" href="../shelf/stock-cubes.html">Nuts and preparations</a>
                        </li>
                        <li>
                            <a class="estDynamic" href="../shelf/flour-and-baking.html">Flour and baking</a>
                        </li>
                        <li>
                            <a class="estDynamic" href="../shelf/milk.html">Milk</a>
                        </li>
                        <li>
                            <a class="estDynamic" href="../shelf/oil-salt-vinegar.html">Oil, vinegar and salt</a>
                        </li>
                        <li>
                            <a class="estDynamic" href="../shelf/cream-and-bechamel.html">Cream and bechamel</a>
                        </li>
                        <li>
                            <a class="estDynamic" href="../shelf/crisps-and-pretzels.html">Crisps and pretzels</a>
                        </li>
                        <li>
                            <a class="estDynamic" href="../shelf/baby-and-infants-products.html">Early childhood products</a>
                        </li>
                        <li>
                            <a class="estDynamic" href="../shelf/rice.html">Rice</a>
                        </li>
                        <li>
                            <a class="estDynamic" href="../shelf/tins-and-preserves.html">Tins and Preserves</a>
                        </li>
                        <li>
                            <a class="estDynamic" href="../shelf/spices.html">Spices</a>
                        </li>
                        <li>
                            <a class="estDynamic" href="../shelf/sauces.html">Sauces</a>
                        </li>
                        <li>
                            <a class="estDynamic" href="../shelf/tea-and-infusions.html">Tea and infusions</a>
                        </li>
                        <li>
                            <a class="estDynamic" href="../shelf/eggs.html">Eggs</a>
                        </li>
                        <li>
                            <a class="estDynamic" href="../shelf/sugar-and-sweeteners.html">Sugar and sweeteners</a>
                        </li>
                    </ul>
                </li>
                <li>
                    <img src="../../cdn.spesati.com/images/menu/personal-care.png"/>
                    Personal care                    <i class="fa fa-angle-down" aria-hidden="true"></i>
                    <ul class="sub-menu">
                        <li>
                            <a class="estDynamic" href="../personal-care/accessories-and-cotton.html">Accessories and cotton</a>
                        </li>
                        <li>
                            <a class="estDynamic" href="../personal-care/feminine-care-incontinence-and-baby-diapers.html">Feminine incontinence and diapers</a>
                        </li>
                        <li>
                            <a class="estDynamic" href="../personal-care/shower-gel.html">Shower gel</a>
                        </li>
                        <li>
                            <a class="estDynamic" href="../personal-care/creams.html">Creams</a>
                        </li>
                        <li>
                            <a class="estDynamic" href="../personal-care/deodorant.html">Deodorant</a>
                        </li>
                        <li>
                            <a class="estDynamic" href="../personal-care/hair-removal.html">Hair removal</a>
                        </li>
                        <li>
                            <a class="estDynamic" href="../personal-care/disinfectants.html">Disinfectants</a>
                        </li>
                        <li>
                            <a class="estDynamic" href="../personal-care/oral-hygiene.html">Oral hygiene</a>
                        </li>
                        <li>
                            <a class="estDynamic" href="../personal-care/supplements-and-multivitamins.html">Supplements and multivitamins</a>
                        </li>
                        <li>
                            <a class="estDynamic" href="../personal-care/first-aid.html">First aid label</a>
                        </li>
                        <li>
                            <a class="estDynamic" href="../personal-care/beard-products.html">Beard products</a>
                        </li>
                        <li>
                            <a class="estDynamic" href="../personal-care/hairs-products.html">Hair products</a>
                        </li>
                        <li>
                            <a class="estDynamic" href="../personal-care/perfume.html">Perfumes</a>
                        </li>
                        <li>
                            <a class="estDynamic" href="../personal-care/wipes.html">Wipes</a>
                        </li>
                        <li>
                            <a class="estDynamic" href="../personal-care/soaps-and-body-wash.html">Soaps and body wash</a>
                        </li>
                        <li>
                            <a class="estDynamic" href="../personal-care/shampoo-and-conditioner.html">Shampoo and conditioner</a>
                        </li>
                    </ul>
                </li>
                <li>
                    <img src="../../cdn.spesati.com/images/menu/pellet-and-home.png"/>
                    Home and outdoors                    <i class="fa fa-angle-down" aria-hidden="true"></i>
                    <ul class="sub-menu">
                        <li>
                            <a class="estDynamic" href="../household-and-outdoors/distilled-water.html">Distilled water</a>
                        </li>
                        <li>
                            <a class="estDynamic" href="../household-and-outdoors/car-products.html">Cars</a>
                        </li>
                        <li>
                            <a class="estDynamic" href="../household-and-outdoors/bin-bags-and-buckets.html">Bin bags and buckets</a>
                        </li>
                        <li>
                            <a class="estDynamic" href="../household-and-outdoors/bleach-and-stain-removers.html">Bleach and stain removers</a>
                        </li>
                        <li>
                            <a class="estDynamic" href="../household-and-outdoors/candles.html">Candles</a>
                        </li>
                        <li>
                            <a class="estDynamic" href="../household-and-outdoors/kitchen-roll.html">Kitchen roll</a>
                        </li>
                        <li>
                            <a class="estDynamic" href="../household-and-outdoors/air-fresheners.html">Air fresheners</a>
                        </li>
                        <li>
                            <a class="estDynamic" href="../household-and-outdoors/laundry-accessories-and-detergent.html">Laundry detergent</a>
                        </li>
                        <li>
                            <a class="estDynamic" href="../household-and-outdoors/dishwasher-and-washing-up.html">Dishwasher and washing up</a>
                        </li>
                        <li>
                            <a class="estDynamic" href="../household-and-outdoors/gardening.html">Gardening</a>
                        </li>
                        <li>
                            <a class="estDynamic" href="../household-and-outdoors/light-bulbs-and-batteries.html">Lightbulbs and batteries</a>
                        </li>
                        <li>
                            <a class="estDynamic" href="../household-and-outdoors/pellet-and-bbq.html">Pellet and BBQ</a>
                        </li>
                        <li>
                            <a class="estDynamic" href="../household-and-outdoors/bathroom-products.html">Bathroom products</a>
                        </li>
                        <li>
                            <a class="estDynamic" href="../household-and-outdoors/home-and-furniture-products.html">Home and furniture products</a>
                        </li>
                        <li>
                            <a class="estDynamic" href="../household-and-outdoors/kitchen-products.html">Kitchen products</a>
                        </li>
                        <li>
                            <a class="estDynamic" href="../household-and-outdoors/window-and-floor-cleaners.html">Window and floor cleaner</a>
                        </li>
                        <li>
                            <a class="estDynamic" href="../household-and-outdoors/repellents.html">Repellents</a>
                        </li>
                        <li>
                            <a class="estDynamic" href="../household-and-outdoors/disposable-tableware.html">Disposable tableware</a>
                        </li>
                    </ul>
                </li>
                <li>
                    <img src="../../cdn.spesati.com/images/menu/animals.png"/>
                    Pets                    <i class="fa fa-angle-down" aria-hidden="true"></i>
                    <ul class="sub-menu">
                        <li>
                            <a class="estDynamic" href="../pets/pet-food-other-animals.html">Other animals pet food</a>
                        </li>
                        <li>
                            <a class="estDynamic" href="../pets/pet-food-dogs.html">Pet food dogs</a>
                        </li>
                        <li>
                            <a class="estDynamic" href="../pets/pet-food-cats.html">Pet food cats</a>
                        </li>
                        <li>
                            <a class="estDynamic" href="../pets/hygiene-and-cleaning.html">Hygiene and cleaning</a>
                        </li>
                    </ul>
                </li>
                <li>
                    <img src="../../cdn.spesati.com/images/menu/technology.png"/>
                    Technology                    <i class="fa fa-angle-down" aria-hidden="true"></i>
                    <ul class="sub-menu">
                        <li>
                            <a class="estDynamic" href="../technology/accessories.html">Accessories</a>
                        </li>
                        <li>
                            <a class="estDynamic" href="../technology/computer.html">Computer</a>
                        </li>
                        <li>
                            <a class="estDynamic" href="../technology/telephones.html">Telephones</a>
                        </li>
                        <li>
                            <a class="estDynamic" href="../technology/tv.html">TV</a>
                        </li>
                    </ul>
                </li>
                <li>
                    <img src="../../cdn.spesati.com/images/menu/gluten-free.png"/>
                    Gluten free                    <i class="fa fa-angle-down" aria-hidden="true"></i>
                    <ul class="sub-menu">
                        <li>
                            <a class="estDynamic" href="../gluten-free/frozen-foods.html">Frozen foods</a>
                        </li>
                        <li>
                            <a class="estDynamic" href="../gluten-free/beer.html">Beer</a>
                        </li>
                        <li>
                            <a class="estDynamic" href="../gluten-free/sweets.html">Sweets</a>
                        </li>
                        <li>
                            <a class="estDynamic" href="../gluten-free/bread-and-pasta.html">Bread and pasta</a>
                        </li>
                        <li>
                            <a class="estDynamic" href="../gluten-free/shelf.html">Cupboard</a>
                        </li>
                    </ul>
                </li>
                <li>
                    <img src="../../cdn.spesati.com/images/menu/lactose-free.png"/>
                    Lactose free                    <i class="fa fa-angle-down" aria-hidden="true"></i>
                    <ul class="sub-menu">
                        <li>
                            <a class="estDynamic" href="../lactose-free/frozen-foods.html">Frozen foods</a>
                        </li>
                        <li>
                            <a class="estDynamic" href="../lactose-free/sweets.html">Sweets</a>
                        </li>
                        <li>
                            <a class="estDynamic" href="../lactose-free/dairy-product.html">Dairy product</a>
                        </li>
                        <li>
                            <a class="estDynamic" href="../lactose-free/shelf.html">Cupboard</a>
                        </li>
                    </ul>
                </li>
                <li>
                    <img src="../../cdn.spesati.com/images/menu/special.png"/>
                    Special                    <i class="fa fa-angle-down" aria-hidden="true"></i>
                    <ul class="sub-menu">
                        <li>
                            <a class="estDynamic" href="../special/alpro.html">Alpro</a>
                        </li>
                        <li>
                            <a class="estDynamic" href="../special/organic.html">Biological</a>
                        </li>
                        <li>
                            <a class="estDynamic" href="../special/meat.html">Meat</a>
                        </li>
                        <li>
                            <a class="estDynamic" href="../special/wholegrain.html">Wholegrain</a>
                        </li>
                        <li>
                            <a class="estDynamic" href="../special/bread-and-pasta.html">Bread and pasta</a>
                        </li>
                        <li>
                            <a class="estDynamic" href="../special/vegan.html">Vegan</a>
                        </li>
                    </ul>
                </li>
                <li>
                    <img src="../../cdn.spesati.com/images/menu/sardinian-products.png"/>
                    Sardinian products                    <i class="fa fa-angle-down" aria-hidden="true"></i>
                    <ul class="sub-menu">
                        <li>
                            <a class="estDynamic" href="../sardinian-products/drinks.html">Drinks</a>
                        </li>
                        <li>
                            <a class="estDynamic" href="../sardinian-products/meat.html">Meat</a>
                        </li>
                        <li>
                            <a class="estDynamic" href="../sardinian-products/sweets.html">Sweets</a>
                        </li>
                        <li>
                            <a class="estDynamic" href="../sardinian-products/fruit-and-vegetables.html">Fruit and vegetables</a>
                        </li>
                        <li>
                            <a class="estDynamic" href="../sardinian-products/ichnusa.html">Ichnusa</a>
                        </li>
                        <li>
                            <a class="estDynamic" href="../sardinian-products/dairy-product.html">Dairy product</a>
                        </li>
                        <li>
                            <a class="estDynamic" href="../sardinian-products/bread-and-pasta.html">Bread and pasta</a>
                        </li>
                        <li>
                            <a class="estDynamic" href="../sardinian-products/fish.html">Fish</a>
                        </li>
                        <li>
                            <a class="estDynamic" href="../sardinian-products/cured-meat.html">Cured meat</a>
                        </li>
                        <li>
                            <a class="estDynamic" href="../sardinian-products/shelf.html">Cupboard</a>
                        </li>
                        <li>
                            <a class="estDynamic" href="../sardinian-products/vermentino-wine.html">Vermentino wine</a>
                        </li>
                        <li>
                            <a class="estDynamic" href="../sardinian-products/wine-beer-and-spirits.html">Wine beer and spirits</a>
                        </li>
                    </ul>
                </li>
            </ul>
        </li>
        <li>
            <a href="../about.html">About</a>
        </li>
        <li>
            <a href="../faq.html">Faq</a>
        </li>
        <li>
            <a href="../customer-care.html">Support</a>
        </li>
        <li>
            <a href="../news.html">Blog</a>
        </li>
        <li>
            <a href="../terms-and-conditions.html">Conditions</a>
        </li>
        <li>
            <a href="../privacy-policy.html">Privacy policy</a>
        </li>
        <li>
            <a href="../login.html">Login</a>
        </li>
        <li>
             <a href="../sign-up.html">Sign up</a>
        </li>
    </ul>
</div><section class="first">
    <div id="menuCategories" class="colLeft">
    <ul id="main_nav" >
        <li>
            <a class="estDynamic" href="../on-offer.html">
               <img src="../../cdn.spesati.com/images/menu/on-sale.png"/>
               On sale            </a>
            <i class="fa fa-angle-right" aria-hidden="true"></i>
            <ul class="sub-menu">
                <li>
    <a href="../tacchino-fesa-a-fette.html" class="estDynamic">Tacchino Fesa A Fette</a>
</li><li>
    <a href="../amaro-montenegro-15lt.html" class="estDynamic">Amaro Montenegro 1,5lt</a>
</li><li>
    <a href="../carbone-di-legna-sacco-10kg.html" class="estDynamic">Carbone Di Legna Sacco 10Kg</a>
</li><li>
    <a href="../filu-e-ferru-silvio-carta-70cl.html" class="estDynamic">Filu E Ferru Silvio Carta 70Cl</a>
</li><li>
    <a href="../braciole-suino-con-cotenna.html" class="estDynamic">Braciole Suino Con Cotenna</a>
</li><li>
    <a href="../bovino-adulto-polpa.html" class="estDynamic">Bovino Adulto Polpa</a>
</li><li>
    <a href="../vino-la-palma-cannonau-le-bombarde.html" class="estDynamic">Vino La Palma Cannonau Le Bombarde</a>
</li><li>
    <a href="../fettine-sceltissime-bovino-adulto.html" class="estDynamic">Fettine Sceltissime Bovino Adulto</a>
</li><li>
    <a href="../suino-fettine-scelte.html" class="estDynamic">Suino Fettine Scelte</a>
</li><li>
    <a href="../lavazza-caffe-qualita-rossa-2x250gr.html" class="estDynamic">Lavazza Caffé Qualità Rossa 2x250gr</a>
</li>                <li>
                    <a class="estDynamic" href="../on-offer.html">All products on sale</a>
                </li>
            </ul>
        </li>
        <li>
            <a class="estDynamic" href="../gift.html">
               <img src="../../cdn.spesati.com/images/menu/gift.png"/>
               Gifts            </a>
            <i class="fa fa-angle-right" aria-hidden="true"></i>
            <ul class="sub-menu">
                <li>
    <a href="../gift-card-da-150.html" class="estDynamic">Gift Card Da 150</a>
</li><li>
    <a href="../gift-card-da-100.html" class="estDynamic">Gift Card Da 100</a>
</li><li>
    <a href="../gift-card-da-50.html" class="estDynamic">Gift Card Da 50</a>
</li><li>
    <a href="../gift-card-da-25.html" class="estDynamic">Gift Card Da 25</a>
</li>                <li>
                    <a class="estDynamic" href="../gift.html">All products in the gifts category</a>
                </li>
            </ul>
        </li>
        <li>
            <a class="estDynamic" href="../gift-card.html">
               <img src="../../cdn.spesati.com/images/menu/gift-card.png"/>
               Gift card and discounts            </a>
            <i class="fa fa-angle-right" aria-hidden="true"></i>
            <ul class="sub-menu">
                <li>
    <a href="../gift-card-da-150.html">Gift Card Da 150</a>
</li><li>
    <a href="../gift-card-da-100.html">Gift Card Da 100</a>
</li><li>
    <a href="../gift-card-da-50.html">Gift Card Da 50</a>
</li><li>
    <a href="../gift-card-da-25.html">Gift Card Da 25</a>
</li>            </ul>
        </li>
        <li>
            <a class="estDynamic" href="../fruit-and-vegetables.html">
               <img src="../../cdn.spesati.com/images/menu/fuit-and-vegetables.png"/>
               Fruit and vegetables           </a>
            <i class="fa fa-angle-right" aria-hidden="true"></i>
            <ul class="sub-menu">
                <li>
                    <a class="estDynamic" href="../fruit-and-vegetables/pulses-and-beans.html">Cereals and pulses and beans</a>
                </li>
                <li>
                    <a class="estDynamic" href="../fruit-and-vegetables/fruit.html">Fruit</a>
                </li>
                <li>
                    <a class="estDynamic" href="../fruit-and-vegetables/canned-fruit.html">Canned fruit</a>
                </li>
                <li>
                    <a class="estDynamic" href="../fruit-and-vegetables/dried-fruit.html">Dried fruit</a>
                </li>
                <li>
                    <a class="estDynamic" href="../fruit-and-vegetables/ready-salads.html">Ready salads</a>
                </li>
                <li>
                    <a class="estDynamic" href="../fruit-and-vegetables/fresh-spices.html">Fresh spices</a>
                </li>
                <li>
                    <a class="estDynamic" href="../fruit-and-vegetables/vegetables.html">Vegetables and soy</a>
                </li>
            </ul>
        </li>
        <li>
            <a class="estDynamic" href="../fresh-products.html">
                <img src="../../cdn.spesati.com/images/menu/fresh-products.png"/>
                Fresh products            </a>
            <i class="fa fa-angle-right" aria-hidden="true"></i>
            <ul class="sub-menu">
                <li>
                    <a class="estDynamic" href="../fresh-products/margarine-and-butter.html">Butter and margarine</a>
                </li>
                <li>
                    <a class="estDynamic" href="../fresh-products/danone.html">Danone</a>
                </li>
                <li>
                    <a class="estDynamic" href="../fresh-products/dessert.html">Dessert</a>
                </li>
                <li>
                    <a class="estDynamic" href="../fresh-products/sweets.html">Sweets</a>
                </li>
                <li>
                    <a class="estDynamic" href="../fresh-products/dairy-products.html">Dairy product</a>
                </li>
                <li>
                    <a class="estDynamic" href="../fresh-products/bakery.html">Yeast</a>
                </li>
                <li>
                    <a class="estDynamic" href="../fresh-products/mascarpone.html">Mascarpone</a>
                </li>
                <li>
                    <a class="estDynamic" href="../fresh-products/snacks.html">Snacks</a>
                </li>
                <li>
                    <a class="estDynamic" href="../fresh-products/mozzarella.html">Mozzarella</a>
                </li>
                <li>
                    <a class="estDynamic" href="../fresh-products/pasta.html">Pasta</a>
                </li>
                <li>
                    <a class="estDynamic" href="../fresh-products/pesto-and-sauces.html">Pesto and sauces</a>
                </li>
                <li>
                    <a class="estDynamic" href="../fresh-products/ricotta-and-cheese.html">Ricotta and cheese</a>
                </li>
                <li>
                    <a class="estDynamic" href="../fresh-products/cured-meat.html">Cured meat</a>
                </li>
                <li>
                    <a class="estDynamic" href="../fresh-products/wurstel.html">Würstel</a>
                </li>
                <li>
                    <a class="estDynamic" href="../fresh-products/yogurt.html">Yogurt</a>
                </li>
            </ul>
        </li>
        <li>
            <a class="estDynamic" href="../frozen-foods.html">
                <img src="../../cdn.spesati.com/images/menu/frozen-foods.png"/>
                Frozen foods            </a>
            <i class="fa fa-angle-right" aria-hidden="true"></i>
            <ul class="sub-menu">
                <li>
                    <a class="estDynamic" href="meat.html">Meat</a>
                </li>
                <li>
                    <a class="estDynamic" href="ice-creams.html">Ice cream and sweet</a>
                </li>
                <li>
                    <a class="estDynamic" href="pasta.html">Pasta</a>
                </li>
                <li>
                    <a class="estDynamic" href="fish.html">Fish</a>
                </li>
                <li>
                    <a class="estDynamic" href="ready-meals.html">Ready meals</a>
                </li>
                <li>
                    <a class="estDynamic" href="pizzas.html">Pizzas</a>
                </li>
                <li>
                    <a class="estDynamic" href="vegetables.html">Vegetables and soy</a>
                </li>
            </ul>
        </li>
        <li>
            <a class="estDynamic" href="../bread-and-pasta.html">
                <img src="../../cdn.spesati.com/images/menu/bread-and-pasta.png"/>
                Bread and pasta            </a>
            <i class="fa fa-angle-right" aria-hidden="true"></i>
            <ul class="sub-menu">
                <li>
                    <a class="estDynamic" href="../bread-and-pasta/crackers.html">Crackers</a>
                </li>
                <li>
                    <a class="estDynamic" href="../bread-and-pasta/rusks.html">Rusks</a>
                </li>
                <li>
                    <a class="estDynamic" href="../bread-and-pasta/white-bread.html">White bread</a>
                </li>
                <li>
                    <a class="estDynamic" href="../bread-and-pasta/local-bread.html">Local bread</a>
                </li>
                <li>
                    <a class="estDynamic" href="../bread-and-pasta/soft-bread.html">Soft bread</a>
                </li>
                <li>
                    <a class="estDynamic" href="../bread-and-pasta/sardinian-bread.html">Sardinian bread</a>
                </li>
                <li>
                    <a class="estDynamic" href="../bread-and-pasta/bakery.html">Bakery</a>
                </li>
                <li>
                    <a class="estDynamic" href="../bread-and-pasta/pasta.html">Pasta</a>
                </li>
                <li>
                    <a class="estDynamic" href="../bread-and-pasta/fresh-pasta.html">Fresh pasta</a>
                </li>
            </ul>
        </li>
        <li>
            <a class="estDynamic" href="../meat.html">
                <img src="../../cdn.spesati.com/images/menu/meat.png"/>
                Meat            </a>
            <i class="fa fa-angle-right" aria-hidden="true"></i>
            <ul class="sub-menu">
                <li>
                    <a class="estDynamic" href="../meat/beef.html">Beef</a>
                </li>
                <li>
                    <a class="estDynamic" href="../meat/goat.html">Goat</a>
                </li>
                <li>
                    <a class="estDynamic" href="../meat/packaged-meat.html">Packaged meat</a>
                </li>
                <li>
                    <a class="estDynamic" href="../meat/rabbit.html">Rabbit</a>
                </li>
                <li>
                    <a class="estDynamic" href="../meat/horse.html">Horse</a>
                </li>
                <li>
                    <a class="estDynamic" href="../meat/pork.html">Pork</a>
                </li>
                <li>
                    <a class="estDynamic" href="../meat/lamb.html">Lamb</a>
                </li>
                <li>
                    <a class="estDynamic" href="../meat/poultry.html">Poultry</a>
                </li>
            </ul>
        </li>
        <li>
            <a class="estDynamic" href="../fish.html">
                <img src="../../cdn.spesati.com/images/menu/fish.png"/>
                Fish            </a>
            <i class="fa fa-angle-right" aria-hidden="true"></i>
            <ul class="sub-menu">
                <li>
                    <a class="estDynamic" href="../fish/fresh-water.html">Fresh water</a>
                </li>
                <li>
                    <a class="estDynamic" href="../fish/salt-water.html">Salt water</a>
                </li>
                <li>
                    <a class="estDynamic" href="../fish/mussels.html">Mussels</a>
                </li>
                <li>
                    <a class="estDynamic" href="../fish/dried-and-salted.html">Dried and salted</a>
                </li>
                <li>
                    <a class="estDynamic" href="../fish/seafood-salad.html">Seafood salad</a>
                </li>
                <li>
                    <a class="estDynamic" href="../fish/prepared.html">Prepared</a>
                </li>
                <li>
                    <a class="estDynamic" href="../fish/specialty.html">Specialty</a>
                </li>   
                <li>
                    <a class="estDynamic" href="../fish/tuna-and-salmon.html">Tuna and salmon</a>
                </li>
            </ul>
        </li>
        <li>
            <a class="estDynamic" href="../wine-beer-and-spirits.html">
                <img src="../../cdn.spesati.com/images/menu/alcohol.png"/>
                Wine beer and spirits            </a>
            <i class="fa fa-angle-right" aria-hidden="true"></i>
            <ul class="sub-menu">
                <li>
                    <a class="estDynamic" href="../wine-beer-and-spirits/spirits-and-liquors.html">Alcohol</a>
                </li>
                <li>
                    <a class="estDynamic" href="../wine-beer-and-spirits/bitters.html">Bitters</a>
                </li>
                <li>
                    <a class="estDynamic" href="../wine-beer-and-spirits/aperatif.html">Aperatifs</a>
                </li>
                <li>
                    <a class="estDynamic" href="../wine-beer-and-spirits/beer.html">Beer</a>
                </li>
                <li>
                    <a class="estDynamic" href="../wine-beer-and-spirits/creams.html">Creams</a>
                </li>
                <li>
                    <a class="estDynamic" href="../wine-beer-and-spirits/spirits.html">Spirits</a>
                </li>
                <li>
                    <a class="estDynamic" href="../wine-beer-and-spirits/liquors.html">Liquors</a>
                </li>
                <li>
                    <a class="estDynamic" href="../wine-beer-and-spirits/white-wine.html">White wine</a>
                </li>
                <li>
                    <a class="estDynamic" href="../wine-beer-and-spirits/prosecco-wine.html">Prosecco wine</a>
                </li>
                <li>
                    <a class="estDynamic" href="../wine-beer-and-spirits/rose-wine.html">Rose wine</a>
                </li>
                <li>
                    <a class="estDynamic" href="../wine-beer-and-spirits/red-wine.html">Red wine</a>
                </li>
                <li>
                    <a class="estDynamic" href="../wine-beer-and-spirits/specialty-wine.html">Special wine</a>
                </li>
                <li>
                    <a class="estDynamic" href="../wine-beer-and-spirits/sparkling-wine.html">Sparkling wine</a>
                </li>
                <li>
                    <a class="estDynamic" href="../wine-beer-and-spirits/vermentino-wine.html">Vermentino wine</a>
                </li>
            </ul>
        </li>
        <li>
            <a class="estDynamic" href="../water-and-drinks.html">
                <img src="../../cdn.spesati.com/images/menu/water-and-drinks.png"/>
                Water and drinks            </a>
            <i class="fa fa-angle-right" aria-hidden="true"></i>
            <ul class="sub-menu">
                <li>
                    <a class="estDynamic" href="../water-and-drinks/san-martino.html">San Martino</a>
                </li>
                <li>
                    <a class="estDynamic" href="../water-and-drinks/water.html">Water</a>
                </li>
                <li>
                    <a class="estDynamic" href="../water-and-drinks/alpro.html">Alpro</a>
                </li>
                <li>
                    <a class="estDynamic" href="../water-and-drinks/fizzy-drinks.html">Fizzy drinks</a>
                </li>
                <li>
                    <a class="estDynamic" href="../water-and-drinks/coca-cola.html">Coca-Cola</a>
                </li>
                <li>
                    <a class="estDynamic" href="../water-and-drinks/energy-drink.html">Energy drink</a>
                </li>
                <li>
                    <a class="estDynamic" href="../water-and-drinks/syrups.html">Syrups</a>
                </li>
                <li>
                    <a class="estDynamic" href="../water-and-drinks/supplements.html">Supplements</a>
                </li>
                <li>
                    <a class="estDynamic" href="../water-and-drinks/instant-drinks.html">Instant drinks</a>
                </li>
                <li>
                    <a class="estDynamic" href="../water-and-drinks/juice.html">Juice</a>
                </li>
                <li>
                    <a class="estDynamic" href="../water-and-drinks/tea.html">Tea</a>
                </li>
            </ul>
        </li>
        <li>
            <a class="estDynamic" href="../sweets.html">
                <img src="../../cdn.spesati.com/images/menu/sweets.png"/>
                Sweets            </a>
            <i class="fa fa-angle-right" aria-hidden="true"></i>
            <ul class="sub-menu">
                <li>
                    <a class="estDynamic" href="../sweets/bars-and-snacks.html">Bars and snacks</a>
                </li>
                <li>
                    <a class="estDynamic" href="../sweets/biscuits.html">Biscuits</a>
                </li>
                <li>
                    <a class="estDynamic" href="../sweets/brioches.html">Brioches</a>
                </li>
                <li>
                    <a class="estDynamic" href="../sweets/candy-and-chewing-gum.html">Candy and chewing gum</a>
                </li>
                <li>
                    <a class="estDynamic" href="../sweets/cereals.html">Cereals</a>
                </li>
                <li>
                    <a class="estDynamic" href="../sweets/chocolate.html">Chocolate</a>
                </li>
                <li>
                    <a class="estDynamic" href="../sweets/spreadable-creams.html">Spreads</a>
                </li>
                <li>
                    <a class="estDynamic" href="../sweets/dessert-toppings.html">Dessert toppings</a>
                </li>
                <li>
                    <a class="estDynamic" href="../sweets/jam.html">Jam</a>
                </li>
                <li>
                    <a class="estDynamic" href="../sweets/honey.html">Honey</a>
                </li>
                <li>
                    <a class="estDynamic" href="../sweets/panettoni-and-pandoro.html">Panettone and pandoro</a>
                </li>
                <li>
                    <a class="estDynamic" href="../sweets/pastry.html">Pastry</a>
                </li>
                <li>
                    <a class="estDynamic" href="../sweets/instant-dessert.html">Prepared</a>
                </li>
                <li>
                    <a class="estDynamic" href="../sweets/cakes-and-pies.html">Cakes and pies</a>
                </li>
                <li>
                    <a class="estDynamic" href="../sweets/easter-eggs-and-doves.html">Easter eggs and doves</a>
                </li>
            </ul>
        </li>
        <li>
            <a class="estDynamic" href="../shelf.html">
                <img src="../../cdn.spesati.com/images/menu/shelf.png"/>
                Cupboard            </a>
            <i class="fa fa-angle-right" aria-hidden="true"></i>
            <ul class="sub-menu">
                <li>
                    <a class="estDynamic" href="../shelf/coffee.html">Coffee</a>
                </li>
                <li>
                    <a class="estDynamic" href="../shelf/gift-baskets.html">Gift baskets</a>
                </li>
                <li>
                    <a class="estDynamic" href="../shelf/stock-cubes.html">Nuts and preparations</a>
                </li>
                <li>
                    <a class="estDynamic" href="../shelf/flour-and-baking.html">Flour and baking</a>
                </li>
                <li>
                    <a class="estDynamic" href="../shelf/milk.html">Milk</a>
                </li>
                <li>
                    <a class="estDynamic" href="../shelf/oil-salt-vinegar.html">Oil, vinegar and salt</a>
                </li>
                <li>
                    <a class="estDynamic" href="../shelf/cream-and-bechamel.html">Cream and bechamel</a>
                </li>
                <li>
                    <a class="estDynamic" href="../shelf/crisps-and-pretzels.html">Crisps and pretzels</a>
                </li>
                <li>
                    <a class="estDynamic" href="../shelf/baby-and-infants-products.html">Early childhood products</a>
                </li>
                <li>
                    <a class="estDynamic" href="../shelf/rice.html">Rice</a>
                </li>
                <li>
                    <a class="estDynamic" href="../shelf/tins-and-preserves.html">Tins and Preserves</a>
                </li>
                <li>
                    <a class="estDynamic" href="../shelf/spices.html">Spices</a>
                </li>
                <li>
                    <a class="estDynamic" href="../shelf/sauces.html">Sauces</a>
                </li>
                <li>
                    <a class="estDynamic" href="../shelf/tea-and-infusions.html">Tea and infusions</a>
                </li>
                <li>
                    <a class="estDynamic" href="../shelf/eggs.html">Eggs</a>
                </li>
                <li>
                    <a class="estDynamic" href="../shelf/sugar-and-sweeteners.html">Sugar and sweeteners</a>
                </li>
            </ul>
        </li>
        <li>
            <a class="estDynamic" href="../personal-care.html">
                <img src="../../cdn.spesati.com/images/menu/personal-care.png"/>
                Personal care            </a>
            <i class="fa fa-angle-right" aria-hidden="true"></i>
            <ul class="sub-menu">
                <li>
                    <a class="estDynamic" href="../personal-care/accessories-and-cotton.html">Accessories and cotton</a>
                </li>
                <li>
                    <a class="estDynamic" href="../personal-care/feminine-care-incontinence-and-baby-diapers.html">Feminine incontinence and diapers</a>
                </li>
                <li>
                    <a class="estDynamic" href="../personal-care/shower-gel.html">Shower gel</a>
                </li>
                <li>
                    <a class="estDynamic" href="../personal-care/creams.html">Creams</a>
                </li>
                <li>
                    <a class="estDynamic" href="../personal-care/deodorant.html">Deodorant</a>
                </li>
                <li>
                    <a class="estDynamic" href="../personal-care/hair-removal.html">Hair removal</a>
                </li>
                <li>
                    <a class="estDynamic" href="../personal-care/disinfectants.html">Disinfectants</a>
                </li>
                <li>
                    <a class="estDynamic" href="../personal-care/oral-hygiene.html">Oral hygiene</a>
                </li>
                <li>
                    <a class="estDynamic" href="../personal-care/supplements-and-multivitamins.html">Supplements and multivitamins</a>
                </li>
                <li>
                    <a class="estDynamic" href="../personal-care/first-aid.html">First aid label</a>
                </li>
                <li>
                    <a class="estDynamic" href="../personal-care/beard-products.html">Beard products</a>
                </li>
                <li>
                    <a class="estDynamic" href="../personal-care/hairs-products.html">Hair products</a>
                </li>
                <li>
                    <a class="estDynamic" href="../personal-care/perfume.html">Perfumes</a>
                </li>
                <li>
                    <a class="estDynamic" href="../personal-care/wipes.html">Wipes</a>
                </li>
                <li>
                    <a class="estDynamic" href="../personal-care/soaps-and-body-wash.html">Soaps and body wash</a>
                </li>
                <li>
                    <a class="estDynamic" href="../personal-care/shampoo-and-conditioner.html">Shampoo and conditioner</a>
                </li>
            </ul>
        </li>
        <li>
            <a class="estDynamic" href="../household-and-outdoors.html">
                <img src="../../cdn.spesati.com/images/menu/pellet-and-home.png"/>
                Home and outdoors 
            </a>
            <i class="fa fa-angle-right" aria-hidden="true"></i>
            <ul class="sub-menu">
                <li>
                    <a class="estDynamic" href="../household-and-outdoors/distilled-water.html">Distilled water</a>
                </li>
                <li>
                    <a class="estDynamic" href="../household-and-outdoors/car-products.html">Cars</a>
                </li>
                <li>
                    <a class="estDynamic" href="../household-and-outdoors/bin-bags-and-buckets.html">Bin bags and buckets</a>
                </li>
                <li>
                    <a class="estDynamic" href="../household-and-outdoors/bleach-and-stain-removers.html">Bleach and stain removers</a>
                </li>
                <li>
                    <a class="estDynamic" href="../household-and-outdoors/candles.html">Candles</a>
                </li>
                <li>
                    <a class="estDynamic" href="../household-and-outdoors/kitchen-roll.html">Kitchen roll</a>
                </li>
                <li>
                    <a class="estDynamic" href="../household-and-outdoors/air-fresheners.html">Air fresheners</a>
                </li>
                <li>
                    <a class="estDynamic" href="../household-and-outdoors/laundry-accessories-and-detergent.html">Laundry detergent</a>
                </li>
                <li>
                    <a class="estDynamic" href="../household-and-outdoors/dishwasher-and-washing-up.html">Dishwasher and washing up</a>
                </li>
                <li>
                    <a class="estDynamic" href="../household-and-outdoors/gardening.html">Gardening</a>
                </li>
                <li>
                    <a class="estDynamic" href="../household-and-outdoors/light-bulbs-and-batteries.html">Lightbulbs and batteries</a>
                </li>
                <li>
                    <a class="estDynamic" href="../household-and-outdoors/pellet-and-bbq.html">Pellet and BBQ</a>
                </li>
                <li>
                    <a class="estDynamic" href="../household-and-outdoors/bathroom-products.html">Bathroom products</a>
                </li>
                <li>
                    <a class="estDynamic" href="../household-and-outdoors/home-and-furniture-products.html">Home and furniture products</a>
                </li>
                <li>
                    <a class="estDynamic" href="../household-and-outdoors/kitchen-products.html">Kitchen products</a>
                </li>
                <li>
                    <a class="estDynamic" href="../household-and-outdoors/window-and-floor-cleaners.html">Window and floor cleaner</a>
                </li>
                <li>
                    <a class="estDynamic" href="../household-and-outdoors/repellents.html">Repellents</a>
                </li>
                <li>
                    <a class="estDynamic" href="../household-and-outdoors/disposable-tableware.html">Disposable tableware</a>
                </li>
            </ul>
        </li>
        <li>
            <a class="estDynamic" href="../pet.html">
                <img src="../../cdn.spesati.com/images/menu/animals.png"/>
                Pets            </a>
            <i class="fa fa-angle-right" aria-hidden="true"></i>
            <ul class="sub-menu">
                <li>
                    <a class="estDynamic" href="../pets/pet-food-other-animals.html">Other animals pet food</a>
                </li>
                <li>
                    <a class="estDynamic" href="../pets/pet-food-dogs.html">Pet food dogs</a>
                </li>
                <li>
                    <a class="estDynamic" href="../pets/pet-food-cats.html">Pet food cats</a>
                </li>
                <li>
                    <a class="estDynamic" href="../pets/hygiene-and-cleaning.html">Hygiene and cleaning</a>
                </li>
            </ul>
        </li>
        <li>
            <a class="estDynamic" href="../technology.html">
                <img src="../../cdn.spesati.com/images/menu/technology.png"/>
                Technology            </a>
            <i class="fa fa-angle-right" aria-hidden="true"></i>
            <ul class="sub-menu">
                <li>
                    <a class="estDynamic" href="../technology/accessories.html">Accessories</a>
                </li>
                <li>
                    <a class="estDynamic" href="../technology/computer.html">Computer</a>
                </li>
                <li>
                    <a class="estDynamic" href="../technology/telephones.html">Telephones</a>
                </li>
                <li>
                    <a class="estDynamic" href="../technology/tv.html">TV</a>
                </li>
            </ul>
        </li>
        <li>
            <a class="estDynamic" href="../gluten-free.html">
                <img src="../../cdn.spesati.com/images/menu/gluten-free.png"/>
                Gluten free            </a>
            <i class="fa fa-angle-right" aria-hidden="true"></i>
            <ul class="sub-menu">
                <li>
                    <a class="estDynamic" href="../gluten-free/frozen-foods.html">Frozen foods</a>
                </li>
                <li>
                    <a class="estDynamic" href="../gluten-free/beer.html">Beer</a>
                </li>
                <li>
                    <a class="estDynamic" href="../gluten-free/sweets.html">Sweets</a>
                </li>
                <li>
                    <a class="estDynamic" href="../gluten-free/bread-and-pasta.html">Bread and pasta</a>
                </li>
                <li>
                    <a class="estDynamic" href="../gluten-free/shelf.html">Cupboard</a>
                </li>
            </ul>
        </li>
        <li>
            <a class="estDynamic" href="../lactose-free.html">
                <img src="../../cdn.spesati.com/images/menu/lactose-free.png"/>
                Lactose free            </a>
            <i class="fa fa-angle-right" aria-hidden="true"></i>
            <ul class="sub-menu">
                <li>
                    <a class="estDynamic" href="../lactose-free/frozen-foods.html">Frozen foods</a>
                </li>
                <li>
                    <a class="estDynamic" href="../lactose-free/sweets.html">Sweets</a>
                </li>
                <li>
                    <a class="estDynamic" href="../lactose-free/dairy-product.html">Dairy product</a>
                </li>
                <li>
                    <a class="estDynamic" href="../lactose-free/shelf.html">Cupboard</a>
                </li>
            </ul>
        </li>
        <li>
            <a class="estDynamic" href="../special.html">
                <img src="../../cdn.spesati.com/images/menu/special.png"/>
                Special            </a>
            <i class="fa fa-angle-right" aria-hidden="true"></i>
            <ul class="sub-menu">
                <li>
                    <a class="estDynamic" href="../special/alpro.html">Alpro</a>
                </li>
                <li>
                    <a class="estDynamic" href="../special/organic.html">Biological</a>
                </li>
                <li>
                    <a class="estDynamic" href="../special/meat.html">Meat</a>
                </li>
                <li>
                    <a class="estDynamic" href="../special/wholegrain.html">Wholegrain</a>
                </li>
                <li>
                    <a class="estDynamic" href="../special/bread-and-pasta.html">Bread and pasta</a>
                </li>
                <li>
                    <a class="estDynamic" href="../special/vegan.html">Vegan</a>
                </li>
            </ul>
        </li>
        <li>
            <a class="estDynamic" href="../sardinian-products.html">
                <img src="../../cdn.spesati.com/images/menu/sardinian-products.png"/>
                Sardinian products            </a>
            <i class="fa fa-angle-right" aria-hidden="true"></i>
            <ul class="sub-menu">
                <li>
                    <a class="estDynamic" href="../sardinian-products/drinks.html">Drinks</a>
                </li>
                <li>
                    <a class="estDynamic" href="../sardinian-products/meat.html">Meat</a>
                </li>
                <li>
                    <a class="estDynamic" href="../sardinian-products/sweets.html">Sweets</a>
                </li>
                <li>
                    <a class="estDynamic" href="../sardinian-products/fruit-and-vegetables.html">Fruit and vegetables</a>
                </li>
                <li>
                    <a class="estDynamic" href="../sardinian-products/ichnusa.html">Ichnusa</a>
                </li>
                <li>
                    <a class="estDynamic" href="../sardinian-products/dairy-product.html">Dairy product</a>
                </li>
                <li>
                    <a class="estDynamic" href="../sardinian-products/bread-and-pasta.html">Bread and pasta</a>
                </li>
                <li>
                    <a class="estDynamic" href="../sardinian-products/fish.html">Fish</a>
                </li>
                <li>
                    <a class="estDynamic" href="../sardinian-products/cured-meat.html">Cured meat</a>
                </li>
                <li>
                    <a class="estDynamic" href="../sardinian-products/shelf.html">Cupboard</a>
                </li>
                <li>
                    <a class="estDynamic" href="../sardinian-products/vermentino-wine.html">Vermentino wine</a>
                </li>
                <li>
                    <a class="estDynamic" href="../sardinian-products/wine-beer-and-spirits.html">Wine beer and spirits</a>
                </li>
            </ul>
        </li>
    </ul>
</div>    <div class="colRight">
        <div class="title mobile">
	<a href="../frozen-foods.html"><i class="fa red fa-angle-left fa-3x mobile" aria-hidden="true"></i></a>
	<h2>
		<b>
			vegetables		</b>
	</h2>
</div>

<div class="breadcrumb bgGrey internal">
	<p>
		<b>
			<a href="../index.html">Home</a>
												&gt; <a href="../frozen-foods.html">Frozen foods</a>
																&gt; Vegetables and soy									</b>
	</p>
	<div>
		<p>Order by</p>
		<select name="orderProd" id="orderProd">
			<option disabled="disabled" selected="selected">- Choose -</option>
			<option value="nameAsc">Name (A - Z)</option>
			<option value="nameDes">Name (Z - A)</option>
			<option value="priceHigh">Price - High to low</option>
			<option value="priceLow">Price - Low to high</option>
			<option value="soldAsc">Best Selling</option>
			<option value="available">Availability</option>
		</select>
	</div>
</div>
        <div class="containerProduct">
            <div class="left product prod1"
        data-name="Aviko Veggie Burger 10Pz"
        data-price="20.00"
        data-id="7051"
        data-available="yes"
        data-category="431"
        data-bestselling="">
    <a href="../aviko-veggie-burger-10pz.html">
        <div style="background-image: url('../../cdn.spesati.com/images/products/590251/aviko-veggie-burger-01.jpg')">
            <div class="hover"></div>
            
            <div class="stickers"><img class="left" src="../../cdn.spesati.com/images/layout/vegan.png" /></div>
        </div>
    </a>
    <div>
        <h4><a href="../aviko-veggie-burger-10pz.html"><b>Aviko Veggie Burger 10Pz</b></a></h4>
        <p class="description">1.13 Kg</p>
        <p class="right price"><b>20.00 €</b></p>
        <p class="right unitPrice">20.00 € per piece</p>
    </div>
    <div class="contButton">
    <a class="button bgRed white addToCart" href="#">Add</a>
</div>
</div><div class="left product prod2"
        data-name="Paren Minestrone Senza Piselli 1Kg"
        data-price="4.85"
        data-id="6656"
        data-available="yes"
        data-category="431"
        data-bestselling="">
    <a href="../paren-minestrone-senza-piselli-1kg.html">
        <div style="background-image: url('../../cdn.spesati.com/images/products/590232/paren-minestrone-senza-01.jpg')">
            <div class="hover"></div>
            
            <div class="stickers"></div>
        </div>
    </a>
    <div>
        <h4><a href="../paren-minestrone-senza-piselli-1kg.html"><b>Paren Minestrone Senza Piselli 1Kg</b></a></h4>
        <p class="description">1 Kg</p>
        <p class="right price"><b>4.85 €</b></p>
        <p class="right unitPrice">4.86 € per kg</p>
    </div>
    <div class="contButton">
    <a class="button bgRed white addToCart" href="#">Add</a>
</div>
</div><div class="left product prod3"
        data-name="Aviko Anelli Cipolla 1Kg"
        data-price="5.69"
        data-id="7236"
        data-available="yes"
        data-category="6655"
        data-bestselling="">
    <a href="../aviko-anelli-cipolla-1kg.html">
        <div style="background-image: url('../../cdn.spesati.com/images/products/506200/aviko-anelli-cipolla-01.jpg')">
            <div class="hover"></div>
            
            <div class="stickers"></div>
        </div>
    </a>
    <div>
        <h4><a href="../aviko-anelli-cipolla-1kg.html"><b>Aviko Anelli Cipolla 1Kg</b></a></h4>
        <p class="description">1 Kg</p>
        <p class="right price"><b>5.69 €</b></p>
        <p class="right unitPrice">5.69 € per kg</p>
    </div>
    <div class="contButton">
    <a class="button bgRed white addToCart" href="#">Add</a>
</div>
</div><div class="left product prod4"
        data-name="Gran Trionfo Peperoni A Fette Grigliati"
        data-price="8.05"
        data-id="3345"
        data-available="yes"
        data-category="6668"
        data-bestselling="">
    <a href="../gran-trionfo-peperoni-a-fette-grigliati.html">
        <div style="background-image: url('../../cdn.spesati.com/images/products/2322901/gran-trionfo-peperoni.jpg')">
            <div class="hover"></div>
            
            <div class="stickers"></div>
        </div>
    </a>
    <div>
        <h4><a href="../gran-trionfo-peperoni-a-fette-grigliati.html"><b>Gran Trionfo Peperoni A Fette Grigliati</b></a></h4>
        <p class="description">1 Kg</p>
        <p class="right price"><b>8.05 €</b></p>
        <p class="right unitPrice">8.05 € per kg</p>
    </div>
    <div class="contButton">
    <a class="button bgRed white addToCart" href="#">Add</a>
</div>
</div><div class="left product prod5"
        data-name="Pizzoli Patate Casalinghe"
        data-price="3.25"
        data-id="3343"
        data-available="yes"
        data-category="6586"
        data-bestselling="3">
    <a href="../pizzoli-patate-casalinghe.html">
        <div style="background-image: url('../../cdn.spesati.com/images/products/000780161/pizzoli-we-love-rustiche-750-g-01.png')">
            <div class="hover"></div>
            <p class="arrow bgRed white">Best Seller</p>
            <div class="stickers"></div>
        </div>
    </a>
    <div>
        <h4><a href="../pizzoli-patate-casalinghe.html"><b>Pizzoli Patate Casalinghe</b></a></h4>
        <p class="description">Pizzoli We Love Rustiche 750 g</p>
        <p class="right price"><b>3.25 €</b></p>
        <p class="right unitPrice">4.34 € per kg</p>
    </div>
    <div class="contButton">
    <a class="button bgRed white addToCart" href="#">Add</a>
</div>
</div><div class="left product prod6"
        data-name="Pizzoli Patate Fritte Oro 2.5k"
        data-price="8.67"
        data-id="34829"
        data-available="yes"
        data-category="6586"
        data-bestselling="">
    <a href="../pizzoli-patate-fritte-oro-25k.html">
        <div style="background-image: url('../../cdn.spesati.com/images/products/000780150/pizzoli-professional-patatine-taglio-classico-surgelate-25-kg-01.png')">
            <div class="hover"></div>
            
            <div class="stickers"></div>
        </div>
    </a>
    <div>
        <h4><a href="../pizzoli-patate-fritte-oro-25k.html"><b>Pizzoli Patate Fritte Oro 2.5k</b></a></h4>
        <p class="description">Pizzoli Professional Patatine taglio classico Surgelate 2,5 kg</p>
        <p class="right price"><b>8.67 €</b></p>
        <p class="right unitPrice">3.46 € per kg</p>
    </div>
    <div class="contButton">
    <a class="button bgRed white addToCart" href="#">Add</a>
</div>
</div><div class="left product prod7"
        data-name="Mccain Patatine Origin 1,040kg"
        data-price="3.45"
        data-id="34503"
        data-available="yes"
        data-category="6586"
        data-bestselling="4">
    <a href="../mccain-patatine-origin-1040kg.html">
        <div style="background-image: url('../../cdn.spesati.com/images/products/000590966/mccain-le-patatine-originali-104-kg-01.png')">
            <div class="hover"></div>
            <p class="arrow bgRed white">Best Seller</p>
            <div class="stickers"></div>
        </div>
    </a>
    <div>
        <h4><a href="../mccain-patatine-origin-1040kg.html"><b>Mccain Patatine Origin 1,040kg</b></a></h4>
        <p class="description">McCain le Patatine Originali 1,04 kg</p>
        <p class="right price"><b>3.45 €</b></p>
        <p class="right unitPrice">3.32 € per kg</p>
    </div>
    <div class="contButton">
    <a class="button bgRed white addToCart" href="#">Add</a>
</div>
</div><div class="left product prod8"
        data-name="Findus Piselli Novelli 1000gr"
        data-price="4.75"
        data-id="70443"
        data-available="yes"
        data-category="431"
        data-bestselling="">
    <a href="../findus-piselli-novelli-1000gr.html">
        <div style="background-image: url('../../cdn.spesati.com/images/products/000509454/findus-piselli-novelli-1000-g-01.png')">
            <div class="hover"></div>
            
            <div class="stickers"></div>
        </div>
    </a>
    <div>
        <h4><a href="../findus-piselli-novelli-1000gr.html"><b>Findus Piselli Novelli 1000gr</b></a></h4>
        <p class="description">Findus Piselli Novelli 1000 g</p>
        <p class="right price"><b>4.75 €</b></p>
        <p class="right unitPrice">4.75 € per kg</p>
    </div>
    <div class="contButton">
    <a class="button bgRed white addToCart" href="#">Add</a>
</div>
</div><div class="left product prod9"
        data-name="Orogel Spinaci Cubetti Foglie 900Gr"
        data-price="3.79"
        data-id="6653"
        data-available="yes"
        data-category="6695"
        data-bestselling="3">
    <a href="../orogel-spinaci-cubetti-foglie-900gr.html">
        <div style="background-image: url('../../cdn.spesati.com/images/products/000506245/orogel-cubello-spinaci-foglia-piu-surgelati-900-g-01.png')">
            <div class="hover"></div>
            <p class="arrow bgRed white">Best Seller</p>
            <div class="stickers"></div>
        </div>
    </a>
    <div>
        <h4><a href="../orogel-spinaci-cubetti-foglie-900gr.html"><b>Orogel Spinaci Cubetti Foglie 900Gr</b></a></h4>
        <p class="description">Orogel Cubello Spinaci Foglia Più Surgelati 900 g</p>
        <p class="right price"><b>3.79 €</b></p>
        <p class="right unitPrice">4.21 € per kg</p>
    </div>
    <div class="contButton">
    <a class="button bgRed white addToCart" href="#">Add</a>
</div>
</div><div class="left product prod10"
        data-name="Orogel Misto Prezzemolo Aglio 100Gr"
        data-price="2.21"
        data-id="7237"
        data-available="yes"
        data-category="4608"
        data-bestselling="">
    <a href="../orogel-misto-prezzemolo-aglio-100gr.html">
        <div style="background-image: url('../../cdn.spesati.com/images/products/000505217/orogel-le-erbe-aromatiche-prezzemolo-e-aglio-surgelati-100-g-01.png')">
            <div class="hover"></div>
            
            <div class="stickers"></div>
        </div>
    </a>
    <div>
        <h4><a href="../orogel-misto-prezzemolo-aglio-100gr.html"><b>Orogel Misto Prezzemolo Aglio 100Gr</b></a></h4>
        <p class="description">Orogel Le Erbe Aromatiche Prezzemolo e Aglio Surgelati 100 g</p>
        <p class="right price"><b>2.21 €</b></p>
        <p class="right unitPrice">22.11 € per kg</p>
    </div>
    <div class="contButton">
    <a class="button bgRed white addToCart" href="#">Add</a>
</div>
</div><div class="left product prod11"
        data-name="Orogel Fave 450Gr"
        data-price="4.65"
        data-id="7021"
        data-available="yes"
        data-category="431"
        data-bestselling="">
    <a href="../orogel-fave-450gr.html">
        <div style="background-image: url('../../cdn.spesati.com/images/products/000505210/orogel-fave-sgranate-surgelati-450-g-01.png')">
            <div class="hover"></div>
            
            <div class="stickers"></div>
        </div>
    </a>
    <div>
        <h4><a href="../orogel-fave-450gr.html"><b>Orogel Fave 450Gr</b></a></h4>
        <p class="description">Orogel Fave Sgranate Surgelati 450 g</p>
        <p class="right price"><b>4.65 €</b></p>
        <p class="right unitPrice">10.34 € per kg</p>
    </div>
    <div class="contButton">
    <a class="button bgRed white addToCart" href="#">Add</a>
</div>
</div><div class="left product prod12"
        data-name="Findus Zuppa Tradizionale 500Gr"
        data-price="4.39"
        data-id="7026"
        data-available="yes"
        data-category="431"
        data-bestselling="2">
    <a href="../findus-zuppa-tradizionale-500gr.html">
        <div style="background-image: url('../../cdn.spesati.com/images/products/000505084/findus-le-zuppe-del-casale-tradizionale-500-g-01.png')">
            <div class="hover"></div>
            <p class="arrow bgRed white">Best Seller</p>
            <div class="stickers"></div>
        </div>
    </a>
    <div>
        <h4><a href="../findus-zuppa-tradizionale-500gr.html"><b>Findus Zuppa Tradizionale 500Gr</b></a></h4>
        <p class="description">Findus Le Zuppe del Casale Tradizionale 500 g</p>
        <p class="right price"><b>4.39 €</b></p>
        <p class="right unitPrice">8.78 € per kg</p>
    </div>
    <div class="contButton">
    <a class="button bgRed white addToCart" href="#">Add</a>
</div>
</div><div class="left product prod13"
        data-name="Findus Pisellini Primavera 450 Gr"
        data-price="3.65"
        data-id="3252"
        data-available="yes"
        data-category="431"
        data-bestselling="1">
    <a href="../findus-pisellini-primavera-450-gr.html">
        <div style="background-image: url('../../cdn.spesati.com/images/products/000505004/findus-pisellini-primavera-450-g-01.png')">
            <div class="hover"></div>
            <p class="arrow bgRed white">Best Seller</p>
            <div class="stickers"></div>
        </div>
    </a>
    <div>
        <h4><a href="../findus-pisellini-primavera-450-gr.html"><b>Findus Pisellini Primavera 450 Gr</b></a></h4>
        <p class="description">Findus Pisellini Primavera 450 g</p>
        <p class="right price"><b>3.65 €</b></p>
        <p class="right unitPrice">8.11 € per kg</p>
    </div>
    <div class="contButton">
    <a class="button bgRed white addToCart" href="#">Add</a>
</div>
</div><div class="left product prod14"
        data-name="Valsoia Soia Burger"
        data-price="4.79"
        data-id="3408"
        data-available="yes"
        data-category="431"
        data-bestselling="">
    <a href="../valsoia-soia-burger.html">
        <div style="background-image: url('../../cdn.spesati.com/images/products/000504892/valsoia-bonta-e-salute-polpettine-vegetariane-surgelate-200-g-01.png')">
            <div class="hover"></div>
            
            <div class="stickers"><img class="left" src="../../cdn.spesati.com/images/layout/vegan.png" /></div>
        </div>
    </a>
    <div>
        <h4><a href="../valsoia-soia-burger.html"><b>Valsoia Soia Burger</b></a></h4>
        <p class="description">Valsoia Bontà e Salute Polpettine vegetariane Surgelate 200 g</p>
        <p class="right price"><b>4.79 €</b></p>
        <p class="right unitPrice">31.93 € per kg</p>
    </div>
    <div class="contButton">
    <a class="button bgRed white addToCart" href="#">Add</a>
</div>
</div><div class="left product prod15"
        data-name="Orogel Cicoria Foglia Piu 900g"
        data-price="2.65"
        data-id="70404"
        data-available="yes"
        data-category="431"
        data-bestselling="">
    <a href="../orogel-cicoria-foglia-piu-900g.html">
        <div style="background-image: url('../../cdn.spesati.com/images/products/000500038/orogel-cubello-cicoria-catalogna-foglia-piu-surgelati-900-g-01.png')">
            <div class="hover"></div>
            
            <div class="stickers"></div>
        </div>
    </a>
    <div>
        <h4><a href="../orogel-cicoria-foglia-piu-900g.html"><b>Orogel Cicoria Foglia Piu 900g</b></a></h4>
        <p class="description">Orogel Cubello Cicoria Catalogna Foglia Più Surgelati 900 g</p>
        <p class="right price"><b>2.65 €</b></p>
        <p class="right unitPrice">2.94 € per kg</p>
    </div>
    <div class="contButton">
    <a class="button bgRed white addToCart" href="#">Add</a>
</div>
</div><div class="left product prod16"
        data-name="Findus Piselli Primavera 700gr"
        data-price="4.95"
        data-id="67863"
        data-available="yes"
        data-category="431"
        data-bestselling="2">
    <a href="../findus-piselli-primavera-700gr.html">
        <div style="background-image: url('../../cdn.spesati.com/images/products/000433650/findus-pisellini-primavera-700-g-01.png')">
            <div class="hover"></div>
            <p class="arrow bgRed white">Best Seller</p>
            <div class="stickers"></div>
        </div>
    </a>
    <div>
        <h4><a href="../findus-piselli-primavera-700gr.html"><b>Findus Piselli Primavera 700gr</b></a></h4>
        <p class="description">Findus Pisellini Primavera 700 g</p>
        <p class="right price"><b>4.95 €</b></p>
        <p class="right unitPrice">7.07 € per kg</p>
    </div>
    <div class="contButton">
    <a class="button bgRed white addToCart" href="#">Add</a>
</div>
</div><div class="left product prod17"
        data-name="Findus Zuppa Pasta/fagioli 500"
        data-price="4.39"
        data-id="81833"
        data-available="yes"
        data-category="431"
        data-bestselling="4">
    <a href="../findus-zuppa-pastafagioli-500.html">
        <div style="background-image: url('../../cdn.spesati.com/images/products/000433179/findus-le-zuppe-del-casale-pasta-fagioli-500-g-01.png')">
            <div class="hover"></div>
            <p class="arrow bgRed white">Best Seller</p>
            <div class="stickers"></div>
        </div>
    </a>
    <div>
        <h4><a href="../findus-zuppa-pastafagioli-500.html"><b>Findus Zuppa Pasta/fagioli 500</b></a></h4>
        <p class="description">Findus Le Zuppe del Casale Pasta & Fagioli 500 g</p>
        <p class="right price"><b>4.39 €</b></p>
        <p class="right unitPrice">8.78 € per kg</p>
    </div>
    <div class="contButton">
    <a class="button bgRed white addToCart" href="#">Add</a>
</div>
</div><div class="left product prod18"
        data-name="Findus Zuppa Pasta E Ceci 500g"
        data-price="4.39"
        data-id="81830"
        data-available="yes"
        data-category="431"
        data-bestselling="4">
    <a href="../findus-zuppa-pasta-e-ceci-500g.html">
        <div style="background-image: url('../../cdn.spesati.com/images/products/000433178/findus-le-zuppe-del-casale-pasta-ceci-500-g-01.png')">
            <div class="hover"></div>
            <p class="arrow bgRed white">Best Seller</p>
            <div class="stickers"></div>
        </div>
    </a>
    <div>
        <h4><a href="../findus-zuppa-pasta-e-ceci-500g.html"><b>Findus Zuppa Pasta E Ceci 500g</b></a></h4>
        <p class="description">Findus Le Zuppe del Casale Pasta & Ceci 500 g</p>
        <p class="right price"><b>4.39 €</b></p>
        <p class="right unitPrice">8.78 € per kg</p>
    </div>
    <div class="contButton">
    <a class="button bgRed white addToCart" href="#">Add</a>
</div>
</div><div class="left product prod19"
        data-name="Findus Minestr Tradiz Igp 1kg"
        data-price="4.35"
        data-id="81236"
        data-available="yes"
        data-category="431"
        data-bestselling="">
    <a href="../findus-minestr-tradiz-igp-1kg.html">
        <div style="background-image: url('../../cdn.spesati.com/images/products/000433161/findus-minestrone-tradizione-con-verdure-igp-e-dop-1000-g-01.png')">
            <div class="hover"></div>
            
            <div class="stickers"></div>
        </div>
    </a>
    <div>
        <h4><a href="../findus-minestr-tradiz-igp-1kg.html"><b>Findus Minestr Tradiz Igp 1kg</b></a></h4>
        <p class="description">Findus Minestrone Tradizione - con Verdure IGP e DOP 1000 g</p>
        <p class="right price"><b>4.35 €</b></p>
        <p class="right unitPrice">4.35 € per kg</p>
    </div>
    <div class="contButton">
    <a class="button bgRed white addToCart" href="#">Add</a>
</div>
</div><div class="left product prod20"
        data-name="Fagiolini Findus Primavera 600"
        data-price="4.55"
        data-id="71296"
        data-available="yes"
        data-category="431"
        data-bestselling="2">
    <a href="../fagiolini-findus-primavera-600.html">
        <div style="background-image: url('../../cdn.spesati.com/images/products/000103406/findus-fagiolini-primavera-600-g-01.png')">
            <div class="hover"></div>
            <p class="arrow bgRed white">Best Seller</p>
            <div class="stickers"></div>
        </div>
    </a>
    <div>
        <h4><a href="../fagiolini-findus-primavera-600.html"><b>Fagiolini Findus Primavera 600</b></a></h4>
        <p class="description">Findus Fagiolini Primavera 600 g</p>
        <p class="right price"><b>4.55 €</b></p>
        <p class="right unitPrice">7.58 € per kg</p>
    </div>
    <div class="contButton">
    <a class="button bgRed white addToCart" href="#">Add</a>
</div>
</div><div class="left product prod21"
        data-name="Aviko Patate Country House 2,5"
        data-price="6.96"
        data-id="34277"
        data-available="yes"
        data-category="6586"
        data-bestselling="">
    <a href="../aviko-patate-country-house-25.html">
        <div style="background-image: url('../../cdn.spesati.com/images/products/missing-image/missing-image.jpg')">
            <div class="hover"></div>
            
            <div class="stickers"></div>
        </div>
    </a>
    <div>
        <h4><a href="../aviko-patate-country-house-25.html"><b>Aviko Patate Country House 2,5</b></a></h4>
        <p class="description">2.5 Kg</p>
        <p class="right price"><b>6.96 €</b></p>
        <p class="right unitPrice">2.79 € per kg</p>
    </div>
    <div class="contButton">
    <a class="button bgRed white addToCart" href="#">Add</a>
</div>
</div><div class="left product prod22"
        data-name="Paren Misto Soffritto Kg1"
        data-price="6.07"
        data-id="34283"
        data-available="yes"
        data-category="431"
        data-bestselling="">
    <a href="../paren-misto-soffritto-kg1.html">
        <div style="background-image: url('../../cdn.spesati.com/images/products/missing-image/missing-image.jpg')">
            <div class="hover"></div>
            
            <div class="stickers"></div>
        </div>
    </a>
    <div>
        <h4><a href="../paren-misto-soffritto-kg1.html"><b>Paren Misto Soffritto Kg1</b></a></h4>
        <p class="description">2.5 Kg</p>
        <p class="right price"><b>6.07 €</b></p>
        <p class="right unitPrice">2.43 € per kg</p>
    </div>
    <div class="contButton">
    <a class="button bgRed white addToCart" href="#">Add</a>
</div>
</div><div class="left product prod23"
        data-name="Verdure Miste Pastellate 2.5kg"
        data-price="27.95"
        data-id="34422"
        data-available="yes"
        data-category="431"
        data-bestselling="">
    <a href="../verdure-miste-pastellate-25kg.html">
        <div style="background-image: url('../../cdn.spesati.com/images/products/missing-image/missing-image.jpg')">
            <div class="hover"></div>
            
            <div class="stickers"></div>
        </div>
    </a>
    <div>
        <h4><a href="../verdure-miste-pastellate-25kg.html"><b>Verdure Miste Pastellate 2.5kg</b></a></h4>
        <p class="description">2.5 Kg</p>
        <p class="right price"><b>27.95 €</b></p>
        <p class="right unitPrice">11.18 € per kg</p>
    </div>
    <div class="contButton">
    <a class="button bgRed white addToCart" href="#">Add</a>
</div>
</div><div class="left product prod24"
        data-name="Fritto Misto Pastellato 2.5 Kg"
        data-price="22.73"
        data-id="34423"
        data-available="yes"
        data-category="431"
        data-bestselling="">
    <a href="../fritto-misto-pastellato-25-kg.html">
        <div style="background-image: url('../../cdn.spesati.com/images/products/missing-image/missing-image.jpg')">
            <div class="hover"></div>
            
            <div class="stickers"></div>
        </div>
    </a>
    <div>
        <h4><a href="../fritto-misto-pastellato-25-kg.html"><b>Fritto Misto Pastellato 2.5 Kg</b></a></h4>
        <p class="description">2.5 Kg</p>
        <p class="right price"><b>22.73 €</b></p>
        <p class="right unitPrice">9.10 € per kg</p>
    </div>
    <div class="contButton">
    <a class="button bgRed white addToCart" href="#">Add</a>
</div>
</div><div class="left product prod25"
        data-name="Microfiori Di Spinaci 500 Gr"
        data-price="3.71"
        data-id="34425"
        data-available="yes"
        data-category="6695"
        data-bestselling="">
    <a href="../microfiori-di-spinaci-500-gr.html">
        <div style="background-image: url('../../cdn.spesati.com/images/products/missing-image/missing-image.jpg')">
            <div class="hover"></div>
            
            <div class="stickers"></div>
        </div>
    </a>
    <div>
        <h4><a href="../microfiori-di-spinaci-500-gr.html"><b>Microfiori Di Spinaci 500 Gr</b></a></h4>
        <p class="description">0.5 Kg</p>
        <p class="right price"><b>3.71 €</b></p>
        <p class="right unitPrice">7.43 € per kg</p>
    </div>
    <div class="contButton">
    <a class="button bgRed white addToCart" href="#">Add</a>
</div>
</div><div class="left product prod26"
        data-name="Paren Minestrone 10 Verd 2,5kg"
        data-price="8.88"
        data-id="34427"
        data-available="yes"
        data-category="431"
        data-bestselling="">
    <a href="../paren-minestrone-10-verd-25kg.html">
        <div style="background-image: url('../../cdn.spesati.com/images/products/missing-image/missing-image.jpg')">
            <div class="hover"></div>
            
            <div class="stickers"></div>
        </div>
    </a>
    <div>
        <h4><a href="../paren-minestrone-10-verd-25kg.html"><b>Paren Minestrone 10 Verd 2,5kg</b></a></h4>
        <p class="description">2.5 Kg</p>
        <p class="right price"><b>8.88 €</b></p>
        <p class="right unitPrice">3.55 € per kg</p>
    </div>
    <div class="contButton">
    <a class="button bgRed white addToCart" href="#">Add</a>
</div>
</div><div class="left product prod27"
        data-name="Fave Surgelate 2.5 Kg"
        data-price="16.89"
        data-id="34428"
        data-available="yes"
        data-category="431"
        data-bestselling="">
    <a href="../fave-surgelate-25-kg.html">
        <div style="background-image: url('../../cdn.spesati.com/images/products/missing-image/missing-image.jpg')">
            <div class="hover"></div>
            
            <div class="stickers"></div>
        </div>
    </a>
    <div>
        <h4><a href="../fave-surgelate-25-kg.html"><b>Fave Surgelate 2.5 Kg</b></a></h4>
        <p class="description">2.5 Kg</p>
        <p class="right price"><b>16.89 €</b></p>
        <p class="right unitPrice">6.76 € per kg</p>
    </div>
    <div class="contButton">
    <a class="button bgRed white addToCart" href="#">Add</a>
</div>
</div><div class="left product prod28"
        data-name="Carotine Intere Baby 2.5 Kg"
        data-price="9.51"
        data-id="34431"
        data-available="yes"
        data-category="431"
        data-bestselling="">
    <a href="../carotine-intere-baby-25-kg.html">
        <div style="background-image: url('../../cdn.spesati.com/images/products/missing-image/missing-image.jpg')">
            <div class="hover"></div>
            
            <div class="stickers"></div>
        </div>
    </a>
    <div>
        <h4><a href="../carotine-intere-baby-25-kg.html"><b>Carotine Intere Baby 2.5 Kg</b></a></h4>
        <p class="description">2.5 Kg</p>
        <p class="right price"><b>9.51 €</b></p>
        <p class="right unitPrice">3.81 € per kg</p>
    </div>
    <div class="contButton">
    <a class="button bgRed white addToCart" href="#">Add</a>
</div>
</div><div class="left product prod29"
        data-name="Fiori Di Zucca Past Ripieni 2k"
        data-price="36.05"
        data-id="34443"
        data-available="yes"
        data-category="431"
        data-bestselling="">
    <a href="../fiori-di-zucca-past-ripieni-2k.html">
        <div style="background-image: url('../../cdn.spesati.com/images/products/missing-image/missing-image.jpg')">
            <div class="hover"></div>
            
            <div class="stickers"></div>
        </div>
    </a>
    <div>
        <h4><a href="../fiori-di-zucca-past-ripieni-2k.html"><b>Fiori Di Zucca Past Ripieni 2k</b></a></h4>
        <p class="description">2 Kg</p>
        <p class="right price"><b>36.05 €</b></p>
        <p class="right unitPrice">18.03 € per kg</p>
    </div>
    <div class="contButton">
    <a class="button bgRed white addToCart" href="#">Add</a>
</div>
</div><div class="left product prod30"
        data-name="Aviko Patate Juliennes 7mm 2.5"
        data-price="5.05"
        data-id="34444"
        data-available="yes"
        data-category="6586"
        data-bestselling="">
    <a href="../aviko-patate-juliennes-7mm-25.html">
        <div style="background-image: url('../../cdn.spesati.com/images/products/missing-image/missing-image.jpg')">
            <div class="hover"></div>
            
            <div class="stickers"></div>
        </div>
    </a>
    <div>
        <h4><a href="../aviko-patate-juliennes-7mm-25.html"><b>Aviko Patate Juliennes 7mm 2.5</b></a></h4>
        <p class="description">2.5 Kg</p>
        <p class="right price"><b>5.05 €</b></p>
        <p class="right unitPrice">2.02 € per kg</p>
    </div>
    <div class="contButton">
    <a class="button bgRed white addToCart" href="#">Add</a>
</div>
</div><div class="left product prod31"
        data-name="Aviko Crunch Steakhouse 2.5 Kg"
        data-price="9.36"
        data-id="34445"
        data-available="yes"
        data-category="6586"
        data-bestselling="">
    <a href="../aviko-crunch-steakhouse-25-kg.html">
        <div style="background-image: url('../../cdn.spesati.com/images/products/missing-image/missing-image.jpg')">
            <div class="hover"></div>
            
            <div class="stickers"></div>
        </div>
    </a>
    <div>
        <h4><a href="../aviko-crunch-steakhouse-25-kg.html"><b>Aviko Crunch Steakhouse 2.5 Kg</b></a></h4>
        <p class="description">2.5 Kg</p>
        <p class="right price"><b>9.36 €</b></p>
        <p class="right unitPrice">3.74 € per kg</p>
    </div>
    <div class="contButton">
    <a class="button bgRed white addToCart" href="#">Add</a>
</div>
</div><div class="left product prod32"
        data-name="Aviko Patate Kebab 3-8 2,5kg"
        data-price="6.99"
        data-id="34448"
        data-available="yes"
        data-category="6586"
        data-bestselling="">
    <a href="../aviko-patate-kebab-3-8-25kg.html">
        <div style="background-image: url('../../cdn.spesati.com/images/products/missing-image/missing-image.jpg')">
            <div class="hover"></div>
            
            <div class="stickers"></div>
        </div>
    </a>
    <div>
        <h4><a href="../aviko-patate-kebab-3-8-25kg.html"><b>Aviko Patate Kebab 3-8 2,5kg</b></a></h4>
        <p class="description">2.5 Kg</p>
        <p class="right price"><b>6.99 €</b></p>
        <p class="right unitPrice">2.80 € per kg</p>
    </div>
    <div class="contButton">
    <a class="button bgRed white addToCart" href="#">Add</a>
</div>
</div><div class="left product prod33"
        data-name="Aviko Patate Spicchi Forn 2.5k"
        data-price="8.29"
        data-id="34449"
        data-available="yes"
        data-category="6586"
        data-bestselling="">
    <a href="../aviko-patate-spicchi-forn-25k.html">
        <div style="background-image: url('../../cdn.spesati.com/images/products/missing-image/missing-image.jpg')">
            <div class="hover"></div>
            
            <div class="stickers"></div>
        </div>
    </a>
    <div>
        <h4><a href="../aviko-patate-spicchi-forn-25k.html"><b>Aviko Patate Spicchi Forn 2.5k</b></a></h4>
        <p class="description">2.5 Kg</p>
        <p class="right price"><b>8.29 €</b></p>
        <p class="right unitPrice">3.32 € per kg</p>
    </div>
    <div class="contButton">
    <a class="button bgRed white addToCart" href="#">Add</a>
</div>
</div><div class="left product prod34"
        data-name="Aviko Patate Turbo 9.5mm 2.5kg"
        data-price="8.59"
        data-id="34450"
        data-available="yes"
        data-category="6586"
        data-bestselling="">
    <a href="../aviko-patate-turbo-95mm-25kg.html">
        <div style="background-image: url('../../cdn.spesati.com/images/products/missing-image/missing-image.jpg')">
            <div class="hover"></div>
            
            <div class="stickers"></div>
        </div>
    </a>
    <div>
        <h4><a href="../aviko-patate-turbo-95mm-25kg.html"><b>Aviko Patate Turbo 9.5mm 2.5kg</b></a></h4>
        <p class="description">2.5 Kg</p>
        <p class="right price"><b>8.59 €</b></p>
        <p class="right unitPrice">3.44 € per kg</p>
    </div>
    <div class="contButton">
    <a class="button bgRed white addToCart" href="#">Add</a>
</div>
</div><div class="left product prod35"
        data-name="Aviko Patate Sup Crunch 2.5kg"
        data-price="9.40"
        data-id="34451"
        data-available="yes"
        data-category="6586"
        data-bestselling="">
    <a href="../aviko-patate-sup-crunch-25kg.html">
        <div style="background-image: url('../../cdn.spesati.com/images/products/missing-image/missing-image.jpg')">
            <div class="hover"></div>
            
            <div class="stickers"></div>
        </div>
    </a>
    <div>
        <h4><a href="../aviko-patate-sup-crunch-25kg.html"><b>Aviko Patate Sup Crunch 2.5kg</b></a></h4>
        <p class="description">2.5 Kg</p>
        <p class="right price"><b>9.40 €</b></p>
        <p class="right unitPrice">3.76 € per kg</p>
    </div>
    <div class="contButton">
    <a class="button bgRed white addToCart" href="#">Add</a>
</div>
</div><div class="left product prod36"
        data-name="Aviko Patate A Fettine 2.5kg"
        data-price="8.89"
        data-id="34452"
        data-available="yes"
        data-category="6586"
        data-bestselling="">
    <a href="../aviko-patate-a-fettine-25kg.html">
        <div style="background-image: url('../../cdn.spesati.com/images/products/missing-image/missing-image.jpg')">
            <div class="hover"></div>
            
            <div class="stickers"></div>
        </div>
    </a>
    <div>
        <h4><a href="../aviko-patate-a-fettine-25kg.html"><b>Aviko Patate A Fettine 2.5kg</b></a></h4>
        <p class="description">2.5 Kg</p>
        <p class="right price"><b>8.89 €</b></p>
        <p class="right unitPrice">3.56 € per kg</p>
    </div>
    <div class="contButton">
    <a class="button bgRed white addToCart" href="#">Add</a>
</div>
</div><div class="left product prod37"
        data-name="Aviko Jalapenos Snack 1kg"
        data-price="14.73"
        data-id="34453"
        data-available="yes"
        data-category="6586"
        data-bestselling="">
    <a href="../aviko-jalapenos-snack-1kg.html">
        <div style="background-image: url('../../cdn.spesati.com/images/products/missing-image/missing-image.jpg')">
            <div class="hover"></div>
            
            <div class="stickers"></div>
        </div>
    </a>
    <div>
        <h4><a href="../aviko-jalapenos-snack-1kg.html"><b>Aviko Jalapenos Snack 1kg</b></a></h4>
        <p class="description">1 Kg</p>
        <p class="right price"><b>14.73 €</b></p>
        <p class="right unitPrice">14.73 € per kg</p>
    </div>
    <div class="contButton">
    <a class="button bgRed white addToCart" href="#">Add</a>
</div>
</div><div class="left product prod38"
        data-name="Tortini Pat Gratin Cheese 1.5k"
        data-price="15.20"
        data-id="34454"
        data-available="yes"
        data-category="6586"
        data-bestselling="">
    <a href="../tortini-pat-gratin-cheese-15k.html">
        <div style="background-image: url('../../cdn.spesati.com/images/products/missing-image/missing-image.jpg')">
            <div class="hover"></div>
            
            <div class="stickers"></div>
        </div>
    </a>
    <div>
        <h4><a href="../tortini-pat-gratin-cheese-15k.html"><b>Tortini Pat Gratin Cheese 1.5k</b></a></h4>
        <p class="description">1.5 Kg</p>
        <p class="right price"><b>15.20 €</b></p>
        <p class="right unitPrice">10.13 € per kg</p>
    </div>
    <div class="contButton">
    <a class="button bgRed white addToCart" href="#">Add</a>
</div>
</div><div class="left product prod39"
        data-name="Paren Insalata Russa Prep 2.5k"
        data-price="12.34"
        data-id="34463"
        data-available="yes"
        data-category="431"
        data-bestselling="">
    <a href="../paren-insalata-russa-prep-25k.html">
        <div style="background-image: url('../../cdn.spesati.com/images/products/missing-image/missing-image.jpg')">
            <div class="hover"></div>
            
            <div class="stickers"></div>
        </div>
    </a>
    <div>
        <h4><a href="../paren-insalata-russa-prep-25k.html"><b>Paren Insalata Russa Prep 2.5k</b></a></h4>
        <p class="description">2.5 Kg</p>
        <p class="right price"><b>12.34 €</b></p>
        <p class="right unitPrice">4.94 € per kg</p>
    </div>
    <div class="contButton">
    <a class="button bgRed white addToCart" href="#">Add</a>
</div>
</div><div class="left product prod40"
        data-name="Paren Prezzemolo Tritato 450gr"
        data-price="4.12"
        data-id="34468"
        data-available="yes"
        data-category="4608"
        data-bestselling="">
    <a href="../paren-prezzemolo-tritato-450gr.html">
        <div style="background-image: url('../../cdn.spesati.com/images/products/missing-image/missing-image.jpg')">
            <div class="hover"></div>
            
            <div class="stickers"></div>
        </div>
    </a>
    <div>
        <h4><a href="../paren-prezzemolo-tritato-450gr.html"><b>Paren Prezzemolo Tritato 450gr</b></a></h4>
        <p class="description">0.45 Kg</p>
        <p class="right price"><b>4.12 €</b></p>
        <p class="right unitPrice">9.16 € per kg</p>
    </div>
    <div class="contButton">
    <a class="button bgRed white addToCart" href="#">Add</a>
</div>
</div><div class="left product prod41"
        data-name="Aviko Patate Spicchi Spez 2.5k"
        data-price="8.65"
        data-id="34469"
        data-available="yes"
        data-category="6586"
        data-bestselling="">
    <a href="../aviko-patate-spicchi-spez-25k.html">
        <div style="background-image: url('../../cdn.spesati.com/images/products/missing-image/missing-image.jpg')">
            <div class="hover"></div>
            
            <div class="stickers"></div>
        </div>
    </a>
    <div>
        <h4><a href="../aviko-patate-spicchi-spez-25k.html"><b>Aviko Patate Spicchi Spez 2.5k</b></a></h4>
        <p class="description">2.5 Kg</p>
        <p class="right price"><b>8.65 €</b></p>
        <p class="right unitPrice">3.47 € per kg</p>
    </div>
    <div class="contButton">
    <a class="button bgRed white addToCart" href="#">Add</a>
</div>
</div><div class="left product prod42"
        data-name="Patate Bianche Nov.conf.1.5 Kg"
        data-price="2.79"
        data-id="59694"
        data-available="yes"
        data-category="6586"
        data-bestselling="">
    <a href="../patate-bianche-novconf15-kg.html">
        <div style="background-image: url('../../cdn.spesati.com/images/products/missing-image/missing-image.jpg')">
            <div class="hover"></div>
            
            <div class="stickers"></div>
        </div>
    </a>
    <div>
        <h4><a href="../patate-bianche-novconf15-kg.html"><b>Patate Bianche Nov.conf.1.5 Kg</b></a></h4>
        <p class="description">1.5 Kg</p>
        <p class="right price"><b>2.79 €</b></p>
        <p class="right unitPrice">1.86 € per kg</p>
    </div>
    <div class="contButton">
    <a class="button bgRed white addToCart" href="#">Add</a>
</div>
</div><div class="left product prod43"
        data-name="Orogel Soia Edamame 1kg"
        data-price="7.34"
        data-id="63252"
        data-available="yes"
        data-category="431"
        data-bestselling="">
    <a href="../orogel-soia-edamame-1kg.html">
        <div style="background-image: url('../../cdn.spesati.com/images/products/missing-image/missing-image.jpg')">
            <div class="hover"></div>
            
            <div class="stickers"></div>
        </div>
    </a>
    <div>
        <h4><a href="../orogel-soia-edamame-1kg.html"><b>Orogel Soia Edamame 1kg</b></a></h4>
        <p class="description">1 Kg</p>
        <p class="right price"><b>7.34 €</b></p>
        <p class="right unitPrice">7.34 € per kg</p>
    </div>
    <div class="contButton">
    <a class="button bgRed white addToCart" href="#">Add</a>
</div>
</div><div class="left product prod44"
        data-name="Paren Patate Sfiziose 1Kg"
        data-price="8.17"
        data-id="14590"
        data-available="yes"
        data-category="6586"
        data-bestselling="">
    <a href="../paren-patate-sfiziose-1kg.html">
        <div style="background-image: url('../../cdn.spesati.com/images/products/missing-image/missing-image.jpg')">
            <div class="hover"></div>
            
            <div class="stickers"></div>
        </div>
    </a>
    <div>
        <h4><a href="../paren-patate-sfiziose-1kg.html"><b>Paren Patate Sfiziose 1Kg</b></a></h4>
        <p class="description">1 Kg</p>
        <p class="right price"><b>8.17 €</b></p>
        <p class="right unitPrice">8.17 € per kg</p>
    </div>
    <div class="contButton">
    <a class="button bgRed white addToCart" href="#">Add</a>
</div>
</div><div class="left product prod45"
        data-name="Fagiolini Fini 2,5kg Trionfo"
        data-price="10.08"
        data-id="33985"
        data-available="yes"
        data-category="431"
        data-bestselling="">
    <a href="../fagiolini-fini-25kg-trionfo.html">
        <div style="background-image: url('../../cdn.spesati.com/images/products/missing-image/missing-image.jpg')">
            <div class="hover"></div>
            
            <div class="stickers"></div>
        </div>
    </a>
    <div>
        <h4><a href="../fagiolini-fini-25kg-trionfo.html"><b>Fagiolini Fini 2,5kg Trionfo</b></a></h4>
        <p class="description">2.5 Kg</p>
        <p class="right price"><b>10.08 €</b></p>
        <p class="right unitPrice">4.04 € per kg</p>
    </div>
    <div class="contButton">
    <a class="button bgRed white addToCart" href="#">Add</a>
</div>
</div><div class="left product prod46"
        data-name="Fag.ni Finiss. Extra Kg.2,5 Tr"
        data-price="10.37"
        data-id="33986"
        data-available="yes"
        data-category="431"
        data-bestselling="">
    <a href="../fagni-finiss-extra-kg25-tr.html">
        <div style="background-image: url('../../cdn.spesati.com/images/products/missing-image/missing-image.jpg')">
            <div class="hover"></div>
            
            <div class="stickers"></div>
        </div>
    </a>
    <div>
        <h4><a href="../fagni-finiss-extra-kg25-tr.html"><b>Fag.ni Finiss. Extra Kg.2,5 Tr</b></a></h4>
        <p class="description">2.5 Kg</p>
        <p class="right price"><b>10.37 €</b></p>
        <p class="right unitPrice">4.15 € per kg</p>
    </div>
    <div class="contButton">
    <a class="button bgRed white addToCart" href="#">Add</a>
</div>
</div><div class="left product prod47"
        data-name="Piselli Fini Extra Kg.2,5 Tri"
        data-price="11.97"
        data-id="33988"
        data-available="yes"
        data-category="431"
        data-bestselling="">
    <a href="../piselli-fini-extra-kg25-tri.html">
        <div style="background-image: url('../../cdn.spesati.com/images/products/missing-image/missing-image.jpg')">
            <div class="hover"></div>
            
            <div class="stickers"></div>
        </div>
    </a>
    <div>
        <h4><a href="../piselli-fini-extra-kg25-tri.html"><b>Piselli Fini Extra Kg.2,5 Tri</b></a></h4>
        <p class="description">2.5 Kg</p>
        <p class="right price"><b>11.97 €</b></p>
        <p class="right unitPrice">4.78 € per kg</p>
    </div>
    <div class="contButton">
    <a class="button bgRed white addToCart" href="#">Add</a>
</div>
</div><div class="left product prod48"
        data-name="Piselli Finiss. Ex Kg.2,5 Trio"
        data-price="11.97"
        data-id="33989"
        data-available="yes"
        data-category="431"
        data-bestselling="">
    <a href="../piselli-finiss-ex-kg25-trio.html">
        <div style="background-image: url('../../cdn.spesati.com/images/products/missing-image/missing-image.jpg')">
            <div class="hover"></div>
            
            <div class="stickers"></div>
        </div>
    </a>
    <div>
        <h4><a href="../piselli-finiss-ex-kg25-trio.html"><b>Piselli Finiss. Ex Kg.2,5 Trio</b></a></h4>
        <p class="description">2.5 Kg</p>
        <p class="right price"><b>11.97 €</b></p>
        <p class="right unitPrice">4.78 € per kg</p>
    </div>
    <div class="contButton">
    <a class="button bgRed white addToCart" href="#">Add</a>
</div>
</div><div class="left product prod49"
        data-name="Spinaci Foglia Cubo Kg.2,5 Tri"
        data-price="8.89"
        data-id="33990"
        data-available="yes"
        data-category="6695"
        data-bestselling="">
    <a href="../spinaci-foglia-cubo-kg25-tri.html">
        <div style="background-image: url('../../cdn.spesati.com/images/products/missing-image/missing-image.jpg')">
            <div class="hover"></div>
            
            <div class="stickers"></div>
        </div>
    </a>
    <div>
        <h4><a href="../spinaci-foglia-cubo-kg25-tri.html"><b>Spinaci Foglia Cubo Kg.2,5 Tri</b></a></h4>
        <p class="description">2.5 Kg</p>
        <p class="right price"><b>8.89 €</b></p>
        <p class="right unitPrice">3.56 € per kg</p>
    </div>
    <div class="contButton">
    <a class="button bgRed white addToCart" href="#">Add</a>
</div>
</div><div class="left product prod50"
        data-name="Melanzane Grigliate 1kg Trionf"
        data-price="8.47"
        data-id="33992"
        data-available="yes"
        data-category="431"
        data-bestselling="">
    <a href="../melanzane-grigliate-1kg-trionf.html">
        <div style="background-image: url('../../cdn.spesati.com/images/products/missing-image/missing-image.jpg')">
            <div class="hover"></div>
            
            <div class="stickers"></div>
        </div>
    </a>
    <div>
        <h4><a href="../melanzane-grigliate-1kg-trionf.html"><b>Melanzane Grigliate 1kg Trionf</b></a></h4>
        <p class="description">1 Kg</p>
        <p class="right price"><b>8.47 €</b></p>
        <p class="right unitPrice">8.47 € per kg</p>
    </div>
    <div class="contButton">
    <a class="button bgRed white addToCart" href="#">Add</a>
</div>
</div><div class="left product prod51"
        data-name="Mccain Patate Fritte 3-8 2,5kg"
        data-price="8.15"
        data-id="34007"
        data-available="yes"
        data-category="6586"
        data-bestselling="">
    <a href="../mccain-patate-fritte-3-8-25kg.html">
        <div style="background-image: url('../../cdn.spesati.com/images/products/missing-image/missing-image.jpg')">
            <div class="hover"></div>
            
            <div class="stickers"></div>
        </div>
    </a>
    <div>
        <h4><a href="../mccain-patate-fritte-3-8-25kg.html"><b>Mccain Patate Fritte 3-8 2,5kg</b></a></h4>
        <p class="description">2.5 Kg</p>
        <p class="right price"><b>8.15 €</b></p>
        <p class="right unitPrice">3.26 € per kg</p>
    </div>
    <div class="contButton">
    <a class="button bgRed white addToCart" href="#">Add</a>
</div>
</div><div class="left product prod52"
        data-name="Mccain Patate Fritte Fry'n Dip"
        data-price="7.05"
        data-id="34008"
        data-available="yes"
        data-category="6586"
        data-bestselling="">
    <a href="../mccain-patate-fritte-fryn-dip.html">
        <div style="background-image: url('../../cdn.spesati.com/images/products/missing-image/missing-image.jpg')">
            <div class="hover"></div>
            
            <div class="stickers"></div>
        </div>
    </a>
    <div>
        <h4><a href="../mccain-patate-fritte-fryn-dip.html"><b>Mccain Patate Fritte Fry'n Dip</b></a></h4>
        <p class="description">2.5 Kg</p>
        <p class="right price"><b>7.05 €</b></p>
        <p class="right unitPrice">2.82 € per kg</p>
    </div>
    <div class="contButton">
    <a class="button bgRed white addToCart" href="#">Add</a>
</div>
</div><div class="left product prod53"
        data-name="Mccain Patate Bravas 2,5kg"
        data-price="20.00"
        data-id="34009"
        data-available="yes"
        data-category="6586"
        data-bestselling="">
    <a href="../mccain-patate-bravas-25kg.html">
        <div style="background-image: url('../../cdn.spesati.com/images/products/missing-image/missing-image.jpg')">
            <div class="hover"></div>
            
            <div class="stickers"></div>
        </div>
    </a>
    <div>
        <h4><a href="../mccain-patate-bravas-25kg.html"><b>Mccain Patate Bravas 2,5kg</b></a></h4>
        <p class="description">2.5 Kg</p>
        <p class="right price"><b>20.00 €</b></p>
        <p class="right unitPrice">8.00 € per kg</p>
    </div>
    <div class="contButton">
    <a class="button bgRed white addToCart" href="#">Add</a>
</div>
</div><div class="left product prod54"
        data-name="Olive Ascolane Ice Chef 2,5kg"
        data-price="18.90"
        data-id="34014"
        data-available="yes"
        data-category="431"
        data-bestselling="">
    <a href="../olive-ascolane-ice-chef-25kg.html">
        <div style="background-image: url('../../cdn.spesati.com/images/products/missing-image/missing-image.jpg')">
            <div class="hover"></div>
            
            <div class="stickers"></div>
        </div>
    </a>
    <div>
        <h4><a href="../olive-ascolane-ice-chef-25kg.html"><b>Olive Ascolane Ice Chef 2,5kg</b></a></h4>
        <p class="description">2.5 Kg</p>
        <p class="right price"><b>18.90 €</b></p>
        <p class="right unitPrice">7.56 € per kg</p>
    </div>
    <div class="contButton">
    <a class="button bgRed white addToCart" href="#">Add</a>
</div>
</div><div class="left product prod55"
        data-name="Patate Tonde 2.5 Kg"
        data-price="10.44"
        data-id="34394"
        data-available="no"
        data-category="6586"
        data-bestselling="">
    <a href="../patate-tonde-25-kg.html">
        <div style="background-image: url('../../cdn.spesati.com/images/products/520299/patate-tonde-01.jpg')">
            <div class="hover"></div>
            
            <div class="stickers"></div>
        </div>
    </a>
    <div>
        <h4><a href="../patate-tonde-25-kg.html"><b>Patate Tonde 2.5 Kg</b></a></h4>
        <p class="description">2.5 Kg</p>
        <p class="right price"><b>10.44 €</b></p>
        <p class="right unitPrice">4.18 € per kg</p>
    </div>
    <div class="notAvailable">
    <a class="button bgDarkGrey white" href="../patate-tonde-25-kg.html">Not available</a>
</div>
</div><div class="left product prod56"
        data-name="Orogel Minestrone Legger 750gr"
        data-price="2.79"
        data-id="34405"
        data-available="no"
        data-category="431"
        data-bestselling="">
    <a href="../orogel-minestrone-legger-750gr.html">
        <div style="background-image: url('../../cdn.spesati.com/images/products/000520348/orogel-il-benessere-minestrone-leggerezza-surgelati-750-g-01.png')">
            <div class="hover"></div>
            
            <div class="stickers"></div>
        </div>
    </a>
    <div>
        <h4><a href="../orogel-minestrone-legger-750gr.html"><b>Orogel Minestrone Legger 750gr</b></a></h4>
        <p class="description">Orogel Il Benessere Minestrone Leggerezza Surgelati 750 g</p>
        <p class="right price"><b>2.79 €</b></p>
        <p class="right unitPrice">3.72 € per kg</p>
    </div>
    <div class="notAvailable">
    <a class="button bgDarkGrey white" href="../orogel-minestrone-legger-750gr.html">Not available</a>
</div>
</div><div class="left product prod57"
        data-name="Findus Piselli Novelli 1100gr"
        data-price="3.59"
        data-id="34143"
        data-available="no"
        data-category="431"
        data-bestselling="">
    <a href="../findus-piselli-novelli-1100gr.html">
        <div style="background-image: url('../../cdn.spesati.com/images/products/000509013/findus-piselli-novelli-1100-g-01.png')">
            <div class="hover"></div>
            
            <div class="stickers"></div>
        </div>
    </a>
    <div>
        <h4><a href="../findus-piselli-novelli-1100gr.html"><b>Findus Piselli Novelli 1100gr</b></a></h4>
        <p class="description">Findus Piselli Novelli 1100 g</p>
        <p class="right price"><b>3.59 €</b></p>
        <p class="right unitPrice">3.27 € per kg</p>
    </div>
    <div class="notAvailable">
    <a class="button bgDarkGrey white" href="../findus-piselli-novelli-1100gr.html">Not available</a>
</div>
</div><div class="left product prod58"
        data-name="Orogel Insalata Russa 450gr"
        data-price="2.38"
        data-id="33996"
        data-available="no"
        data-category="431"
        data-bestselling="">
    <a href="../orogel-insalata-russa-450gr.html">
        <div style="background-image: url('../../cdn.spesati.com/images/products/000505215/orogel-insalata-russa-verdure-miste-surgelati-450-g-01.png')">
            <div class="hover"></div>
            
            <div class="stickers"></div>
        </div>
    </a>
    <div>
        <h4><a href="../orogel-insalata-russa-450gr.html"><b>Orogel Insalata Russa 450gr</b></a></h4>
        <p class="description">Orogel Insalata Russa Verdure Miste Surgelati 450 g</p>
        <p class="right price"><b>2.38 €</b></p>
        <p class="right unitPrice">5.29 € per kg</p>
    </div>
    <div class="notAvailable">
    <a class="button bgDarkGrey white" href="../orogel-insalata-russa-450gr.html">Not available</a>
</div>
</div><div class="left product prod59"
        data-name="Zuppa Dimmidisi Zuc-car 620gr"
        data-price="3.69"
        data-id="33928"
        data-available="no"
        data-category="6695"
        data-bestselling="">
    <a href="../zuppa-dimmidisi-zuc-car-620gr.html">
        <div style="background-image: url('../../cdn.spesati.com/images/products/000503947/dimmidisi-le-zuppe-fresche-vellutata-di-zucca-e-carote-620-g-01.png')">
            <div class="hover"></div>
            
            <div class="stickers"></div>
        </div>
    </a>
    <div>
        <h4><a href="../zuppa-dimmidisi-zuc-car-620gr.html"><b>Zuppa Dimmidisi Zuc-car 620gr</b></a></h4>
        <p class="description">DimmidiSì le Zuppe fresche Vellutata di Zucca e Carote 620 g</p>
        <p class="right price"><b>3.69 €</b></p>
        <p class="right unitPrice">5.95 € per kg</p>
    </div>
    <div class="notAvailable">
    <a class="button bgDarkGrey white" href="../zuppa-dimmidisi-zuc-car-620gr.html">Not available</a>
</div>
</div><div class="left product prod60"
        data-name="Findus Zuppa Farro Ceci 500Gr"
        data-price="4.25"
        data-id="7048"
        data-available="no"
        data-category="431"
        data-bestselling="">
    <a href="../findus-zuppa-farro-ceci-500gr.html">
        <div style="background-image: url('../../cdn.spesati.com/images/products/000500168/findus-le-zuppe-del-casale-farro-e-ceci-500-g-01.png')">
            <div class="hover"></div>
            
            <div class="stickers"></div>
        </div>
    </a>
    <div>
        <h4><a href="../findus-zuppa-farro-ceci-500gr.html"><b>Findus Zuppa Farro Ceci 500Gr</b></a></h4>
        <p class="description">Findus Le Zuppe del Casale Farro e Ceci 500 g</p>
        <p class="right price"><b>4.25 €</b></p>
        <p class="right unitPrice">8.50 € per kg</p>
    </div>
    <div class="notAvailable">
    <a class="button bgDarkGrey white" href="../findus-zuppa-farro-ceci-500gr.html">Not available</a>
</div>
</div><div class="left product prod61"
        data-name="Mccain Street Fries Barbec 300"
        data-price="3.95"
        data-id="82425"
        data-available="no"
        data-category="6586"
        data-bestselling="">
    <a href="../mccain-street-fries-barbec-300.html">
        <div style="background-image: url('../../cdn.spesati.com/images/products/000433186/mccain-street-fries-bbq-beef-300-g-01.png')">
            <div class="hover"></div>
            
            <div class="stickers"></div>
        </div>
    </a>
    <div>
        <h4><a href="../mccain-street-fries-barbec-300.html"><b>Mccain Street Fries Barbec 300</b></a></h4>
        <p class="description">McCain Street Fries BBQ Beef 300 g</p>
        <p class="right price"><b>3.95 €</b></p>
        <p class="right unitPrice">13.17 € per kg</p>
    </div>
    <div class="notAvailable">
    <a class="button bgDarkGrey white" href="../mccain-street-fries-barbec-300.html">Not available</a>
</div>
</div><div class="left product prod62"
        data-name="Orogel Soia Edamame 330gr"
        data-price="3.29"
        data-id="81827"
        data-available="no"
        data-category="431"
        data-bestselling="">
    <a href="../orogel-soia-edamame-330gr.html">
        <div style="background-image: url('../../cdn.spesati.com/images/products/000433173/orogel-il-benessere-soia-edamame-surgelati-330-g-01.png')">
            <div class="hover"></div>
            
            <div class="stickers"></div>
        </div>
    </a>
    <div>
        <h4><a href="../orogel-soia-edamame-330gr.html"><b>Orogel Soia Edamame 330gr</b></a></h4>
        <p class="description">Orogel Il Benessere Soia Edamame surgelati 330 g</p>
        <p class="right price"><b>3.29 €</b></p>
        <p class="right unitPrice">9.96 € per kg</p>
    </div>
    <div class="notAvailable">
    <a class="button bgDarkGrey white" href="../orogel-soia-edamame-330gr.html">Not available</a>
</div>
</div><div class="left product prod63"
        data-name="Patate A Cubi 2.5 Kg"
        data-price="9.24"
        data-id="34393"
        data-available="no"
        data-category="6586"
        data-bestselling="">
    <a href="../patate-a-cubi-25-kg.html">
        <div style="background-image: url('../../cdn.spesati.com/images/products/missing-image/missing-image.jpg')">
            <div class="hover"></div>
            
            <div class="stickers"></div>
        </div>
    </a>
    <div>
        <h4><a href="../patate-a-cubi-25-kg.html"><b>Patate A Cubi 2.5 Kg</b></a></h4>
        <p class="description">2.5 Kg</p>
        <p class="right price"><b>9.24 €</b></p>
        <p class="right unitPrice">3.70 € per kg</p>
    </div>
    <div class="notAvailable">
    <a class="button bgDarkGrey white" href="../patate-a-cubi-25-kg.html">Not available</a>
</div>
</div><div class="left product prod64"
        data-name="Paren Fagiolini Finissimi 2.5k"
        data-price="11.41"
        data-id="34429"
        data-available="no"
        data-category="431"
        data-bestselling="">
    <a href="../paren-fagiolini-finissimi-25k.html">
        <div style="background-image: url('../../cdn.spesati.com/images/products/missing-image/missing-image.jpg')">
            <div class="hover"></div>
            
            <div class="stickers"></div>
        </div>
    </a>
    <div>
        <h4><a href="../paren-fagiolini-finissimi-25k.html"><b>Paren Fagiolini Finissimi 2.5k</b></a></h4>
        <p class="description">2.5 Kg</p>
        <p class="right price"><b>11.41 €</b></p>
        <p class="right unitPrice">4.57 € per kg</p>
    </div>
    <div class="notAvailable">
    <a class="button bgDarkGrey white" href="../paren-fagiolini-finissimi-25k.html">Not available</a>
</div>
</div><div class="left product prod65"
        data-name="Paren Fagiolini Extrafin 2,5kg"
        data-price="11.85"
        data-id="34430"
        data-available="no"
        data-category="431"
        data-bestselling="">
    <a href="../paren-fagiolini-extrafin-25kg.html">
        <div style="background-image: url('../../cdn.spesati.com/images/products/missing-image/missing-image.jpg')">
            <div class="hover"></div>
            
            <div class="stickers"></div>
        </div>
    </a>
    <div>
        <h4><a href="../paren-fagiolini-extrafin-25kg.html"><b>Paren Fagiolini Extrafin 2,5kg</b></a></h4>
        <p class="description">2.5 Kg</p>
        <p class="right price"><b>11.85 €</b></p>
        <p class="right unitPrice">4.74 € per kg</p>
    </div>
    <div class="notAvailable">
    <a class="button bgDarkGrey white" href="../paren-fagiolini-extrafin-25kg.html">Not available</a>
</div>
</div><div class="left product prod66"
        data-name="Asparagi Punte 1 Kg"
        data-price="13.54"
        data-id="34434"
        data-available="no"
        data-category="431"
        data-bestselling="">
    <a href="../asparagi-punte-1-kg.html">
        <div style="background-image: url('../../cdn.spesati.com/images/products/missing-image/missing-image.jpg')">
            <div class="hover"></div>
            
            <div class="stickers"></div>
        </div>
    </a>
    <div>
        <h4><a href="../asparagi-punte-1-kg.html"><b>Asparagi Punte 1 Kg</b></a></h4>
        <p class="description">1 Kg</p>
        <p class="right price"><b>13.54 €</b></p>
        <p class="right unitPrice">13.54 € per kg</p>
    </div>
    <div class="notAvailable">
    <a class="button bgDarkGrey white" href="../asparagi-punte-1-kg.html">Not available</a>
</div>
</div><div class="left product prod67"
        data-name="Tortini Pat Gratin Broccol 1.5"
        data-price="15.20"
        data-id="34455"
        data-available="no"
        data-category="6586"
        data-bestselling="">
    <a href="../tortini-pat-gratin-broccol-15.html">
        <div style="background-image: url('../../cdn.spesati.com/images/products/missing-image/missing-image.jpg')">
            <div class="hover"></div>
            
            <div class="stickers"></div>
        </div>
    </a>
    <div>
        <h4><a href="../tortini-pat-gratin-broccol-15.html"><b>Tortini Pat Gratin Broccol 1.5</b></a></h4>
        <p class="description">1.5 Kg</p>
        <p class="right price"><b>15.20 €</b></p>
        <p class="right unitPrice">10.13 € per kg</p>
    </div>
    <div class="notAvailable">
    <a class="button bgDarkGrey white" href="../tortini-pat-gratin-broccol-15.html">Not available</a>
</div>
</div><div class="left product prod68"
        data-name="Paren Broccoli Rosette 2.5kg"
        data-price="13.16"
        data-id="34466"
        data-available="no"
        data-category="431"
        data-bestselling="">
    <a href="../paren-broccoli-rosette-25kg.html">
        <div style="background-image: url('../../cdn.spesati.com/images/products/missing-image/missing-image.jpg')">
            <div class="hover"></div>
            
            <div class="stickers"></div>
        </div>
    </a>
    <div>
        <h4><a href="../paren-broccoli-rosette-25kg.html"><b>Paren Broccoli Rosette 2.5kg</b></a></h4>
        <p class="description">2.5 Kg</p>
        <p class="right price"><b>13.16 €</b></p>
        <p class="right unitPrice">5.26 € per kg</p>
    </div>
    <div class="notAvailable">
    <a class="button bgDarkGrey white" href="../paren-broccoli-rosette-25kg.html">Not available</a>
</div>
</div><div class="left product prod69"
        data-name="Aviko Patate Spicchi C-buc 2.5"
        data-price="8.31"
        data-id="34475"
        data-available="no"
        data-category="6586"
        data-bestselling="">
    <a href="../aviko-patate-spicchi-c-buc-25.html">
        <div style="background-image: url('../../cdn.spesati.com/images/products/missing-image/missing-image.jpg')">
            <div class="hover"></div>
            
            <div class="stickers"></div>
        </div>
    </a>
    <div>
        <h4><a href="../aviko-patate-spicchi-c-buc-25.html"><b>Aviko Patate Spicchi C-buc 2.5</b></a></h4>
        <p class="description">2.5 Kg</p>
        <p class="right price"><b>8.31 €</b></p>
        <p class="right unitPrice">3.32 € per kg</p>
    </div>
    <div class="notAvailable">
    <a class="button bgDarkGrey white" href="../aviko-patate-spicchi-c-buc-25.html">Not available</a>
</div>
</div><div class="left product prod70"
        data-name="Aviko Crocchette Patata Gr.750"
        data-price="3.13"
        data-id="84248"
        data-available="no"
        data-category="431"
        data-bestselling="">
    <a href="../aviko-crocchette-patata-gr750.html">
        <div style="background-image: url('../../cdn.spesati.com/images/products/missing-image/missing-image.jpg')">
            <div class="hover"></div>
            
            <div class="stickers"></div>
        </div>
    </a>
    <div>
        <h4><a href="../aviko-crocchette-patata-gr750.html"><b>Aviko Crocchette Patata Gr.750</b></a></h4>
        <p class="description">0.75 Kg</p>
        <p class="right price"><b>3.13 €</b></p>
        <p class="right unitPrice">4.18 € per kg</p>
    </div>
    <div class="notAvailable">
    <a class="button bgDarkGrey white" href="../aviko-crocchette-patata-gr750.html">Not available</a>
</div>
</div><div class="left product prod71"
        data-name="Aviko Crocchette Patata 2.5kg"
        data-price="11.90"
        data-id="86290"
        data-available="no"
        data-category="6586"
        data-bestselling="">
    <a href="../aviko-crocchette-patata-25kg.html">
        <div style="background-image: url('../../cdn.spesati.com/images/products/missing-image/missing-image.jpg')">
            <div class="hover"></div>
            
            <div class="stickers"></div>
        </div>
    </a>
    <div>
        <h4><a href="../aviko-crocchette-patata-25kg.html"><b>Aviko Crocchette Patata 2.5kg</b></a></h4>
        <p class="description">2.5 Kg</p>
        <p class="right price"><b>11.90 €</b></p>
        <p class="right unitPrice">4.76 € per kg</p>
    </div>
    <div class="notAvailable">
    <a class="button bgDarkGrey white" href="../aviko-crocchette-patata-25kg.html">Not available</a>
</div>
</div><div class="left product prod72"
        data-name="Melanzane Grigl Regnoli 2kg"
        data-price="52.98"
        data-id="26971"
        data-available="no"
        data-category="6613"
        data-bestselling="">
    <a href="../melanzane-grigl-regnoli-2kg.html">
        <div style="background-image: url('../../cdn.spesati.com/images/products/missing-image/missing-image.jpg')">
            <div class="hover"></div>
            
            <div class="stickers"></div>
        </div>
    </a>
    <div>
        <h4><a href="../melanzane-grigl-regnoli-2kg.html"><b>Melanzane Grigl Regnoli 2kg</b></a></h4>
        <p class="description">2 Kg</p>
        <p class="right price"><b>52.98 €</b></p>
        <p class="right unitPrice">26.49 € per kg</p>
    </div>
    <div class="notAvailable">
    <a class="button bgDarkGrey white" href="../melanzane-grigl-regnoli-2kg.html">Not available</a>
</div>
</div><div class="left product prod73"
        data-name="Peperoni Arrostiti Regnoli 2kg"
        data-price="49.85"
        data-id="26973"
        data-available="no"
        data-category="6668"
        data-bestselling="">
    <a href="../peperoni-arrostiti-regnoli-2kg.html">
        <div style="background-image: url('../../cdn.spesati.com/images/products/missing-image/missing-image.jpg')">
            <div class="hover"></div>
            
            <div class="stickers"></div>
        </div>
    </a>
    <div>
        <h4><a href="../peperoni-arrostiti-regnoli-2kg.html"><b>Peperoni Arrostiti Regnoli 2kg</b></a></h4>
        <p class="description">2 Kg</p>
        <p class="right price"><b>49.85 €</b></p>
        <p class="right unitPrice">24.93 € per kg</p>
    </div>
    <div class="notAvailable">
    <a class="button bgDarkGrey white" href="../peperoni-arrostiti-regnoli-2kg.html">Not available</a>
</div>
</div><div class="left product prod74"
        data-name="Peperonata Mini Pack"
        data-price="7.64"
        data-id="33229"
        data-available="no"
        data-category="6668"
        data-bestselling="">
    <a href="../peperonata-mini-pack.html">
        <div style="background-image: url('../../cdn.spesati.com/images/products/missing-image/missing-image.jpg')">
            <div class="hover"></div>
            
            <div class="stickers"></div>
        </div>
    </a>
    <div>
        <h4><a href="../peperonata-mini-pack.html"><b>Peperonata Mini Pack</b></a></h4>
        <p class="description">1 piece</p>
        <p class="right price"><b>7.64 €</b></p>
        <p class="right unitPrice">7.64 € per piece</p>
    </div>
    <div class="notAvailable">
    <a class="button bgDarkGrey white" href="../peperonata-mini-pack.html">Not available</a>
</div>
</div><div class="left product prod75"
        data-name="Insalata Russa Vogliazzi 1kg"
        data-price="7.84"
        data-id="33873"
        data-available="no"
        data-category="5792"
        data-bestselling="">
    <a href="../insalata-russa-vogliazzi-1kg.html">
        <div style="background-image: url('../../cdn.spesati.com/images/products/missing-image/missing-image.jpg')">
            <div class="hover"></div>
            
            <div class="stickers"></div>
        </div>
    </a>
    <div>
        <h4><a href="../insalata-russa-vogliazzi-1kg.html"><b>Insalata Russa Vogliazzi 1kg</b></a></h4>
        <p class="description">1 Kg</p>
        <p class="right price"><b>7.84 €</b></p>
        <p class="right unitPrice">7.83 € per kg</p>
    </div>
    <div class="notAvailable">
    <a class="button bgDarkGrey white" href="../insalata-russa-vogliazzi-1kg.html">Not available</a>
</div>
</div><div class="left product prod76"
        data-name="Minestr. 13 Verd. Extra Kg.2,5"
        data-price="8.45"
        data-id="33987"
        data-available="no"
        data-category="431"
        data-bestselling="">
    <a href="../minestr-13-verd-extra-kg25.html">
        <div style="background-image: url('../../cdn.spesati.com/images/products/missing-image/missing-image.jpg')">
            <div class="hover"></div>
            
            <div class="stickers"></div>
        </div>
    </a>
    <div>
        <h4><a href="../minestr-13-verd-extra-kg25.html"><b>Minestr. 13 Verd. Extra Kg.2,5</b></a></h4>
        <p class="description">2.5 Kg</p>
        <p class="right price"><b>8.45 €</b></p>
        <p class="right unitPrice">3.38 € per kg</p>
    </div>
    <div class="notAvailable">
    <a class="button bgDarkGrey white" href="../minestr-13-verd-extra-kg25.html">Not available</a>
</div>
</div><div class="left product prod77"
        data-name="Zucchine Grigliate 1kg Trionfo"
        data-price="8.04"
        data-id="33993"
        data-available="no"
        data-category="431"
        data-bestselling="">
    <a href="../zucchine-grigliate-1kg-trionfo.html">
        <div style="background-image: url('../../cdn.spesati.com/images/products/missing-image/missing-image.jpg')">
            <div class="hover"></div>
            
            <div class="stickers"></div>
        </div>
    </a>
    <div>
        <h4><a href="../zucchine-grigliate-1kg-trionfo.html"><b>Zucchine Grigliate 1kg Trionfo</b></a></h4>
        <p class="description">1 Kg</p>
        <p class="right price"><b>8.04 €</b></p>
        <p class="right unitPrice">8.04 € per kg</p>
    </div>
    <div class="notAvailable">
    <a class="button bgDarkGrey white" href="../zucchine-grigliate-1kg-trionfo.html">Not available</a>
</div>
</div><div class="left product prod78"
        data-name="Fungo Porcino Intero 1kg"
        data-price="15.95"
        data-id="34010"
        data-available="no"
        data-category="6653"
        data-bestselling="">
    <a href="../fungo-porcino-intero-1kg.html">
        <div style="background-image: url('../../cdn.spesati.com/images/products/missing-image/missing-image.jpg')">
            <div class="hover"></div>
            
            <div class="stickers"></div>
        </div>
    </a>
    <div>
        <h4><a href="../fungo-porcino-intero-1kg.html"><b>Fungo Porcino Intero 1kg</b></a></h4>
        <p class="description">1 Kg</p>
        <p class="right price"><b>15.95 €</b></p>
        <p class="right unitPrice">15.94 € per kg</p>
    </div>
    <div class="notAvailable">
    <a class="button bgDarkGrey white" href="../fungo-porcino-intero-1kg.html">Not available</a>
</div>
</div><div class="left product prod79"
        data-name="Misto Bosco C-porcino 1kg"
        data-price="7.49"
        data-id="34013"
        data-available="no"
        data-category="6653"
        data-bestselling="">
    <a href="../misto-bosco-c-porcino-1kg.html">
        <div style="background-image: url('../../cdn.spesati.com/images/products/missing-image/missing-image.jpg')">
            <div class="hover"></div>
            
            <div class="stickers"></div>
        </div>
    </a>
    <div>
        <h4><a href="../misto-bosco-c-porcino-1kg.html"><b>Misto Bosco C-porcino 1kg</b></a></h4>
        <p class="description">1 Kg</p>
        <p class="right price"><b>7.49 €</b></p>
        <p class="right unitPrice">7.49 € per kg</p>
    </div>
    <div class="notAvailable">
    <a class="button bgDarkGrey white" href="../misto-bosco-c-porcino-1kg.html">Not available</a>
</div>
</div><div class="left product prod80"
        data-name="Mccain Patate Fritte Julienne"
        data-price="8.04"
        data-id="34020"
        data-available="no"
        data-category="6586"
        data-bestselling="">
    <a href="../mccain-patate-fritte-julienne.html">
        <div style="background-image: url('../../cdn.spesati.com/images/products/missing-image/missing-image.jpg')">
            <div class="hover"></div>
            
            <div class="stickers"></div>
        </div>
    </a>
    <div>
        <h4><a href="../mccain-patate-fritte-julienne.html"><b>Mccain Patate Fritte Julienne</b></a></h4>
        <p class="description">2.5 Kg</p>
        <p class="right price"><b>8.04 €</b></p>
        <p class="right unitPrice">3.21 € per kg</p>
    </div>
    <div class="notAvailable">
    <a class="button bgDarkGrey white" href="../mccain-patate-fritte-julienne.html">Not available</a>
</div>
</div><div class="left product prod81"
        data-name="Aglio E Prezz Tritato"
        data-price="1.69"
        data-id="34022"
        data-available="no"
        data-category="6620"
        data-bestselling="">
    <a href="../aglio-e-prezz-tritato.html">
        <div style="background-image: url('../../cdn.spesati.com/images/products/missing-image/missing-image.jpg')">
            <div class="hover"></div>
            
            <div class="stickers"></div>
        </div>
    </a>
    <div>
        <h4><a href="../aglio-e-prezz-tritato.html"><b>Aglio E Prezz Tritato</b></a></h4>
        <p class="description">0.03 Kg</p>
        <p class="right price"><b>1.69 €</b></p>
        <p class="right unitPrice">56.34 € per kg</p>
    </div>
    <div class="notAvailable">
    <a class="button bgDarkGrey white" href="../aglio-e-prezz-tritato.html">Not available</a>
</div>
</div><div class="left product prod82"
        data-name="Prezzemolo Tritato"
        data-price="1.69"
        data-id="34023"
        data-available="no"
        data-category="4608"
        data-bestselling="">
    <a href="../prezzemolo-tritato.html">
        <div style="background-image: url('../../cdn.spesati.com/images/products/missing-image/missing-image.jpg')">
            <div class="hover"></div>
            
            <div class="stickers"></div>
        </div>
    </a>
    <div>
        <h4><a href="../prezzemolo-tritato.html"><b>Prezzemolo Tritato</b></a></h4>
        <p class="description">0.03 Kg</p>
        <p class="right price"><b>1.69 €</b></p>
        <p class="right unitPrice">56.34 € per kg</p>
    </div>
    <div class="notAvailable">
    <a class="button bgDarkGrey white" href="../prezzemolo-tritato.html">Not available</a>
</div>
</div>        </div>
    </div>
</section>
<div class="footer">
    <div class="bgDarkGrey"></div>
    <footer>
        <div class="left bgDarkGrey">
            <a id="logoFooter" href="../index.html" class="estDynamic">
                <img src="../../cdn.spesati.com/images/layout/logo-eng.png" alt="Spesati.com" />
                <h2 class="red">Grocery Delivery</h2>
            </a>
            <a class="button bgRed white mobile" href="tel:390707968318">Phone order</a>
            <a class="button bgRed white desktop" href="../news/2020-04-07/news-on-spesati-the-telephone-order-service-is-active.html">Phone order</a>
            <a class="button bgRed white" href="../cdn-cgi/l/email-protection.html#b7ded9d1d8f7c4c7d2c4d6c3de99d4d8da">Send mail</a>
            <div id="social">
                <a class="left" href="https://www.facebook.com/spesati/" rel="external" target="_blank">
                    <span class="facebook bgRed fa-stack fa-lg">
                        <i class="fa fa-facebook fa-stack-1x "></i>
                    </span>
                </a>
                <a class="right" href="https://twitter.com/spesati" rel="external" target="_blank">
                    <span class="twitter bgRed fa-stack fa-lg">
                        <i class="fa fa-twitter fa-stack-1x "></i>
                    </span>
                </a>
            </div>
            <p>Copyright 2024 Spesati.com </p>
            
                    <p>All rights reserved</p>
                    <p>SPESATI SRL</p>
                    <p>Corso Vittorio Veneto 15/I, 07026, Olbia</p>
                    <p>CF e P.Iva: 02772380909</p>
                        </div>
        <div class="center bgRed">
            <div class="top">
                <h3>Categories</h3>
                <div class="col">
                    <ul>
                        <li>
                            <a href="#" class="estDynamic">On sale</a>
                        </li>
                        <li>
                            <a href="../fruit-and-vegetables.html" class="estDynamic">Fruit and vegetables</a>
                        </li>
                        <li>
                            <a href="../fresh-products.html" class="estDynamic">Fresh products</a>
                        </li>
                        <li>
                            <a href="../frozen-foods.html" class="estDynamic">Frozen foods</a>
                        </li>
                        <li>
                            <a href="../bread-and-pasta.html" class="estDynamic">Bread and pasta</a>
                        </li>
                        <li>
                            <a href="../meat.html" class="estDynamic">Meat</a>
                        </li>
                        <li>
                            <a href="../fish.html" class="estDynamic">Fish</a>
                        </li>
                    </ul>
                </div>
                <div class="col">
                    <ul>
                        <li>
                            <a href="../wine-beer-and-spirits.html" class="estDynamic">Wine beer and spirits</a>
                        </li>
                        <li>
                            <a href="../water-and-drinks.html" class="estDynamic">Water and drinks</a>
                        </li>
                        <li>
                            <a href="../sweets.html" class="estDynamic">Sweets</a>
                        </li>
                        <li>
                            <a href="../shelf.html" class="estDynamic">Cupboard</a>
                        </li>
                        <li>
                            <a href="../personal-care.html" class="estDynamic">Personal care</a>
                        </li>
                        <li>
                            <a href="../household-and-outdoors.html" class="estDynamic">Home and outdoors</a>
                        </li>
                        <li>
                            <a href="../pet.html" class="estDynamic">Pets</a>
                        </li>
                    </ul>
                </div>
                <div class="col">
                    <ul>
                        <li>
                            <a href="../technology.html" class="estDynamic">Technology</a>
                        </li>
                        <li>
                            <a href="../gluten-free.html" class="estDynamic">Gluten free</a>
                        </li>
                        <li>
                            <a href="../lactose-free.html" class="estDynamic">Lactose free</a>
                        </li>
                        <li>
                            <a href="../special.html" class="estDynamic">Special</a>
                        </li>
                        <li>
                            <a href="../sardinian-products.html" class="estDynamic">Sardinian products</a>
                        </li>
                    </ul>
                </div>
            </div>
            <div class="bottom bgRed">
                <div class="left">
                    <h3>Delivery payment</h3>
                    <div>
                        <i class="fa fa-money fa-3x" aria-hidden="true"></i>
                        <p>Cash</p>
                    </div>
                    <div>
                        <i class="fa fa-credit-card fa-3x" aria-hidden="true"></i>
                        <p>Bancomat or card</p>
                    </div>
                </div>
                <div class="right">
                    <h3>Online payment</h3>
                    <div>
                        <i class="fa fa-credit-card fa-3x" aria-hidden="true"></i>
                        <p>Credit or debit card <span class="red">online</span></p>
                    </div>
                    <div>
                        <i class="fa fa-paypal fa-3x" aria-hidden="true"></i>
                        <p>PayPal</p>
                    </div>
                    <div>
                        <i class="fa fa-university fa-3x" aria-hidden="true"></i>
                        <p>Bank transfer</p>
                    </div>
                </div>
            </div>
        </div>
        <div class="right bgRed">
            <div>
                <i class="fa fa-truck fa-flip-horizontal"></i>
                <a class="button bgYellow white" href="../delivery-prices.html">Delivery prices</a>
                
                    <h3>Home delivery:</h3>
                    <p><b>Monday to Saturday</b></p>
                    <p><b>9:00 to 20:00</b></p>
                    <p><b>Minimum order:</b> 29€</p>
                    <p><b>Delivery starting from:</b> 3,50€</p>
                            </div>
            <ul>
                <li>
                    <a href="../delivery-prices.html">Delivery prices</a>
                </li>
                <li>
                    <a href="../about.html">About</a>
                </li>
                <li>
                    <a href="../faq.html">Faq</a>
                </li>
                <li>
                    <a href="../customer-care.html">Support</a>
                </li>
                <li>
                    <a href="../news.html">Blog</a>
                </li>
                <li>
                    <a href="../terms-and-conditions.html">Conditions</a>
                </li>
                <li>
                    <a href="../privacy-policy.html">Privacy policy</a>
                </li>
                <li>
                    <a href="../legal-warranty.html">Legal guarantee</a>
                </li>
            </ul>
        </div>
    </footer>
    <div class="bgRed"></div>
</div>
<!--Start of Tawk.to Script-->
<script data-cfasync="false" src="../cdn-cgi/scripts/5c5dd728/cloudflare-static/email-decode.min.js"></script><script type="text/javascript">
var Tawk_API=Tawk_API||{}, Tawk_LoadStart=new Date();
(function(){
var s1=document.createElement("script"),s0=document.getElementsByTagName("script")[0];
s1.async=true;
s1.src='https://embed.tawk.to/59e86945c28eca75e4626ed9/default';
s1.charset='UTF-8';
s1.setAttribute('crossorigin','*');
s0.parentNode.insertBefore(s1,s0);
})();
</script>
<!--End of Tawk.to Script-->

<!-- Here are parked a few translatable strings, useful for Javascript rendering -->
<div id="js-texts" hidden>
    <input type="hidden" name="save_cart_notice" value="Saving your cart it will be possible to reload it next time you come for shopping">
    <input type="hidden" name="save_cart_notice_title" value="Want to save your cart?">
    <input type="hidden" name="save_cart_ok" value="Save">
    <input type="hidden" name="save_cart_ko" value="Don't Save">
    <input type="hidden" name="reload_cart" value="The Reload Order function allows you to top up your last cart to make a New Order. Warning: do not use this function to add products to the last order. At this time it is not possible to modify an order placed previously.">
</div>

<!-- new site and login popup -->
</body>
<!-- Mirrored from www.spesati.com/frozen-foods/vegetables by HTTrack Website Copier/3.x [XR&CO'2014], Fri, 23 Feb 2024 17:48:20 GMT -->
</html>