<!DOCTYPE html><html lang="en">
<!-- Mirrored from www.spesati.com/water-and-drinks/fizzy-drinks by HTTrack Website Copier/3.x [XR&CO'2014], Fri, 23 Feb 2024 18:19:42 GMT -->
<!-- Added by HTTrack --><meta http-equiv="content-type" content="text/html;charset=utf-8" /><!-- /Added by HTTrack -->
<head>
    <title>Fizzy drinks - Water and drinks - Spesati.com</title>
    <meta http-equiv="Content-Type" content="text/html; charset=UTF-8" />
    <meta name="description" content="" />
    <meta name="keywords" content="" />
    <link href="../images/favicon.ico" rel="shortcut icon" type="image/x-icon" />
    <meta name="author" content="www.dodify.com" /><link rel="canonical" href="fizzy-drinks.html" /><link rel="alternate" hreflang="en" href="fizzy-drinks.html" /><link rel="alternate" hreflang="it" href="https://www.spesati.it/acqua-e-bibite/bibite-gassate" /><link href="../../cdnjs.cloudflare.com/ajax/libs/meyer-reset/2.0/reset.min.css" rel="stylesheet" type="text/css" /><link href="../../cdnjs.cloudflare.com/ajax/libs/font-awesome/6.5.1/css/all.min.css" rel="stylesheet" type="text/css" /><link href="https://fonts.googleapis.com/css?family=Montserrat:400,700" rel="stylesheet" type="text/css" /><link href="../../cdnjs.cloudflare.com/ajax/libs/fancybox/2.1.5/jquery.fancybox.min.css" rel="stylesheet" type="text/css" /><link href="../style/mainbea6.css?v=7" rel="stylesheet" type="text/css" /><link href="../style/lightslider.css" rel="stylesheet" type="text/css" /><link href="../style/categories.css" rel="stylesheet" type="text/css" /><script src="../../cdnjs.cloudflare.com/ajax/libs/jquery/3.6.1/jquery.min.js" type="text/javascript"></script><script src="../../ajax.googleapis.com/ajax/libs/jquery/1.11.0/jquery.min.js" type="text/javascript"></script><script src="http://unpkg.com/@floating-ui/core@0.4.0" type="text/javascript"></script><script src="http://unpkg.com/@floating-ui/dom@0.2.0" type="text/javascript"></script><script src="../../cdnjs.cloudflare.com/ajax/libs/fancybox/2.1.5/jquery.fancybox.min.js" type="text/javascript"></script><script src="../js/menu.js" type="text/javascript"></script><script src="../js/interfaceb6f5.js?v=10" type="text/javascript"></script><script src="../js/spesati.lightslider.min.js" type="text/javascript"></script><meta name="viewport" content="width=device-width, initial-scale=1, maximum-scale=1" /><meta name = "format-detection" content = "telephone=no">
<!-- Facebook Pixel Code -->
<script>
  !function(f,b,e,v,n,t,s)
  {if(f.fbq)return;n=f.fbq=function(){n.callMethod?
  n.callMethod.apply(n,arguments):n.queue.push(arguments)};
  if(!f._fbq)f._fbq=n;n.push=n;n.loaded=!0;n.version='2.0';
  n.queue=[];t=b.createElement(e);t.async=!0;
  t.src=v;s=b.getElementsByTagName(e)[0];
  s.parentNode.insertBefore(t,s)}(window, document,'script',
  '../../connect.facebook.net/en_US/fbevents.js');
  fbq('init', '792335014180667');
  fbq('track', 'PageView');
</script>
<noscript>
    <img height="1" width="1" style="display:none" src="https://www.facebook.com/tr?id=792335014180667&amp;ev=PageView&amp;noscript=1" />
</noscript>
<!-- End Facebook Pixel Code -->

<!-- GA4 -->
<script async src="https://www.googletagmanager.com/gtag/js?id=G-SSS6NRNXL0"></script>
<script>
  window.dataLayer = window.dataLayer || [];
  function gtag(){dataLayer.push(arguments);}
  gtag('js', new Date());
  gtag('config', 'AW-976671669');
  gtag('config', 'G-SSS6NRNXL0');
</script>
<!-- Elements for PWA deploy -->
<link rel="manifest" href="../manifest.json">
<meta name="theme-color" media="(prefers-color-scheme: light)" content="white">
<meta name="theme-color" media="(prefers-color-scheme: dark)"  content="black">
<link href=../images/icon-192.png rel=apple-touch-icon sizes="192x192">
<!-- Establishment logic -->
<script>var pageEstablishment = "Olbia"; var estDefaultPages = true</script>
    <!--[if lt IE 9]>
        <script src="https://cdnjs.cloudflare.com/ajax/libs/html5shiv/3.7.3/html5shiv.min.js" type="text/javascript"></script>
    <![endif]--><script type="text/javascript">
$(document).ready(function() {
    // Check if exists cookie
    if(document.cookie.indexOf("cookieAccepted") < 0) {
        var cookieText = '<div id=\"cookie\"><p>This site uses cookies. Cookies are used for ads personalisation. <a href=\"/privacy-policy\">More info</a></p><button id=\"cookieConsent\" type=\"button\">Accept</button></div>';
        $("body").append($(
            cookieText
        ));
        $('#cookie').css({
            'width'           : '100%',
            'text-align'      : 'center',
            'color'           : '#FFFFFF',
            'background-color': '#000000', 
            'opacity'         : '.8', 
            'position'        : 'fixed', 
            'bottom'          : '0',
            'padding'         : '.5em 0',
            'z-index'         : '999'
        });
        $('#cookie > *').css({
            'display': 'inline'
        });
        $('#cookie a').css({
            'color'          : '#FFFFFF',
            'text-decoration': 'underline',
            'margin-right'   : '2%'
        });
        $('#cookieConsent').click(function() {
            // Set cookie
            var expiry = new Date();
            expiry.setTime(expiry.getTime() + (365 * 24 * 60 * 60 * 1000));
            document.cookie = "cookieAccepted=yes; expires=" + expiry.toGMTString() + "; path=/; domain=.spesati.com";
            $('#cookie').css({'display': 'none'});
        });
    }
});
</script></head><body><script type="text/javascript">
    var addText = "Add";
    var slider  = null;
    $(document).ready(function() {
        slider = $('#cartSlider').lightSlider({
            controls: false,
            item:13,
            loop:false,
            slideMove:1,
            easing: 'cubic-bezier(0.25, 0, 0.25, 1)',
            speed:600,
            responsive : [
                {
                    breakpoint:1400,
                    settings: {
                        item:12,
                        slideMove:1,
                    }
                },
                {
                    breakpoint:1200,
                    settings: {
                        item:11,
                        slideMove:1,
                    }
                },
                {
                    breakpoint:1080,
                    settings: {
                        item:14,
                        slideMove:1,
                    }
                },
                {
                    breakpoint:800,
                    settings: {
                        item:12,
                        slideMove:1,
                    }
                }
            ]
        });
        $('.lSPager').css("display","none");
        $('.lSAction').css("display","block");
        $('#goToPrevSlide').on('click', function () {
            slider.goToPrevSlide();
        });
        $('#goToNextSlide').on('click', function () {
            slider.goToNextSlide();
        });
    });

</script>
<div id="header" class="bgYellow">
    <header>
        <a class="menu" href="#"><i class="fa red fa-bars fa-2x"></i></a>
        <a id="logo" class="colLeft estDynamic" href="../index.html">
            <img src="../../cdn.spesati.com/images/layout/logo-eng.png" alt="Spesati.com" />
            <h2 class="red">Grocery Delivery</h2>
        </a>
        <div class="colRight">
            <div id="controls" class="right">
                <p id="establishmentControls">
                    <span class="establishmentWarning"><i class="fa-solid fa-triangle-exclamation red" title="Stai visualizzando i prodotti disponibili in una zona diversa. Se vuoi cambiare zona, cliccan qui"></i>&nbsp;&nbsp;</span>
                    Shopping from <b><a id="establishment" href="#"></a></b> <span id="estAddress">for </span> <a href="../change-establishment.html">(<i class="fa-solid fa-pencil"></i> Change)</a> <span class="establishmentWarning">but viewing <b>Olbia</b></span>
                </p>
                <p><a href="https://www.spesati.it/acqua-e-bibite/bibite-gassate" class="black switch-site">Versione italiana</a></p>                
            </div>
            <div>
                <form id="search" action="https://www.spesati.com/search" method="post" class="left">
                    <fieldset>
                        <div>
                            <input type="text" name="searchBox" id="searchBox" placeholder="Search for a product"></input>
                            <input id="searchButton" type="submit" name="searchButton" class="button bgRed white left" value="Find" />
                        </div>
                    </fieldset>
                </form>
                <div class="center left">
                    <a class="button bgRed white log-in" href="../login.html">Login</a>
                    <a class="button bgRed white sign-up" href="../sign-up.html">Sign up</a>
                    <a class="button bgRed white profile" href="../profile.html">Profile</a>
                    <a class="button bgRed white log-out" href="../index.html" data-endpoint-check-cart="https://api.spesati.com/cart/check">Logout</a>
                </div>
                <div class="right user-function-icons">
                    <a class="red left account"><i class="fa fa-user fa-3x"></i></a>
                    <div id="dropdown">
                        <a class="log-in button bgRed white" href="../login.html">Login</a>
                        <a class="sign-up button bgRed white" href="../sign-up.html">Sign up</a>
                        <a class="profile button bgRed white" href="../profile.html">Profile</a>
                        <a class="log-out button bgRed white" href="../index.html">Logout</a>
                    </div>

                    <div class="cart left">
                        <i class="fa fa-sm fa-shopping-cart red" aria-hidden="true" id="shipping-cart-button"></i>
                        <p id="cartQuantity"></p>
                    </div>

                    <a class="right" href="../cart.html"><p class="black" id="cartTotal"></p></a>
                </div>
            </div>
                            <div id="previewCart">
                    <i id="goToPrevSlide" class="yellow fa fa-angle-left fa-2x" aria-hidden="true"></i>
                    <div><ul id="cartSlider"></ul></div>
                    <i id="goToNextSlide" class="yellow fa fa-angle-right fa-2x" aria-hidden="true"></i>
                </div>
                    </div>
    </header>

    <div id="shipping-cart-options" data-inited="false">
        <a href="../cart.html" class="goto-cart">checkout</a>
        <a href="#" data-endpoint-auth="https://api.spesati.com/cart/save" data-endpoint-noauth="/login" class="save-cart">save</a>
        <a href="#" data-endpoint-auth="https://api.spesati.com/cart/load" class="load-cart">load</a>
    </div>
</div>
<div id="menuCategoriesMobile" class="mobile bgRed">
    <div class="closeMenu">
        <i class="fa fa-times fa-2x white"></i>
        Close
    </div>
    <ul class="bgRed white">
        <div id="langMobile" class="right">
        <a href="https://www.spesati.it/acqua-e-bibite/bibite-gassate" class="white switch-site"><p>Versione italiana</p></a>    </div>
        <li><a>Categories</a>
            <ul class="bgWhite">
                <li>
                    <img src="../../cdn.spesati.com/images/menu/on-sale.png"/>
                    On sale                    <i class="fa fa-angle-down" aria-hidden="true"></i>
                    <ul class="sub-menu">
                    <li>
    <a href="../tacchino-fesa-a-fette.html">Tacchino Fesa A Fette</a>
</li><li>
    <a href="../amaro-montenegro-15lt.html">Amaro Montenegro 1,5lt</a>
</li><li>
    <a href="../carbone-di-legna-sacco-10kg.html">Carbone Di Legna Sacco 10Kg</a>
</li><li>
    <a href="../filu-e-ferru-silvio-carta-70cl.html">Filu E Ferru Silvio Carta 70Cl</a>
</li><li>
    <a href="../braciole-suino-con-cotenna.html">Braciole Suino Con Cotenna</a>
</li><li>
    <a href="../bovino-adulto-polpa.html">Bovino Adulto Polpa</a>
</li><li>
    <a href="../vino-la-palma-cannonau-le-bombarde.html">Vino La Palma Cannonau Le Bombarde</a>
</li><li>
    <a href="../fettine-sceltissime-bovino-adulto.html">Fettine Sceltissime Bovino Adulto</a>
</li><li>
    <a href="../suino-fettine-scelte.html">Suino Fettine Scelte</a>
</li><li>
    <a href="../lavazza-caffe-qualita-rossa-2x250gr.html">Lavazza Caffé Qualità Rossa 2x250gr</a>
</li>                        <li>
                            <a class="estDynamic" href="../on-offer.html">All products on sale</a>
                        </li>
                    </ul>
                </li>
                <li>
                    <img src="../../cdn.spesati.com/images/menu/gift.png"/>
                    Gifts                    <i class="fa fa-angle-down" aria-hidden="true"></i>
                    <ul class="sub-menu">
                        <li>
    <a href="../gift-card-da-150.html">Gift Card Da 150</a>
</li><li>
    <a href="../gift-card-da-100.html">Gift Card Da 100</a>
</li><li>
    <a href="../gift-card-da-50.html">Gift Card Da 50</a>
</li><li>
    <a href="../gift-card-da-25.html">Gift Card Da 25</a>
</li>                        <li>
                            <a class="estDynamic" href="../gift.html">All products in the gifts category</a>
                        </li>
                    </ul>
                </li>
                <li>
                    <img src="../../cdn.spesati.com/images/menu/gift-card.png"/>
                    Gift card and discounts                    <i class="fa fa-angle-down" aria-hidden="true"></i>
                    <ul class="sub-menu">
                        <li>
    <a href="../gift-card-da-150.html">Gift Card Da 150</a>
</li><li>
    <a href="../gift-card-da-100.html">Gift Card Da 100</a>
</li><li>
    <a href="../gift-card-da-50.html">Gift Card Da 50</a>
</li><li>
    <a href="../gift-card-da-25.html">Gift Card Da 25</a>
</li>                    </ul>
                </li>
                <li>
                    <img src="../../cdn.spesati.com/images/menu/fuit-and-vegetables.png"/>
                    Fruit and vegetables                    <i class="fa fa-angle-down" aria-hidden="true"></i>
                    <ul class="sub-menu">
                        <li>
                            <a class="estDynamic" href="../fruit-and-vegetables/pulses-and-beans.html">Cereals and pulses and beans</a>
                        </li>
                        <li>
                            <a class="estDynamic" href="../fruit-and-vegetables/fruit.html">Fruit</a>
                        </li>
                        <li>
                            <a class="estDynamic" href="../fruit-and-vegetables/canned-fruit.html">Canned fruit</a>
                        </li>
                        <li>
                            <a class="estDynamic" href="../fruit-and-vegetables/dried-fruit.html">Dried fruit</a>
                        </li>
                        <li>
                            <a class="estDynamic" href="../fruit-and-vegetables/ready-salads.html">Ready salads</a>
                        </li>
                        <li>
                            <a class="estDynamic" href="../fruit-and-vegetables/fresh-spices.html">Fresh spices</a>
                        </li>
                        <li>
                            <a class="estDynamic" href="../fruit-and-vegetables/vegetables.html">Vegetables and soy</a>
                        </li>
                    </ul>
                </li>
                <li>
                    <img src="../../cdn.spesati.com/images/menu/fresh-products.png"/>
                    Fresh products                    <i class="fa fa-angle-down" aria-hidden="true"></i>
                    <ul class="sub-menu">
                        <li>
                            <a class="estDynamic" href="../fresh-products/margarine-and-butter.html">Butter and margarine</a>
                        </li>
                        <li>
                            <a class="estDynamic" href="../fresh-products/danone.html">Danone</a>
                        </li>
                        <li>
                            <a class="estDynamic" href="../fresh-products/dessert.html">Dessert</a>
                        </li>
                        <li>
                            <a class="estDynamic" href="../fresh-products/sweets.html">Sweets</a>
                        </li>
                        <li>
                            <a class="estDynamic" href="../fresh-products/dairy-products.html">Dairy product</a>
                        </li>
                        <li>
                            <a class="estDynamic" href="../fresh-products/bakery.html">Yeast</a>
                        </li>
                        <li>
                            <a class="estDynamic" href="../fresh-products/mascarpone.html">Mascarpone</a>
                        </li>
                        <li>
                            <a class="estDynamic" href="../fresh-products/snacks.html">Snacks</a>
                        </li>
                        <li>
                            <a class="estDynamic" href="../fresh-products/mozzarella.html">Mozzarella</a>
                        </li>
                        <li>
                            <a class="estDynamic" href="../fresh-products/pasta.html">Pasta</a>
                        </li>
                        <li>
                            <a class="estDynamic" href="../fresh-products/pesto-and-sauces.html">Pesto and sauces</a>
                        </li>
                        <li>
                            <a class="estDynamic" href="../fresh-products/ricotta-and-cheese.html">Ricotta and cheese</a>
                        </li>
                        <li>
                            <a class="estDynamic" href="../fresh-products/cured-meat.html">Cured meat</a>
                        </li>
                        <li>
                            <a class="estDynamic" href="../fresh-products/wurstel.html">Würstel</a>
                        </li>
                        <li>
                            <a class="estDynamic" href="../fresh-products/yogurt.html">Yogurt</a>
                        </li>
                    </ul>
                </li>
                <li>
                    <img src="../../cdn.spesati.com/images/menu/frozen-foods.png"/>
                    Frozen foods                    <i class="fa fa-angle-down" aria-hidden="true"></i>
                    <ul class="sub-menu">
                        <li>
                            <a class="estDynamic" href="../frozen-foods/meat.html">Meat</a>
                        </li>
                        <li>
                            <a class="estDynamic" href="../frozen-foods/ice-creams.html">Ice cream and sweet</a>
                        </li>
                        <li>
                            <a class="estDynamic" href="../frozen-foods/pasta.html">Pasta</a>
                        </li>
                        <li>
                            <a class="estDynamic" href="../frozen-foods/fish.html">Fish</a>
                        </li>
                        <li>
                            <a class="estDynamic" href="../frozen-foods/ready-meals.html">Ready meals</a>
                        </li>
                        <li>
                            <a class="estDynamic" href="../frozen-foods/pizzas.html">Pizzas</a>
                        </li>
                        <li>
                            <a class="estDynamic" href="../frozen-foods/vegetables.html">Vegetables and soy</a>
                        </li>
                    </ul>
                </li>
                <li>
                    <img src="../../cdn.spesati.com/images/menu/bread-and-pasta.png"/>
                    Bread and pasta                    <i class="fa fa-angle-down" aria-hidden="true"></i>
                    <ul class="sub-menu">
                        <li>
                            <a class="estDynamic" href="../bread-and-pasta/crackers.html">Crackers</a>
                        </li>
                        <li>
                            <a class="estDynamic" href="../bread-and-pasta/rusks.html">Rusks</a>
                        </li>
                        <li>
                            <a class="estDynamic" href="../bread-and-pasta/white-bread.html">White bread</a>
                        </li>
                        <li>
                            <a class="estDynamic" href="../bread-and-pasta/local-bread.html">Local bread</a>
                        </li>
                        <li>
                            <a class="estDynamic" href="../bread-and-pasta/soft-bread.html">Soft bread</a>
                        </li>
                        <li>
                            <a class="estDynamic" href="../bread-and-pasta/sardinian-bread.html">Sardinian bread</a>
                        </li>
                        <li>
                            <a class="estDynamic" href="../bread-and-pasta/bakery.html">Bakery</a>
                        </li>
                        <li>
                            <a class="estDynamic" href="../bread-and-pasta/pasta.html">Pasta</a>
                        </li>
                        <li>
                            <a class="estDynamic" href="../bread-and-pasta/fresh-pasta.html">Fresh pasta</a>
                        </li>
                    </ul>
                </li>
                <li>
                    <img src="../../cdn.spesati.com/images/menu/meat.png"/>
                    Meat                    <i class="fa fa-angle-down" aria-hidden="true"></i>
                    <ul class="sub-menu">
                        <li>
                            <a class="estDynamic" href="../meat/beef.html">Beef</a>
                        </li>
                        <li>
                            <a class="estDynamic" href="../meat/goat.html">Goat</a>
                        </li>
                        <li>
                            <a class="estDynamic" href="../meat/packaged-meat.html">Packaged meat</a>
                        </li>
                        <li>
                            <a class="estDynamic" href="../meat/rabbit.html">Rabbit</a>
                        </li>
                        <li>
                            <a class="estDynamic" href="../meat/horse.html">Horse</a>
                        </li>
                        <li>
                            <a class="estDynamic" href="../meat/pork.html">Pork</a>
                        </li>
                        <li>
                            <a class="estDynamic" href="../meat/lamb.html">Lamb</a>
                        </li>
                        <li>
                            <a class="estDynamic" href="../meat/poultry.html">Poultry</a>
                        </li>
                    </ul>
                </li>
                <li>
                    <img src="../../cdn.spesati.com/images/menu/fish.png"/>
                    Fish                    <i class="fa fa-angle-down" aria-hidden="true"></i>
                    <ul class="sub-menu">
                        <li>
                            <a class="estDynamic" href="../fish/fresh-water.html">Fresh water</a>
                        </li>
                        <li>
                            <a class="estDynamic" href="../fish/salt-water.html">Salt water</a>
                        </li>
                        <li>
                            <a class="estDynamic" href="../fish/mussels.html">Mussels</a>
                        </li>
                        <li>
                            <a class="estDynamic" href="../fish/dried-and-salted.html">Dried and salted</a>
                        </li>
                        <li>
                            <a class="estDynamic" href="../fish/seafood-salad.html">Seafood salad</a>
                        </li>
                        <li>
                            <a class="estDynamic" href="../fish/prepared.html">Prepared</a>
                        </li>
                        <li>
                            <a class="estDynamic" href="../fish/specialty.html">Specialty</a>
                        </li>   
                        <li>
                            <a class="estDynamic" href="../fish/tuna-and-salmon.html">Tuna and salmon</a>
                        </li>
                    </ul>
                </li>
                <li>
                    <img src="../../cdn.spesati.com/images/menu/alcohol.png"/>
                    Wine beer and spirits                    <i class="fa fa-angle-down" aria-hidden="true"></i>
                    <ul class="sub-menu">
                        <li>
                            <a class="estDynamic" href="../wine-beer-and-spirits/spirits-and-liquors.html">Alcohol</a>
                        </li>
                        <li>
                            <a class="estDynamic" href="../wine-beer-and-spirits/bitters.html">Bitters</a>
                        </li>
                        <li>
                            <a class="estDynamic" href="../wine-beer-and-spirits/aperatif.html">Aperatifs</a>
                        </li>
                        <li>
                            <a class="estDynamic" href="../wine-beer-and-spirits/beer.html">Beer</a>
                        </li>
                        <li>
                            <a class="estDynamic" href="../wine-beer-and-spirits/creams.html">Creams</a>
                        </li>
                        <li>
                            <a class="estDynamic" href="../wine-beer-and-spirits/spirits.html">Spirits</a>
                        </li>
                        <li>
                            <a class="estDynamic" href="../wine-beer-and-spirits/liquors.html">Liquors</a>
                        </li>
                        <li>
                            <a class="estDynamic" href="../wine-beer-and-spirits/white-wine.html">White wine</a>
                        </li>
                        <li>
                            <a class="estDynamic" href="../wine-beer-and-spirits/prosecco-wine.html">Prosecco wine</a>
                        </li>
                        <li>
                            <a class="estDynamic" href="../wine-beer-and-spirits/rose-wine.html">Rose wine</a>
                        </li>
                        <li>
                            <a class="estDynamic" href="../wine-beer-and-spirits/red-wine.html">Red wine</a>
                        </li>
                        <li>
                            <a class="estDynamic" href="../wine-beer-and-spirits/specialty-wine.html">Special wine</a>
                        </li>
                        <li>
                            <a class="estDynamic" href="../wine-beer-and-spirits/sparkling-wine.html">Sparkling wine</a>
                        </li>
                        <li>
                            <a class="estDynamic" href="../wine-beer-and-spirits/vermentino-wine.html">Vermentino wine</a>
                        </li>
                    </ul>
                </li>
                <li>
                    <img src="../../cdn.spesati.com/images/menu/water-and-drinks.png"/>
                    Water and drinks                    <i class="fa fa-angle-down" aria-hidden="true"></i>
                    <ul class="sub-menu">
                        <li>
                            <a class="estDynamic" href="san-martino.html">San Martino</a>
                        </li>
                        <li>
                            <a class="estDynamic" href="water.html">Water</a>
                        </li>
                        <li>
                            <a class="estDynamic" href="alpro.html">Alpro</a>
                        </li>
                        <li>
                            <a class="estDynamic" href="fizzy-drinks.html">Fizzy drinks</a>
                        </li>
                        <li>
                            <a class="estDynamic" href="coca-cola.html">Coca-Cola</a>
                        </li>
                        <li>
                            <a class="estDynamic" href="energy-drink.html">Energy drink</a>
                        </li>
                        <li>
                            <a class="estDynamic" href="syrups.html">Syrups</a>
                        </li>
                        <li>
                            <a class="estDynamic" href="supplements.html">Supplements</a>
                        </li>
                        <li>
                            <a class="estDynamic" href="instant-drinks.html">Instant drinks</a>
                        </li>
                        <li>
                            <a class="estDynamic" href="juice.html">Juice</a>
                        </li>
                        <li>
                            <a class="estDynamic" href="tea.html">Tea</a>
                        </li>
                    </ul>
                </li>
                <li>
                    <img src="../../cdn.spesati.com/images/menu/sweets.png"/>
                    Sweets                    <i class="fa fa-angle-down" aria-hidden="true"></i>
                    <ul class="sub-menu">
                        <li>
                            <a class="estDynamic" href="../sweets/bars-and-snacks.html">Bars and snacks</a>
                        </li>
                        <li>
                            <a class="estDynamic" href="../sweets/biscuits.html">Biscuits</a>
                        </li>
                        <li>
                            <a class="estDynamic" href="../sweets/brioches.html">Brioches</a>
                        </li>
                        <li>
                            <a class="estDynamic" href="../sweets/candy-and-chewing-gum.html">Candy and chewing gum</a>
                        </li>
                        <li>
                            <a class="estDynamic" href="../sweets/cereals.html">Cereals</a>
                        </li>
                        <li>
                            <a class="estDynamic" href="../sweets/chocolate.html">Chocolate</a>
                        </li>
                        <li>
                            <a class="estDynamic" href="../sweets/spreadable-creams.html">Spreads</a>
                        </li>
                        <li>
                            <a class="estDynamic" href="../sweets/dessert-toppings.html">Dessert toppings</a>
                        </li>
                        <li>
                            <a class="estDynamic" href="../sweets/jam.html">Jam</a>
                        </li>
                        <li>
                            <a class="estDynamic" href="../sweets/honey.html">Honey</a>
                        </li>
                        <li>
                            <a class="estDynamic" href="../sweets/panettoni-and-pandoro.html">Panettone and pandoro</a>
                        </li>
                        <li>
                            <a class="estDynamic" href="../sweets/pastry.html">Pastry</a>
                        </li>
                        <li>
                            <a class="estDynamic" href="../sweets/instant-dessert.html">Prepared</a>
                        </li>
                        <li>
                            <a class="estDynamic" href="../sweets/cakes-and-pies.html">Cakes and pies</a>
                        </li>
                        <li>
                            <a class="estDynamic" href="../sweets/easter-eggs-and-doves.html">Easter eggs and doves</a>
                        </li>
                    </ul>
                </li>
                <li>
                    <img src="../../cdn.spesati.com/images/menu/shelf.png"/>
                    Cupboard                    <i class="fa fa-angle-down" aria-hidden="true"></i>
                    <ul class="sub-menu">
                        <li>
                            <a class="estDynamic" href="../shelf/coffee.html">Coffee</a>
                        </li>
                        <li>
                            <a class="estDynamic" href="../shelf/gift-baskets.html">Gift baskets</a>
                        </li>
                        <li>
                            <a class="estDynamic" href="../shelf/stock-cubes.html">Nuts and preparations</a>
                        </li>
                        <li>
                            <a class="estDynamic" href="../shelf/flour-and-baking.html">Flour and baking</a>
                        </li>
                        <li>
                            <a class="estDynamic" href="../shelf/milk.html">Milk</a>
                        </li>
                        <li>
                            <a class="estDynamic" href="../shelf/oil-salt-vinegar.html">Oil, vinegar and salt</a>
                        </li>
                        <li>
                            <a class="estDynamic" href="../shelf/cream-and-bechamel.html">Cream and bechamel</a>
                        </li>
                        <li>
                            <a class="estDynamic" href="../shelf/crisps-and-pretzels.html">Crisps and pretzels</a>
                        </li>
                        <li>
                            <a class="estDynamic" href="../shelf/baby-and-infants-products.html">Early childhood products</a>
                        </li>
                        <li>
                            <a class="estDynamic" href="../shelf/rice.html">Rice</a>
                        </li>
                        <li>
                            <a class="estDynamic" href="../shelf/tins-and-preserves.html">Tins and Preserves</a>
                        </li>
                        <li>
                            <a class="estDynamic" href="../shelf/spices.html">Spices</a>
                        </li>
                        <li>
                            <a class="estDynamic" href="../shelf/sauces.html">Sauces</a>
                        </li>
                        <li>
                            <a class="estDynamic" href="../shelf/tea-and-infusions.html">Tea and infusions</a>
                        </li>
                        <li>
                            <a class="estDynamic" href="../shelf/eggs.html">Eggs</a>
                        </li>
                        <li>
                            <a class="estDynamic" href="../shelf/sugar-and-sweeteners.html">Sugar and sweeteners</a>
                        </li>
                    </ul>
                </li>
                <li>
                    <img src="../../cdn.spesati.com/images/menu/personal-care.png"/>
                    Personal care                    <i class="fa fa-angle-down" aria-hidden="true"></i>
                    <ul class="sub-menu">
                        <li>
                            <a class="estDynamic" href="../personal-care/accessories-and-cotton.html">Accessories and cotton</a>
                        </li>
                        <li>
                            <a class="estDynamic" href="../personal-care/feminine-care-incontinence-and-baby-diapers.html">Feminine incontinence and diapers</a>
                        </li>
                        <li>
                            <a class="estDynamic" href="../personal-care/shower-gel.html">Shower gel</a>
                        </li>
                        <li>
                            <a class="estDynamic" href="../personal-care/creams.html">Creams</a>
                        </li>
                        <li>
                            <a class="estDynamic" href="../personal-care/deodorant.html">Deodorant</a>
                        </li>
                        <li>
                            <a class="estDynamic" href="../personal-care/hair-removal.html">Hair removal</a>
                        </li>
                        <li>
                            <a class="estDynamic" href="../personal-care/disinfectants.html">Disinfectants</a>
                        </li>
                        <li>
                            <a class="estDynamic" href="../personal-care/oral-hygiene.html">Oral hygiene</a>
                        </li>
                        <li>
                            <a class="estDynamic" href="../personal-care/supplements-and-multivitamins.html">Supplements and multivitamins</a>
                        </li>
                        <li>
                            <a class="estDynamic" href="../personal-care/first-aid.html">First aid label</a>
                        </li>
                        <li>
                            <a class="estDynamic" href="../personal-care/beard-products.html">Beard products</a>
                        </li>
                        <li>
                            <a class="estDynamic" href="../personal-care/hairs-products.html">Hair products</a>
                        </li>
                        <li>
                            <a class="estDynamic" href="../personal-care/perfume.html">Perfumes</a>
                        </li>
                        <li>
                            <a class="estDynamic" href="../personal-care/wipes.html">Wipes</a>
                        </li>
                        <li>
                            <a class="estDynamic" href="../personal-care/soaps-and-body-wash.html">Soaps and body wash</a>
                        </li>
                        <li>
                            <a class="estDynamic" href="../personal-care/shampoo-and-conditioner.html">Shampoo and conditioner</a>
                        </li>
                    </ul>
                </li>
                <li>
                    <img src="../../cdn.spesati.com/images/menu/pellet-and-home.png"/>
                    Home and outdoors                    <i class="fa fa-angle-down" aria-hidden="true"></i>
                    <ul class="sub-menu">
                        <li>
                            <a class="estDynamic" href="../household-and-outdoors/distilled-water.html">Distilled water</a>
                        </li>
                        <li>
                            <a class="estDynamic" href="../household-and-outdoors/car-products.html">Cars</a>
                        </li>
                        <li>
                            <a class="estDynamic" href="../household-and-outdoors/bin-bags-and-buckets.html">Bin bags and buckets</a>
                        </li>
                        <li>
                            <a class="estDynamic" href="../household-and-outdoors/bleach-and-stain-removers.html">Bleach and stain removers</a>
                        </li>
                        <li>
                            <a class="estDynamic" href="../household-and-outdoors/candles.html">Candles</a>
                        </li>
                        <li>
                            <a class="estDynamic" href="../household-and-outdoors/kitchen-roll.html">Kitchen roll</a>
                        </li>
                        <li>
                            <a class="estDynamic" href="../household-and-outdoors/air-fresheners.html">Air fresheners</a>
                        </li>
                        <li>
                            <a class="estDynamic" href="../household-and-outdoors/laundry-accessories-and-detergent.html">Laundry detergent</a>
                        </li>
                        <li>
                            <a class="estDynamic" href="../household-and-outdoors/dishwasher-and-washing-up.html">Dishwasher and washing up</a>
                        </li>
                        <li>
                            <a class="estDynamic" href="../household-and-outdoors/gardening.html">Gardening</a>
                        </li>
                        <li>
                            <a class="estDynamic" href="../household-and-outdoors/light-bulbs-and-batteries.html">Lightbulbs and batteries</a>
                        </li>
                        <li>
                            <a class="estDynamic" href="../household-and-outdoors/pellet-and-bbq.html">Pellet and BBQ</a>
                        </li>
                        <li>
                            <a class="estDynamic" href="../household-and-outdoors/bathroom-products.html">Bathroom products</a>
                        </li>
                        <li>
                            <a class="estDynamic" href="../household-and-outdoors/home-and-furniture-products.html">Home and furniture products</a>
                        </li>
                        <li>
                            <a class="estDynamic" href="../household-and-outdoors/kitchen-products.html">Kitchen products</a>
                        </li>
                        <li>
                            <a class="estDynamic" href="../household-and-outdoors/window-and-floor-cleaners.html">Window and floor cleaner</a>
                        </li>
                        <li>
                            <a class="estDynamic" href="../household-and-outdoors/repellents.html">Repellents</a>
                        </li>
                        <li>
                            <a class="estDynamic" href="../household-and-outdoors/disposable-tableware.html">Disposable tableware</a>
                        </li>
                    </ul>
                </li>
                <li>
                    <img src="../../cdn.spesati.com/images/menu/animals.png"/>
                    Pets                    <i class="fa fa-angle-down" aria-hidden="true"></i>
                    <ul class="sub-menu">
                        <li>
                            <a class="estDynamic" href="../pets/pet-food-other-animals.html">Other animals pet food</a>
                        </li>
                        <li>
                            <a class="estDynamic" href="../pets/pet-food-dogs.html">Pet food dogs</a>
                        </li>
                        <li>
                            <a class="estDynamic" href="../pets/pet-food-cats.html">Pet food cats</a>
                        </li>
                        <li>
                            <a class="estDynamic" href="../pets/hygiene-and-cleaning.html">Hygiene and cleaning</a>
                        </li>
                    </ul>
                </li>
                <li>
                    <img src="../../cdn.spesati.com/images/menu/technology.png"/>
                    Technology                    <i class="fa fa-angle-down" aria-hidden="true"></i>
                    <ul class="sub-menu">
                        <li>
                            <a class="estDynamic" href="../technology/accessories.html">Accessories</a>
                        </li>
                        <li>
                            <a class="estDynamic" href="../technology/computer.html">Computer</a>
                        </li>
                        <li>
                            <a class="estDynamic" href="../technology/telephones.html">Telephones</a>
                        </li>
                        <li>
                            <a class="estDynamic" href="../technology/tv.html">TV</a>
                        </li>
                    </ul>
                </li>
                <li>
                    <img src="../../cdn.spesati.com/images/menu/gluten-free.png"/>
                    Gluten free                    <i class="fa fa-angle-down" aria-hidden="true"></i>
                    <ul class="sub-menu">
                        <li>
                            <a class="estDynamic" href="../gluten-free/frozen-foods.html">Frozen foods</a>
                        </li>
                        <li>
                            <a class="estDynamic" href="../gluten-free/beer.html">Beer</a>
                        </li>
                        <li>
                            <a class="estDynamic" href="../gluten-free/sweets.html">Sweets</a>
                        </li>
                        <li>
                            <a class="estDynamic" href="../gluten-free/bread-and-pasta.html">Bread and pasta</a>
                        </li>
                        <li>
                            <a class="estDynamic" href="../gluten-free/shelf.html">Cupboard</a>
                        </li>
                    </ul>
                </li>
                <li>
                    <img src="../../cdn.spesati.com/images/menu/lactose-free.png"/>
                    Lactose free                    <i class="fa fa-angle-down" aria-hidden="true"></i>
                    <ul class="sub-menu">
                        <li>
                            <a class="estDynamic" href="../lactose-free/frozen-foods.html">Frozen foods</a>
                        </li>
                        <li>
                            <a class="estDynamic" href="../lactose-free/sweets.html">Sweets</a>
                        </li>
                        <li>
                            <a class="estDynamic" href="../lactose-free/dairy-product.html">Dairy product</a>
                        </li>
                        <li>
                            <a class="estDynamic" href="../lactose-free/shelf.html">Cupboard</a>
                        </li>
                    </ul>
                </li>
                <li>
                    <img src="../../cdn.spesati.com/images/menu/special.png"/>
                    Special                    <i class="fa fa-angle-down" aria-hidden="true"></i>
                    <ul class="sub-menu">
                        <li>
                            <a class="estDynamic" href="../special/alpro.html">Alpro</a>
                        </li>
                        <li>
                            <a class="estDynamic" href="../special/organic.html">Biological</a>
                        </li>
                        <li>
                            <a class="estDynamic" href="../special/meat.html">Meat</a>
                        </li>
                        <li>
                            <a class="estDynamic" href="../special/wholegrain.html">Wholegrain</a>
                        </li>
                        <li>
                            <a class="estDynamic" href="../special/bread-and-pasta.html">Bread and pasta</a>
                        </li>
                        <li>
                            <a class="estDynamic" href="../special/vegan.html">Vegan</a>
                        </li>
                    </ul>
                </li>
                <li>
                    <img src="../../cdn.spesati.com/images/menu/sardinian-products.png"/>
                    Sardinian products                    <i class="fa fa-angle-down" aria-hidden="true"></i>
                    <ul class="sub-menu">
                        <li>
                            <a class="estDynamic" href="../sardinian-products/drinks.html">Drinks</a>
                        </li>
                        <li>
                            <a class="estDynamic" href="../sardinian-products/meat.html">Meat</a>
                        </li>
                        <li>
                            <a class="estDynamic" href="../sardinian-products/sweets.html">Sweets</a>
                        </li>
                        <li>
                            <a class="estDynamic" href="../sardinian-products/fruit-and-vegetables.html">Fruit and vegetables</a>
                        </li>
                        <li>
                            <a class="estDynamic" href="../sardinian-products/ichnusa.html">Ichnusa</a>
                        </li>
                        <li>
                            <a class="estDynamic" href="../sardinian-products/dairy-product.html">Dairy product</a>
                        </li>
                        <li>
                            <a class="estDynamic" href="../sardinian-products/bread-and-pasta.html">Bread and pasta</a>
                        </li>
                        <li>
                            <a class="estDynamic" href="../sardinian-products/fish.html">Fish</a>
                        </li>
                        <li>
                            <a class="estDynamic" href="../sardinian-products/cured-meat.html">Cured meat</a>
                        </li>
                        <li>
                            <a class="estDynamic" href="../sardinian-products/shelf.html">Cupboard</a>
                        </li>
                        <li>
                            <a class="estDynamic" href="../sardinian-products/vermentino-wine.html">Vermentino wine</a>
                        </li>
                        <li>
                            <a class="estDynamic" href="../sardinian-products/wine-beer-and-spirits.html">Wine beer and spirits</a>
                        </li>
                    </ul>
                </li>
            </ul>
        </li>
        <li>
            <a href="../about.html">About</a>
        </li>
        <li>
            <a href="../faq.html">Faq</a>
        </li>
        <li>
            <a href="../customer-care.html">Support</a>
        </li>
        <li>
            <a href="../news.html">Blog</a>
        </li>
        <li>
            <a href="../terms-and-conditions.html">Conditions</a>
        </li>
        <li>
            <a href="../privacy-policy.html">Privacy policy</a>
        </li>
        <li>
            <a href="../login.html">Login</a>
        </li>
        <li>
             <a href="../sign-up.html">Sign up</a>
        </li>
    </ul>
</div><section class="first">
    <div id="menuCategories" class="colLeft">
    <ul id="main_nav" >
        <li>
            <a class="estDynamic" href="../on-offer.html">
               <img src="../../cdn.spesati.com/images/menu/on-sale.png"/>
               On sale            </a>
            <i class="fa fa-angle-right" aria-hidden="true"></i>
            <ul class="sub-menu">
                <li>
    <a href="../tacchino-fesa-a-fette.html" class="estDynamic">Tacchino Fesa A Fette</a>
</li><li>
    <a href="../amaro-montenegro-15lt.html" class="estDynamic">Amaro Montenegro 1,5lt</a>
</li><li>
    <a href="../carbone-di-legna-sacco-10kg.html" class="estDynamic">Carbone Di Legna Sacco 10Kg</a>
</li><li>
    <a href="../filu-e-ferru-silvio-carta-70cl.html" class="estDynamic">Filu E Ferru Silvio Carta 70Cl</a>
</li><li>
    <a href="../braciole-suino-con-cotenna.html" class="estDynamic">Braciole Suino Con Cotenna</a>
</li><li>
    <a href="../bovino-adulto-polpa.html" class="estDynamic">Bovino Adulto Polpa</a>
</li><li>
    <a href="../vino-la-palma-cannonau-le-bombarde.html" class="estDynamic">Vino La Palma Cannonau Le Bombarde</a>
</li><li>
    <a href="../fettine-sceltissime-bovino-adulto.html" class="estDynamic">Fettine Sceltissime Bovino Adulto</a>
</li><li>
    <a href="../suino-fettine-scelte.html" class="estDynamic">Suino Fettine Scelte</a>
</li><li>
    <a href="../lavazza-caffe-qualita-rossa-2x250gr.html" class="estDynamic">Lavazza Caffé Qualità Rossa 2x250gr</a>
</li>                <li>
                    <a class="estDynamic" href="../on-offer.html">All products on sale</a>
                </li>
            </ul>
        </li>
        <li>
            <a class="estDynamic" href="../gift.html">
               <img src="../../cdn.spesati.com/images/menu/gift.png"/>
               Gifts            </a>
            <i class="fa fa-angle-right" aria-hidden="true"></i>
            <ul class="sub-menu">
                <li>
    <a href="../gift-card-da-150.html" class="estDynamic">Gift Card Da 150</a>
</li><li>
    <a href="../gift-card-da-100.html" class="estDynamic">Gift Card Da 100</a>
</li><li>
    <a href="../gift-card-da-50.html" class="estDynamic">Gift Card Da 50</a>
</li><li>
    <a href="../gift-card-da-25.html" class="estDynamic">Gift Card Da 25</a>
</li>                <li>
                    <a class="estDynamic" href="../gift.html">All products in the gifts category</a>
                </li>
            </ul>
        </li>
        <li>
            <a class="estDynamic" href="../gift-card.html">
               <img src="../../cdn.spesati.com/images/menu/gift-card.png"/>
               Gift card and discounts            </a>
            <i class="fa fa-angle-right" aria-hidden="true"></i>
            <ul class="sub-menu">
                <li>
    <a href="../gift-card-da-150.html">Gift Card Da 150</a>
</li><li>
    <a href="../gift-card-da-100.html">Gift Card Da 100</a>
</li><li>
    <a href="../gift-card-da-50.html">Gift Card Da 50</a>
</li><li>
    <a href="../gift-card-da-25.html">Gift Card Da 25</a>
</li>            </ul>
        </li>
        <li>
            <a class="estDynamic" href="../fruit-and-vegetables.html">
               <img src="../../cdn.spesati.com/images/menu/fuit-and-vegetables.png"/>
               Fruit and vegetables           </a>
            <i class="fa fa-angle-right" aria-hidden="true"></i>
            <ul class="sub-menu">
                <li>
                    <a class="estDynamic" href="../fruit-and-vegetables/pulses-and-beans.html">Cereals and pulses and beans</a>
                </li>
                <li>
                    <a class="estDynamic" href="../fruit-and-vegetables/fruit.html">Fruit</a>
                </li>
                <li>
                    <a class="estDynamic" href="../fruit-and-vegetables/canned-fruit.html">Canned fruit</a>
                </li>
                <li>
                    <a class="estDynamic" href="../fruit-and-vegetables/dried-fruit.html">Dried fruit</a>
                </li>
                <li>
                    <a class="estDynamic" href="../fruit-and-vegetables/ready-salads.html">Ready salads</a>
                </li>
                <li>
                    <a class="estDynamic" href="../fruit-and-vegetables/fresh-spices.html">Fresh spices</a>
                </li>
                <li>
                    <a class="estDynamic" href="../fruit-and-vegetables/vegetables.html">Vegetables and soy</a>
                </li>
            </ul>
        </li>
        <li>
            <a class="estDynamic" href="../fresh-products.html">
                <img src="../../cdn.spesati.com/images/menu/fresh-products.png"/>
                Fresh products            </a>
            <i class="fa fa-angle-right" aria-hidden="true"></i>
            <ul class="sub-menu">
                <li>
                    <a class="estDynamic" href="../fresh-products/margarine-and-butter.html">Butter and margarine</a>
                </li>
                <li>
                    <a class="estDynamic" href="../fresh-products/danone.html">Danone</a>
                </li>
                <li>
                    <a class="estDynamic" href="../fresh-products/dessert.html">Dessert</a>
                </li>
                <li>
                    <a class="estDynamic" href="../fresh-products/sweets.html">Sweets</a>
                </li>
                <li>
                    <a class="estDynamic" href="../fresh-products/dairy-products.html">Dairy product</a>
                </li>
                <li>
                    <a class="estDynamic" href="../fresh-products/bakery.html">Yeast</a>
                </li>
                <li>
                    <a class="estDynamic" href="../fresh-products/mascarpone.html">Mascarpone</a>
                </li>
                <li>
                    <a class="estDynamic" href="../fresh-products/snacks.html">Snacks</a>
                </li>
                <li>
                    <a class="estDynamic" href="../fresh-products/mozzarella.html">Mozzarella</a>
                </li>
                <li>
                    <a class="estDynamic" href="../fresh-products/pasta.html">Pasta</a>
                </li>
                <li>
                    <a class="estDynamic" href="../fresh-products/pesto-and-sauces.html">Pesto and sauces</a>
                </li>
                <li>
                    <a class="estDynamic" href="../fresh-products/ricotta-and-cheese.html">Ricotta and cheese</a>
                </li>
                <li>
                    <a class="estDynamic" href="../fresh-products/cured-meat.html">Cured meat</a>
                </li>
                <li>
                    <a class="estDynamic" href="../fresh-products/wurstel.html">Würstel</a>
                </li>
                <li>
                    <a class="estDynamic" href="../fresh-products/yogurt.html">Yogurt</a>
                </li>
            </ul>
        </li>
        <li>
            <a class="estDynamic" href="../frozen-foods.html">
                <img src="../../cdn.spesati.com/images/menu/frozen-foods.png"/>
                Frozen foods            </a>
            <i class="fa fa-angle-right" aria-hidden="true"></i>
            <ul class="sub-menu">
                <li>
                    <a class="estDynamic" href="../frozen-foods/meat.html">Meat</a>
                </li>
                <li>
                    <a class="estDynamic" href="../frozen-foods/ice-creams.html">Ice cream and sweet</a>
                </li>
                <li>
                    <a class="estDynamic" href="../frozen-foods/pasta.html">Pasta</a>
                </li>
                <li>
                    <a class="estDynamic" href="../frozen-foods/fish.html">Fish</a>
                </li>
                <li>
                    <a class="estDynamic" href="../frozen-foods/ready-meals.html">Ready meals</a>
                </li>
                <li>
                    <a class="estDynamic" href="../frozen-foods/pizzas.html">Pizzas</a>
                </li>
                <li>
                    <a class="estDynamic" href="../frozen-foods/vegetables.html">Vegetables and soy</a>
                </li>
            </ul>
        </li>
        <li>
            <a class="estDynamic" href="../bread-and-pasta.html">
                <img src="../../cdn.spesati.com/images/menu/bread-and-pasta.png"/>
                Bread and pasta            </a>
            <i class="fa fa-angle-right" aria-hidden="true"></i>
            <ul class="sub-menu">
                <li>
                    <a class="estDynamic" href="../bread-and-pasta/crackers.html">Crackers</a>
                </li>
                <li>
                    <a class="estDynamic" href="../bread-and-pasta/rusks.html">Rusks</a>
                </li>
                <li>
                    <a class="estDynamic" href="../bread-and-pasta/white-bread.html">White bread</a>
                </li>
                <li>
                    <a class="estDynamic" href="../bread-and-pasta/local-bread.html">Local bread</a>
                </li>
                <li>
                    <a class="estDynamic" href="../bread-and-pasta/soft-bread.html">Soft bread</a>
                </li>
                <li>
                    <a class="estDynamic" href="../bread-and-pasta/sardinian-bread.html">Sardinian bread</a>
                </li>
                <li>
                    <a class="estDynamic" href="../bread-and-pasta/bakery.html">Bakery</a>
                </li>
                <li>
                    <a class="estDynamic" href="../bread-and-pasta/pasta.html">Pasta</a>
                </li>
                <li>
                    <a class="estDynamic" href="../bread-and-pasta/fresh-pasta.html">Fresh pasta</a>
                </li>
            </ul>
        </li>
        <li>
            <a class="estDynamic" href="../meat.html">
                <img src="../../cdn.spesati.com/images/menu/meat.png"/>
                Meat            </a>
            <i class="fa fa-angle-right" aria-hidden="true"></i>
            <ul class="sub-menu">
                <li>
                    <a class="estDynamic" href="../meat/beef.html">Beef</a>
                </li>
                <li>
                    <a class="estDynamic" href="../meat/goat.html">Goat</a>
                </li>
                <li>
                    <a class="estDynamic" href="../meat/packaged-meat.html">Packaged meat</a>
                </li>
                <li>
                    <a class="estDynamic" href="../meat/rabbit.html">Rabbit</a>
                </li>
                <li>
                    <a class="estDynamic" href="../meat/horse.html">Horse</a>
                </li>
                <li>
                    <a class="estDynamic" href="../meat/pork.html">Pork</a>
                </li>
                <li>
                    <a class="estDynamic" href="../meat/lamb.html">Lamb</a>
                </li>
                <li>
                    <a class="estDynamic" href="../meat/poultry.html">Poultry</a>
                </li>
            </ul>
        </li>
        <li>
            <a class="estDynamic" href="../fish.html">
                <img src="../../cdn.spesati.com/images/menu/fish.png"/>
                Fish            </a>
            <i class="fa fa-angle-right" aria-hidden="true"></i>
            <ul class="sub-menu">
                <li>
                    <a class="estDynamic" href="../fish/fresh-water.html">Fresh water</a>
                </li>
                <li>
                    <a class="estDynamic" href="../fish/salt-water.html">Salt water</a>
                </li>
                <li>
                    <a class="estDynamic" href="../fish/mussels.html">Mussels</a>
                </li>
                <li>
                    <a class="estDynamic" href="../fish/dried-and-salted.html">Dried and salted</a>
                </li>
                <li>
                    <a class="estDynamic" href="../fish/seafood-salad.html">Seafood salad</a>
                </li>
                <li>
                    <a class="estDynamic" href="../fish/prepared.html">Prepared</a>
                </li>
                <li>
                    <a class="estDynamic" href="../fish/specialty.html">Specialty</a>
                </li>   
                <li>
                    <a class="estDynamic" href="../fish/tuna-and-salmon.html">Tuna and salmon</a>
                </li>
            </ul>
        </li>
        <li>
            <a class="estDynamic" href="../wine-beer-and-spirits.html">
                <img src="../../cdn.spesati.com/images/menu/alcohol.png"/>
                Wine beer and spirits            </a>
            <i class="fa fa-angle-right" aria-hidden="true"></i>
            <ul class="sub-menu">
                <li>
                    <a class="estDynamic" href="../wine-beer-and-spirits/spirits-and-liquors.html">Alcohol</a>
                </li>
                <li>
                    <a class="estDynamic" href="../wine-beer-and-spirits/bitters.html">Bitters</a>
                </li>
                <li>
                    <a class="estDynamic" href="../wine-beer-and-spirits/aperatif.html">Aperatifs</a>
                </li>
                <li>
                    <a class="estDynamic" href="../wine-beer-and-spirits/beer.html">Beer</a>
                </li>
                <li>
                    <a class="estDynamic" href="../wine-beer-and-spirits/creams.html">Creams</a>
                </li>
                <li>
                    <a class="estDynamic" href="../wine-beer-and-spirits/spirits.html">Spirits</a>
                </li>
                <li>
                    <a class="estDynamic" href="../wine-beer-and-spirits/liquors.html">Liquors</a>
                </li>
                <li>
                    <a class="estDynamic" href="../wine-beer-and-spirits/white-wine.html">White wine</a>
                </li>
                <li>
                    <a class="estDynamic" href="../wine-beer-and-spirits/prosecco-wine.html">Prosecco wine</a>
                </li>
                <li>
                    <a class="estDynamic" href="../wine-beer-and-spirits/rose-wine.html">Rose wine</a>
                </li>
                <li>
                    <a class="estDynamic" href="../wine-beer-and-spirits/red-wine.html">Red wine</a>
                </li>
                <li>
                    <a class="estDynamic" href="../wine-beer-and-spirits/specialty-wine.html">Special wine</a>
                </li>
                <li>
                    <a class="estDynamic" href="../wine-beer-and-spirits/sparkling-wine.html">Sparkling wine</a>
                </li>
                <li>
                    <a class="estDynamic" href="../wine-beer-and-spirits/vermentino-wine.html">Vermentino wine</a>
                </li>
            </ul>
        </li>
        <li>
            <a class="estDynamic" href="../water-and-drinks.html">
                <img src="../../cdn.spesati.com/images/menu/water-and-drinks.png"/>
                Water and drinks            </a>
            <i class="fa fa-angle-right" aria-hidden="true"></i>
            <ul class="sub-menu">
                <li>
                    <a class="estDynamic" href="san-martino.html">San Martino</a>
                </li>
                <li>
                    <a class="estDynamic" href="water.html">Water</a>
                </li>
                <li>
                    <a class="estDynamic" href="alpro.html">Alpro</a>
                </li>
                <li>
                    <a class="estDynamic" href="fizzy-drinks.html">Fizzy drinks</a>
                </li>
                <li>
                    <a class="estDynamic" href="coca-cola.html">Coca-Cola</a>
                </li>
                <li>
                    <a class="estDynamic" href="energy-drink.html">Energy drink</a>
                </li>
                <li>
                    <a class="estDynamic" href="syrups.html">Syrups</a>
                </li>
                <li>
                    <a class="estDynamic" href="supplements.html">Supplements</a>
                </li>
                <li>
                    <a class="estDynamic" href="instant-drinks.html">Instant drinks</a>
                </li>
                <li>
                    <a class="estDynamic" href="juice.html">Juice</a>
                </li>
                <li>
                    <a class="estDynamic" href="tea.html">Tea</a>
                </li>
            </ul>
        </li>
        <li>
            <a class="estDynamic" href="../sweets.html">
                <img src="../../cdn.spesati.com/images/menu/sweets.png"/>
                Sweets            </a>
            <i class="fa fa-angle-right" aria-hidden="true"></i>
            <ul class="sub-menu">
                <li>
                    <a class="estDynamic" href="../sweets/bars-and-snacks.html">Bars and snacks</a>
                </li>
                <li>
                    <a class="estDynamic" href="../sweets/biscuits.html">Biscuits</a>
                </li>
                <li>
                    <a class="estDynamic" href="../sweets/brioches.html">Brioches</a>
                </li>
                <li>
                    <a class="estDynamic" href="../sweets/candy-and-chewing-gum.html">Candy and chewing gum</a>
                </li>
                <li>
                    <a class="estDynamic" href="../sweets/cereals.html">Cereals</a>
                </li>
                <li>
                    <a class="estDynamic" href="../sweets/chocolate.html">Chocolate</a>
                </li>
                <li>
                    <a class="estDynamic" href="../sweets/spreadable-creams.html">Spreads</a>
                </li>
                <li>
                    <a class="estDynamic" href="../sweets/dessert-toppings.html">Dessert toppings</a>
                </li>
                <li>
                    <a class="estDynamic" href="../sweets/jam.html">Jam</a>
                </li>
                <li>
                    <a class="estDynamic" href="../sweets/honey.html">Honey</a>
                </li>
                <li>
                    <a class="estDynamic" href="../sweets/panettoni-and-pandoro.html">Panettone and pandoro</a>
                </li>
                <li>
                    <a class="estDynamic" href="../sweets/pastry.html">Pastry</a>
                </li>
                <li>
                    <a class="estDynamic" href="../sweets/instant-dessert.html">Prepared</a>
                </li>
                <li>
                    <a class="estDynamic" href="../sweets/cakes-and-pies.html">Cakes and pies</a>
                </li>
                <li>
                    <a class="estDynamic" href="../sweets/easter-eggs-and-doves.html">Easter eggs and doves</a>
                </li>
            </ul>
        </li>
        <li>
            <a class="estDynamic" href="../shelf.html">
                <img src="../../cdn.spesati.com/images/menu/shelf.png"/>
                Cupboard            </a>
            <i class="fa fa-angle-right" aria-hidden="true"></i>
            <ul class="sub-menu">
                <li>
                    <a class="estDynamic" href="../shelf/coffee.html">Coffee</a>
                </li>
                <li>
                    <a class="estDynamic" href="../shelf/gift-baskets.html">Gift baskets</a>
                </li>
                <li>
                    <a class="estDynamic" href="../shelf/stock-cubes.html">Nuts and preparations</a>
                </li>
                <li>
                    <a class="estDynamic" href="../shelf/flour-and-baking.html">Flour and baking</a>
                </li>
                <li>
                    <a class="estDynamic" href="../shelf/milk.html">Milk</a>
                </li>
                <li>
                    <a class="estDynamic" href="../shelf/oil-salt-vinegar.html">Oil, vinegar and salt</a>
                </li>
                <li>
                    <a class="estDynamic" href="../shelf/cream-and-bechamel.html">Cream and bechamel</a>
                </li>
                <li>
                    <a class="estDynamic" href="../shelf/crisps-and-pretzels.html">Crisps and pretzels</a>
                </li>
                <li>
                    <a class="estDynamic" href="../shelf/baby-and-infants-products.html">Early childhood products</a>
                </li>
                <li>
                    <a class="estDynamic" href="../shelf/rice.html">Rice</a>
                </li>
                <li>
                    <a class="estDynamic" href="../shelf/tins-and-preserves.html">Tins and Preserves</a>
                </li>
                <li>
                    <a class="estDynamic" href="../shelf/spices.html">Spices</a>
                </li>
                <li>
                    <a class="estDynamic" href="../shelf/sauces.html">Sauces</a>
                </li>
                <li>
                    <a class="estDynamic" href="../shelf/tea-and-infusions.html">Tea and infusions</a>
                </li>
                <li>
                    <a class="estDynamic" href="../shelf/eggs.html">Eggs</a>
                </li>
                <li>
                    <a class="estDynamic" href="../shelf/sugar-and-sweeteners.html">Sugar and sweeteners</a>
                </li>
            </ul>
        </li>
        <li>
            <a class="estDynamic" href="../personal-care.html">
                <img src="../../cdn.spesati.com/images/menu/personal-care.png"/>
                Personal care            </a>
            <i class="fa fa-angle-right" aria-hidden="true"></i>
            <ul class="sub-menu">
                <li>
                    <a class="estDynamic" href="../personal-care/accessories-and-cotton.html">Accessories and cotton</a>
                </li>
                <li>
                    <a class="estDynamic" href="../personal-care/feminine-care-incontinence-and-baby-diapers.html">Feminine incontinence and diapers</a>
                </li>
                <li>
                    <a class="estDynamic" href="../personal-care/shower-gel.html">Shower gel</a>
                </li>
                <li>
                    <a class="estDynamic" href="../personal-care/creams.html">Creams</a>
                </li>
                <li>
                    <a class="estDynamic" href="../personal-care/deodorant.html">Deodorant</a>
                </li>
                <li>
                    <a class="estDynamic" href="../personal-care/hair-removal.html">Hair removal</a>
                </li>
                <li>
                    <a class="estDynamic" href="../personal-care/disinfectants.html">Disinfectants</a>
                </li>
                <li>
                    <a class="estDynamic" href="../personal-care/oral-hygiene.html">Oral hygiene</a>
                </li>
                <li>
                    <a class="estDynamic" href="../personal-care/supplements-and-multivitamins.html">Supplements and multivitamins</a>
                </li>
                <li>
                    <a class="estDynamic" href="../personal-care/first-aid.html">First aid label</a>
                </li>
                <li>
                    <a class="estDynamic" href="../personal-care/beard-products.html">Beard products</a>
                </li>
                <li>
                    <a class="estDynamic" href="../personal-care/hairs-products.html">Hair products</a>
                </li>
                <li>
                    <a class="estDynamic" href="../personal-care/perfume.html">Perfumes</a>
                </li>
                <li>
                    <a class="estDynamic" href="../personal-care/wipes.html">Wipes</a>
                </li>
                <li>
                    <a class="estDynamic" href="../personal-care/soaps-and-body-wash.html">Soaps and body wash</a>
                </li>
                <li>
                    <a class="estDynamic" href="../personal-care/shampoo-and-conditioner.html">Shampoo and conditioner</a>
                </li>
            </ul>
        </li>
        <li>
            <a class="estDynamic" href="../household-and-outdoors.html">
                <img src="../../cdn.spesati.com/images/menu/pellet-and-home.png"/>
                Home and outdoors 
            </a>
            <i class="fa fa-angle-right" aria-hidden="true"></i>
            <ul class="sub-menu">
                <li>
                    <a class="estDynamic" href="../household-and-outdoors/distilled-water.html">Distilled water</a>
                </li>
                <li>
                    <a class="estDynamic" href="../household-and-outdoors/car-products.html">Cars</a>
                </li>
                <li>
                    <a class="estDynamic" href="../household-and-outdoors/bin-bags-and-buckets.html">Bin bags and buckets</a>
                </li>
                <li>
                    <a class="estDynamic" href="../household-and-outdoors/bleach-and-stain-removers.html">Bleach and stain removers</a>
                </li>
                <li>
                    <a class="estDynamic" href="../household-and-outdoors/candles.html">Candles</a>
                </li>
                <li>
                    <a class="estDynamic" href="../household-and-outdoors/kitchen-roll.html">Kitchen roll</a>
                </li>
                <li>
                    <a class="estDynamic" href="../household-and-outdoors/air-fresheners.html">Air fresheners</a>
                </li>
                <li>
                    <a class="estDynamic" href="../household-and-outdoors/laundry-accessories-and-detergent.html">Laundry detergent</a>
                </li>
                <li>
                    <a class="estDynamic" href="../household-and-outdoors/dishwasher-and-washing-up.html">Dishwasher and washing up</a>
                </li>
                <li>
                    <a class="estDynamic" href="../household-and-outdoors/gardening.html">Gardening</a>
                </li>
                <li>
                    <a class="estDynamic" href="../household-and-outdoors/light-bulbs-and-batteries.html">Lightbulbs and batteries</a>
                </li>
                <li>
                    <a class="estDynamic" href="../household-and-outdoors/pellet-and-bbq.html">Pellet and BBQ</a>
                </li>
                <li>
                    <a class="estDynamic" href="../household-and-outdoors/bathroom-products.html">Bathroom products</a>
                </li>
                <li>
                    <a class="estDynamic" href="../household-and-outdoors/home-and-furniture-products.html">Home and furniture products</a>
                </li>
                <li>
                    <a class="estDynamic" href="../household-and-outdoors/kitchen-products.html">Kitchen products</a>
                </li>
                <li>
                    <a class="estDynamic" href="../household-and-outdoors/window-and-floor-cleaners.html">Window and floor cleaner</a>
                </li>
                <li>
                    <a class="estDynamic" href="../household-and-outdoors/repellents.html">Repellents</a>
                </li>
                <li>
                    <a class="estDynamic" href="../household-and-outdoors/disposable-tableware.html">Disposable tableware</a>
                </li>
            </ul>
        </li>
        <li>
            <a class="estDynamic" href="../pet.html">
                <img src="../../cdn.spesati.com/images/menu/animals.png"/>
                Pets            </a>
            <i class="fa fa-angle-right" aria-hidden="true"></i>
            <ul class="sub-menu">
                <li>
                    <a class="estDynamic" href="../pets/pet-food-other-animals.html">Other animals pet food</a>
                </li>
                <li>
                    <a class="estDynamic" href="../pets/pet-food-dogs.html">Pet food dogs</a>
                </li>
                <li>
                    <a class="estDynamic" href="../pets/pet-food-cats.html">Pet food cats</a>
                </li>
                <li>
                    <a class="estDynamic" href="../pets/hygiene-and-cleaning.html">Hygiene and cleaning</a>
                </li>
            </ul>
        </li>
        <li>
            <a class="estDynamic" href="../technology.html">
                <img src="../../cdn.spesati.com/images/menu/technology.png"/>
                Technology            </a>
            <i class="fa fa-angle-right" aria-hidden="true"></i>
            <ul class="sub-menu">
                <li>
                    <a class="estDynamic" href="../technology/accessories.html">Accessories</a>
                </li>
                <li>
                    <a class="estDynamic" href="../technology/computer.html">Computer</a>
                </li>
                <li>
                    <a class="estDynamic" href="../technology/telephones.html">Telephones</a>
                </li>
                <li>
                    <a class="estDynamic" href="../technology/tv.html">TV</a>
                </li>
            </ul>
        </li>
        <li>
            <a class="estDynamic" href="../gluten-free.html">
                <img src="../../cdn.spesati.com/images/menu/gluten-free.png"/>
                Gluten free            </a>
            <i class="fa fa-angle-right" aria-hidden="true"></i>
            <ul class="sub-menu">
                <li>
                    <a class="estDynamic" href="../gluten-free/frozen-foods.html">Frozen foods</a>
                </li>
                <li>
                    <a class="estDynamic" href="../gluten-free/beer.html">Beer</a>
                </li>
                <li>
                    <a class="estDynamic" href="../gluten-free/sweets.html">Sweets</a>
                </li>
                <li>
                    <a class="estDynamic" href="../gluten-free/bread-and-pasta.html">Bread and pasta</a>
                </li>
                <li>
                    <a class="estDynamic" href="../gluten-free/shelf.html">Cupboard</a>
                </li>
            </ul>
        </li>
        <li>
            <a class="estDynamic" href="../lactose-free.html">
                <img src="../../cdn.spesati.com/images/menu/lactose-free.png"/>
                Lactose free            </a>
            <i class="fa fa-angle-right" aria-hidden="true"></i>
            <ul class="sub-menu">
                <li>
                    <a class="estDynamic" href="../lactose-free/frozen-foods.html">Frozen foods</a>
                </li>
                <li>
                    <a class="estDynamic" href="../lactose-free/sweets.html">Sweets</a>
                </li>
                <li>
                    <a class="estDynamic" href="../lactose-free/dairy-product.html">Dairy product</a>
                </li>
                <li>
                    <a class="estDynamic" href="../lactose-free/shelf.html">Cupboard</a>
                </li>
            </ul>
        </li>
        <li>
            <a class="estDynamic" href="../special.html">
                <img src="../../cdn.spesati.com/images/menu/special.png"/>
                Special            </a>
            <i class="fa fa-angle-right" aria-hidden="true"></i>
            <ul class="sub-menu">
                <li>
                    <a class="estDynamic" href="../special/alpro.html">Alpro</a>
                </li>
                <li>
                    <a class="estDynamic" href="../special/organic.html">Biological</a>
                </li>
                <li>
                    <a class="estDynamic" href="../special/meat.html">Meat</a>
                </li>
                <li>
                    <a class="estDynamic" href="../special/wholegrain.html">Wholegrain</a>
                </li>
                <li>
                    <a class="estDynamic" href="../special/bread-and-pasta.html">Bread and pasta</a>
                </li>
                <li>
                    <a class="estDynamic" href="../special/vegan.html">Vegan</a>
                </li>
            </ul>
        </li>
        <li>
            <a class="estDynamic" href="../sardinian-products.html">
                <img src="../../cdn.spesati.com/images/menu/sardinian-products.png"/>
                Sardinian products            </a>
            <i class="fa fa-angle-right" aria-hidden="true"></i>
            <ul class="sub-menu">
                <li>
                    <a class="estDynamic" href="../sardinian-products/drinks.html">Drinks</a>
                </li>
                <li>
                    <a class="estDynamic" href="../sardinian-products/meat.html">Meat</a>
                </li>
                <li>
                    <a class="estDynamic" href="../sardinian-products/sweets.html">Sweets</a>
                </li>
                <li>
                    <a class="estDynamic" href="../sardinian-products/fruit-and-vegetables.html">Fruit and vegetables</a>
                </li>
                <li>
                    <a class="estDynamic" href="../sardinian-products/ichnusa.html">Ichnusa</a>
                </li>
                <li>
                    <a class="estDynamic" href="../sardinian-products/dairy-product.html">Dairy product</a>
                </li>
                <li>
                    <a class="estDynamic" href="../sardinian-products/bread-and-pasta.html">Bread and pasta</a>
                </li>
                <li>
                    <a class="estDynamic" href="../sardinian-products/fish.html">Fish</a>
                </li>
                <li>
                    <a class="estDynamic" href="../sardinian-products/cured-meat.html">Cured meat</a>
                </li>
                <li>
                    <a class="estDynamic" href="../sardinian-products/shelf.html">Cupboard</a>
                </li>
                <li>
                    <a class="estDynamic" href="../sardinian-products/vermentino-wine.html">Vermentino wine</a>
                </li>
                <li>
                    <a class="estDynamic" href="../sardinian-products/wine-beer-and-spirits.html">Wine beer and spirits</a>
                </li>
            </ul>
        </li>
    </ul>
</div>    <div class="colRight">
        <div class="title mobile">
	<a href="../water-and-drinks.html"><i class="fa red fa-angle-left fa-3x mobile" aria-hidden="true"></i></a>
	<h2>
		<b>
			fizzy drinks		</b>
	</h2>
</div>

<div class="breadcrumb bgGrey internal">
	<p>
		<b>
			<a href="../index.html">Home</a>
												&gt; <a href="../water-and-drinks.html">Water and drinks</a>
																&gt; Fizzy drinks									</b>
	</p>
	<div>
		<p>Order by</p>
		<select name="orderProd" id="orderProd">
			<option disabled="disabled" selected="selected">- Choose -</option>
			<option value="nameAsc">Name (A - Z)</option>
			<option value="nameDes">Name (Z - A)</option>
			<option value="priceHigh">Price - High to low</option>
			<option value="priceLow">Price - Low to high</option>
			<option value="soldAsc">Best Selling</option>
			<option value="available">Availability</option>
		</select>
	</div>
</div>
        <div class="containerProduct">
            <script type='text/javascript'>var track = '{"event":"ViewContent", "type":"category", "id":"Bevande", "subids":["Bibite Gassate"], "url":"https://www.spesati.com/water-and-drinks/fizzy-drinks"}';</script>
<script>
gtag('event', 'select_content', {content_type: 'category', item_id: 'Bevande'});gtag('event', 'select_content', {content_type: 'category', item_id: 'Bibite Gassate'});
</script>
<div class="left product prod1"
        data-name="Lurisia Aranciata 4x27,5cl"
        data-price="5.99"
        data-id="70536"
        data-available="yes"
        data-category="413"
        data-bestselling="">
    <a href="../lurisia-aranciata-4x275cl.html">
        <div style="background-image: url('../../cdn.spesati.com/images/products/000790167/lurisia-la-nostra-aranciata-6-x-4-x-275-ml-01.png')">
            <div class="hover"></div>
            
            <div class="stickers"></div>
        </div>
    </a>
    <div>
        <h4><a href="../lurisia-aranciata-4x275cl.html"><b>Lurisia Aranciata 4x27,5cl</b></a></h4>
        <p class="description">Lurisia la Nostra Aranciata 6 x 4 x 275 ml</p>
        <p class="right price"><b>5.99 €</b></p>
        <p class="right unitPrice">5.99 € per piece</p>
    </div>
    <div class="contButton">
    <a class="button bgRed white addToCart" href="#">Add</a>
</div>
</div><div class="left product prod2"
        data-name="Lurisia Gazzosa 4x27,5cl"
        data-price="5.99"
        data-id="70533"
        data-available="yes"
        data-category="413"
        data-bestselling="">
    <a href="../lurisia-gazzosa-4x275cl.html">
        <div style="background-image: url('../../cdn.spesati.com/images/products/000790165/lurisia-la-nostra-gazzosa-6-x-4-x-275-ml-01.png')">
            <div class="hover"></div>
            
            <div class="stickers"></div>
        </div>
    </a>
    <div>
        <h4><a href="../lurisia-gazzosa-4x275cl.html"><b>Lurisia Gazzosa 4x27,5cl</b></a></h4>
        <p class="description">Lurisia la Nostra Gazzosa 6 x 4 x 275 ml</p>
        <p class="right price"><b>5.99 €</b></p>
        <p class="right unitPrice">5.99 € per piece</p>
    </div>
    <div class="contButton">
    <a class="button bgRed white addToCart" href="#">Add</a>
</div>
</div><div class="left product prod3"
        data-name="Lurisia Chinotto 4x27,5cl"
        data-price="5.99"
        data-id="70530"
        data-available="yes"
        data-category="413"
        data-bestselling="">
    <a href="../lurisia-chinotto-4x275cl.html">
        <div style="background-image: url('../../cdn.spesati.com/images/products/000790048/lurisia-il-nostro-chinotto-6-x-4-x-275-ml-01.png')">
            <div class="hover"></div>
            
            <div class="stickers"></div>
        </div>
    </a>
    <div>
        <h4><a href="../lurisia-chinotto-4x275cl.html"><b>Lurisia Chinotto 4x27,5cl</b></a></h4>
        <p class="description">Lurisia il Nostro Chinotto 6 x 4 x 275 ml</p>
        <p class="right price"><b>5.99 €</b></p>
        <p class="right unitPrice">5.99 € per piece</p>
    </div>
    <div class="contButton">
    <a class="button bgRed white addToCart" href="#">Add</a>
</div>
</div><div class="left product prod4"
        data-name="Crodino Aranc Ross Xl 3x17.5cl"
        data-price="4.15"
        data-id="86613"
        data-available="yes"
        data-category="413"
        data-bestselling="">
    <a href="../crodino-aranc-ross-xl-3x175cl.html">
        <div style="background-image: url('../../cdn.spesati.com/images/products/000432708/crodino-gusto-arancia-rossa-3-x-175-cl-01.png')">
            <div class="hover"></div>
            
            <div class="stickers"></div>
        </div>
    </a>
    <div>
        <h4><a href="../crodino-aranc-ross-xl-3x175cl.html"><b>Crodino Aranc Ross Xl 3x17.5cl</b></a></h4>
        <p class="description">Crodino Gusto Arancia Rossa 3 x 17,5 cl</p>
        <p class="right price"><b>4.15 €</b></p>
        <p class="right unitPrice">7.83 € per litre</p>
    </div>
    <div class="contButton">
    <a class="button bgRed white addToCart" href="#">Add</a>
</div>
</div><div class="left product prod5"
        data-name="Cocktail S Pelleg Zero Lat 33c"
        data-price="0.90"
        data-id="86021"
        data-available="yes"
        data-category="413"
        data-bestselling="">
    <a href="../cocktail-s-pelleg-zero-lat-33c.html">
        <div style="background-image: url('../../cdn.spesati.com/images/products/000432668/sanpellegrino-cocktail-zero-zuccheri-aggiunti-lattina-33-cl-01.png')">
            <div class="hover"></div>
            
            <div class="stickers"></div>
        </div>
    </a>
    <div>
        <h4><a href="../cocktail-s-pelleg-zero-lat-33c.html"><b>Cocktail S Pelleg Zero Lat 33c</b></a></h4>
        <p class="description">SANPELLEGRINO Cocktail Zero Zuccheri Aggiunti, Lattina 33 cl</p>
        <p class="right price"><b>0.90 €</b></p>
        <p class="right unitPrice">2.72 € per litre</p>
    </div>
    <div class="contButton">
    <a class="button bgRed white addToCart" href="#">Add</a>
</div>
</div><div class="left product prod6"
        data-name="Chinotto S Pelleg Zero Lat 33c"
        data-price="0.90"
        data-id="86018"
        data-available="yes"
        data-category="413"
        data-bestselling="">
    <a href="../chinotto-s-pelleg-zero-lat-33c.html">
        <div style="background-image: url('../../cdn.spesati.com/images/products/000432667/sanpellegrino-chino-zero-zuccheri-aggiunti-lattina-33-cl-01.png')">
            <div class="hover"></div>
            
            <div class="stickers"></div>
        </div>
    </a>
    <div>
        <h4><a href="../chinotto-s-pelleg-zero-lat-33c.html"><b>Chinotto S Pelleg Zero Lat 33c</b></a></h4>
        <p class="description">SANPELLEGRINO Chinò Zero Zuccheri Aggiunti, Lattina 33 cl</p>
        <p class="right price"><b>0.90 €</b></p>
        <p class="right unitPrice">2.72 € per litre</p>
    </div>
    <div class="contButton">
    <a class="button bgRed white addToCart" href="#">Add</a>
</div>
</div><div class="left product prod7"
        data-name="Schwep Tonica Pepe Rosa 20 Cl"
        data-price="1.59"
        data-id="79491"
        data-available="yes"
        data-category="413"
        data-bestselling="">
    <a href="../schwep-tonica-pepe-rosa-20-cl.html">
        <div style="background-image: url('../../cdn.spesati.com/images/products/000432352/schweppes-selection-tonica-pepe-rosa-20-cl-01.png')">
            <div class="hover"></div>
            
            <div class="stickers"></div>
        </div>
    </a>
    <div>
        <h4><a href="../schwep-tonica-pepe-rosa-20-cl.html"><b>Schwep Tonica Pepe Rosa 20 Cl</b></a></h4>
        <p class="description">Schweppes Selection Tonica & Pepe Rosa 20 cl</p>
        <p class="right price"><b>1.59 €</b></p>
        <p class="right unitPrice">7.95 € per litre</p>
    </div>
    <div class="contButton">
    <a class="button bgRed white addToCart" href="#">Add</a>
</div>
</div><div class="left product prod8"
        data-name="Schweppes Tonica Ibiscus 20 Cl"
        data-price="1.59"
        data-id="79488"
        data-available="yes"
        data-category="413"
        data-bestselling="">
    <a href="../schweppes-tonica-ibiscus-20-cl.html">
        <div style="background-image: url('../../cdn.spesati.com/images/products/000432351/schweppes-selection-tonica-hibiscus-20-cl-01.png')">
            <div class="hover"></div>
            
            <div class="stickers"></div>
        </div>
    </a>
    <div>
        <h4><a href="../schweppes-tonica-ibiscus-20-cl.html"><b>Schweppes Tonica Ibiscus 20 Cl</b></a></h4>
        <p class="description">Schweppes Selection Tonica & Hibiscus 20 cl</p>
        <p class="right price"><b>1.59 €</b></p>
        <p class="right unitPrice">7.95 € per litre</p>
    </div>
    <div class="contButton">
    <a class="button bgRed white addToCart" href="#">Add</a>
</div>
</div><div class="left product prod9"
        data-name="Chino' S.pellegrino 120cl Pet"
        data-price="1.65"
        data-id="72784"
        data-available="yes"
        data-category="413"
        data-bestselling="">
    <a href="../chino-spellegrino-120cl-pet.html">
        <div style="background-image: url('../../cdn.spesati.com/images/products/000432291/sanpellegrino-chino-12-l-01.png')">
            <div class="hover"></div>
            
            <div class="stickers"></div>
        </div>
    </a>
    <div>
        <h4><a href="../chino-spellegrino-120cl-pet.html"><b>Chino' S.pellegrino 120cl Pet</b></a></h4>
        <p class="description">SANPELLEGRINO Chinò 1,2 L</p>
        <p class="right price"><b>1.65 €</b></p>
        <p class="right unitPrice">1.38 € per litre</p>
    </div>
    <div class="contButton">
    <a class="button bgRed white addToCart" href="#">Add</a>
</div>
</div><div class="left product prod10"
        data-name="Cocktail S.pellegr 120cl Pet"
        data-price="1.65"
        data-id="72781"
        data-available="yes"
        data-category="413"
        data-bestselling="1">
    <a href="../cocktail-spellegr-120cl-pet.html">
        <div style="background-image: url('../../cdn.spesati.com/images/products/000432289/sanpellegrino-cocktail-12-l-01.png')">
            <div class="hover"></div>
            <p class="arrow bgRed white">Best Seller</p>
            <div class="stickers"></div>
        </div>
    </a>
    <div>
        <h4><a href="../cocktail-spellegr-120cl-pet.html"><b>Cocktail S.pellegr 120cl Pet</b></a></h4>
        <p class="description">SANPELLEGRINO Cocktail 1,2 L</p>
        <p class="right price"><b>1.65 €</b></p>
        <p class="right unitPrice">1.38 € per litre</p>
    </div>
    <div class="contButton">
    <a class="button bgRed white addToCart" href="#">Add</a>
</div>
</div><div class="left product prod11"
        data-name="Aranc.amara S.pellegr 120cl Pe"
        data-price="1.65"
        data-id="72778"
        data-available="yes"
        data-category="413"
        data-bestselling="">
    <a href="../arancamara-spellegr-120cl-pe.html">
        <div style="background-image: url('../../cdn.spesati.com/images/products/000432288/sanpellegrino-naturali-aranciata-amara-12-l-01.png')">
            <div class="hover"></div>
            
            <div class="stickers"></div>
        </div>
    </a>
    <div>
        <h4><a href="../arancamara-spellegr-120cl-pe.html"><b>Aranc.amara S.pellegr 120cl Pe</b></a></h4>
        <p class="description">SANPELLEGRINO Naturali Aranciata Amara 1,2 L</p>
        <p class="right price"><b>1.65 €</b></p>
        <p class="right unitPrice">1.38 € per litre</p>
    </div>
    <div class="contButton">
    <a class="button bgRed white addToCart" href="#">Add</a>
</div>
</div><div class="left product prod12"
        data-name="Aranciata S.pellegr 120cl Pet"
        data-price="1.65"
        data-id="72775"
        data-available="yes"
        data-category="413"
        data-bestselling="">
    <a href="../aranciata-spellegr-120cl-pet.html">
        <div style="background-image: url('../../cdn.spesati.com/images/products/000432286/sanpellegrino-naturali-aranciata-6-x-12-l-01.png')">
            <div class="hover"></div>
            
            <div class="stickers"></div>
        </div>
    </a>
    <div>
        <h4><a href="../aranciata-spellegr-120cl-pet.html"><b>Aranciata S.pellegr 120cl Pet</b></a></h4>
        <p class="description">SANPELLEGRINO Naturali Aranciata 6 x 1,2 L</p>
        <p class="right price"><b>1.65 €</b></p>
        <p class="right unitPrice">1.38 € per litre</p>
    </div>
    <div class="contButton">
    <a class="button bgRed white addToCart" href="#">Add</a>
</div>
</div><div class="left product prod13"
        data-name="Cocktail San Pellegrino 4x20cl"
        data-price="3.99"
        data-id="29182"
        data-available="yes"
        data-category="413"
        data-bestselling="6">
    <a href="../cocktail-san-pellegrino-4x20cl.html">
        <div style="background-image: url('../../cdn.spesati.com/images/products/000210514/sanpellegrino-bibite-gassate-cocktail-20-cl-x-4-vetro-01.png')">
            <div class="hover"></div>
            <p class="arrow bgRed white">Best Seller</p>
            <div class="stickers"></div>
        </div>
    </a>
    <div>
        <h4><a href="../cocktail-san-pellegrino-4x20cl.html"><b>Cocktail San Pellegrino 4x20cl</b></a></h4>
        <p class="description">SANPELLEGRINO Bibite Gassate, COCKTAIL 20 cl x 4 (Vetro)</p>
        <p class="right price"><b>3.99 €</b></p>
        <p class="right unitPrice">4.99 € per litre</p>
    </div>
    <div class="contButton">
    <a class="button bgRed white addToCart" href="#">Add</a>
</div>
</div><div class="left product prod14"
        data-name="Chino' San Pellegrino 4x20cl"
        data-price="3.99"
        data-id="29180"
        data-available="yes"
        data-category="413"
        data-bestselling="">
    <a href="../chino-san-pellegrino-4x20cl.html">
        <div style="background-image: url('../../cdn.spesati.com/images/products/000210512/sanpellegrino-bibite-gassare-chino-20-cl-x-4-vetro-01.png')">
            <div class="hover"></div>
            
            <div class="stickers"></div>
        </div>
    </a>
    <div>
        <h4><a href="../chino-san-pellegrino-4x20cl.html"><b>Chino' San Pellegrino 4x20cl</b></a></h4>
        <p class="description">SANPELLEGRINO Bibite Gassare, CHINO' 20 cl x 4 (Vetro)</p>
        <p class="right price"><b>3.99 €</b></p>
        <p class="right unitPrice">4.99 € per litre</p>
    </div>
    <div class="contButton">
    <a class="button bgRed white addToCart" href="#">Add</a>
</div>
</div><div class="left product prod15"
        data-name="Aran Amara Bio S Pelleg 4x20cl"
        data-price="3.99"
        data-id="29179"
        data-available="yes"
        data-category="413"
        data-bestselling="1">
    <a href="../aran-amara-bio-s-pelleg-4x20cl.html">
        <div style="background-image: url('../../cdn.spesati.com/images/products/000210511/sanpellegrino-naturali-aranciata-amara-20cl-x-4-01.png')">
            <div class="hover"></div>
            <p class="arrow bgRed white">Best Seller</p>
            <div class="stickers"></div>
        </div>
    </a>
    <div>
        <h4><a href="../aran-amara-bio-s-pelleg-4x20cl.html"><b>Aran Amara Bio S Pelleg 4x20cl</b></a></h4>
        <p class="description">SANPELLEGRINO Naturali Aranciata Amara 20cl x 4</p>
        <p class="right price"><b>3.99 €</b></p>
        <p class="right unitPrice">4.99 € per litre</p>
    </div>
    <div class="contButton">
    <a class="button bgRed white addToCart" href="#">Add</a>
</div>
</div><div class="left product prod16"
        data-name="Acqua Tonica S Pellegr 4x20cl"
        data-price="3.99"
        data-id="29176"
        data-available="yes"
        data-category="413"
        data-bestselling="">
    <a href="../acqua-tonica-s-pellegr-4x20cl.html">
        <div style="background-image: url('../../cdn.spesati.com/images/products/000210503/tonica-sanpellegrino-20clx4-01.png')">
            <div class="hover"></div>
            
            <div class="stickers"></div>
        </div>
    </a>
    <div>
        <h4><a href="../acqua-tonica-s-pellegr-4x20cl.html"><b>Acqua Tonica S Pellegr 4x20cl</b></a></h4>
        <p class="description">Tonica Sanpellegrino 20clx4</p>
        <p class="right price"><b>3.99 €</b></p>
        <p class="right unitPrice">4.99 € per litre</p>
    </div>
    <div class="contButton">
    <a class="button bgRed white addToCart" href="#">Add</a>
</div>
</div><div class="left product prod17"
        data-name="Schweppes Pompelmo Rosa 4x180m"
        data-price="4.13"
        data-id="78390"
        data-available="yes"
        data-category="413"
        data-bestselling="">
    <a href="../schweppes-pompelmo-rosa-4x180m.html">
        <div style="background-image: url('../../cdn.spesati.com/images/products/000205254/schweppes-pompelmo-in-rosa-018-l-ow-x-4-01.png')">
            <div class="hover"></div>
            
            <div class="stickers"></div>
        </div>
    </a>
    <div>
        <h4><a href="../schweppes-pompelmo-rosa-4x180m.html"><b>Schweppes Pompelmo Rosa 4x180m</b></a></h4>
        <p class="description">Schweppes Pompelmo in rosa 0,18 L ow x 4</p>
        <p class="right price"><b>4.13 €</b></p>
        <p class="right unitPrice">5.73 € per litre</p>
    </div>
    <div class="contButton">
    <a class="button bgRed white addToCart" href="#">Add</a>
</div>
</div><div class="left product prod18"
        data-name="Pepsi Cola Max Zero Lattina 33Cl"
        data-price="0.59"
        data-id="6156"
        data-available="yes"
        data-category="413"
        data-bestselling="">
    <a href="../pepsi-cola-max-zero-lattina-33cl.html">
        <div style="background-image: url('../../cdn.spesati.com/images/products/000205018/pepsi-zero-zucchero-330-ml-01.png')">
            <div class="hover"></div>
            <p class="arrow bgRed white">Offer</p>
            <div class="stickers"></div>
        </div>
    </a>
    <div>
        <h4><a href="../pepsi-cola-max-zero-lattina-33cl.html"><b>Pepsi Cola Max Zero Lattina 33Cl</b></a></h4>
        <p class="description">Pepsi Zero Zucchero 330 ml</p>
        <p class="left offer red">0.74 €</p>
<p class="right price"><b>0.59 €</b></p>
        <p class="right unitPrice">1.79 € per litre</p>
    </div>
    <div class="contButton">
    <a class="button bgRed white addToCart" href="#">Add</a>
</div>
</div><div class="left product prod19"
        data-name="Pepsi Cola Max Zero Pet"
        data-price="1.59"
        data-id="398"
        data-available="yes"
        data-category="413"
        data-bestselling="">
    <a href="../pepsi-cola-max-zero-pet.html">
        <div style="background-image: url('../../cdn.spesati.com/images/products/000205017/pepsi-zero-zucchero-15-l-01.png')">
            <div class="hover"></div>
            
            <div class="stickers"></div>
        </div>
    </a>
    <div>
        <h4><a href="../pepsi-cola-max-zero-pet.html"><b>Pepsi Cola Max Zero Pet</b></a></h4>
        <p class="description">Pepsi Zero Zucchero 1,5 L</p>
        <p class="right price"><b>1.59 €</b></p>
        <p class="right unitPrice">1.06 € per litre</p>
    </div>
    <div class="contButton">
    <a class="button bgRed white addToCart" href="#">Add</a>
</div>
</div><div class="left product prod20"
        data-name="Schweppes Tonica Zero 1lt"
        data-price="1.39"
        data-id="68709"
        data-available="yes"
        data-category="413"
        data-bestselling="">
    <a href="../schweppes-tonica-zero-1lt.html">
        <div style="background-image: url('../../cdn.spesati.com/images/products/000204189/schweppes-tonica-zero-1-l-pet-01.png')">
            <div class="hover"></div>
            <p class="arrow bgRed white">Offer</p>
            <div class="stickers"></div>
        </div>
    </a>
    <div>
        <h4><a href="../schweppes-tonica-zero-1lt.html"><b>Schweppes Tonica Zero 1lt</b></a></h4>
        <p class="description">Schweppes Tonica Zero 1 L PET</p>
        <p class="left offer red">1.95 €</p>
<p class="right price"><b>1.39 €</b></p>
        <p class="right unitPrice">1.39 € per litre</p>
    </div>
    <div class="contButton">
    <a class="button bgRed white addToCart" href="#">Add</a>
</div>
</div><div class="left product prod21"
        data-name="Schweppes Ginger Beer 4x180 Ml"
        data-price="3.99"
        data-id="64179"
        data-available="yes"
        data-category="413"
        data-bestselling="">
    <a href="../schweppes-ginger-beer-4x180-ml.html">
        <div style="background-image: url('../../cdn.spesati.com/images/products/000203374/schweppes-ginger-beer-018-l-ow-x-4-01.png')">
            <div class="hover"></div>
            
            <div class="stickers"></div>
        </div>
    </a>
    <div>
        <h4><a href="../schweppes-ginger-beer-4x180-ml.html"><b>Schweppes Ginger Beer 4x180 Ml</b></a></h4>
        <p class="description">Schweppes Ginger Beer 0,18 L ow  x 4</p>
        <p class="right price"><b>3.99 €</b></p>
        <p class="right unitPrice">5.54 € per litre</p>
    </div>
    <div class="contButton">
    <a class="button bgRed white addToCart" href="#">Add</a>
</div>
</div><div class="left product prod22"
        data-name="Oransoda 20 Cl"
        data-price="0.76"
        data-id="28179"
        data-available="yes"
        data-category="413"
        data-bestselling="">
    <a href="../oransoda-20-cl.html">
        <div style="background-image: url('../../cdn.spesati.com/images/products/000203294/oransoda-20-cl-01.png')">
            <div class="hover"></div>
            
            <div class="stickers"></div>
        </div>
    </a>
    <div>
        <h4><a href="../oransoda-20-cl.html"><b>Oransoda 20 Cl</b></a></h4>
        <p class="description">Oransoda 20 cl</p>
        <p class="right price"><b>0.76 €</b></p>
        <p class="right unitPrice">3.82 € per litre</p>
    </div>
    <div class="contButton">
    <a class="button bgRed white addToCart" href="#">Add</a>
</div>
</div><div class="left product prod23"
        data-name="Lemonsoda 20 Cl"
        data-price="0.76"
        data-id="28178"
        data-available="yes"
        data-category="413"
        data-bestselling="">
    <a href="../lemonsoda-20-cl.html">
        <div style="background-image: url('../../cdn.spesati.com/images/products/000203293/lemonsoda-20-cl-01.png')">
            <div class="hover"></div>
            
            <div class="stickers"></div>
        </div>
    </a>
    <div>
        <h4><a href="../lemonsoda-20-cl.html"><b>Lemonsoda 20 Cl</b></a></h4>
        <p class="description">Lemonsoda 20 cl</p>
        <p class="right price"><b>0.76 €</b></p>
        <p class="right unitPrice">3.82 € per litre</p>
    </div>
    <div class="contButton">
    <a class="button bgRed white addToCart" href="#">Add</a>
</div>
</div><div class="left product prod24"
        data-name="Oransoda Pet 1 25Lt"
        data-price="1.55"
        data-id="7130"
        data-available="yes"
        data-category="413"
        data-bestselling="1">
    <a href="../oransoda-pet-1-25lt.html">
        <div style="background-image: url('../../cdn.spesati.com/images/products/000203251/oransoda-125-cl-01.png')">
            <div class="hover"></div>
            <p class="arrow bgRed white">Best Seller</p>
            <div class="stickers"></div>
        </div>
    </a>
    <div>
        <h4><a href="../oransoda-pet-1-25lt.html"><b>Oransoda Pet 1 25Lt</b></a></h4>
        <p class="description">Oransoda 125 cl</p>
        <p class="right price"><b>1.55 €</b></p>
        <p class="right unitPrice">1.24 € per litre</p>
    </div>
    <div class="contButton">
    <a class="button bgRed white addToCart" href="#">Add</a>
</div>
</div><div class="left product prod25"
        data-name="Lemonsoda Pet 1,25 Lt"
        data-price="1.55"
        data-id="6338"
        data-available="yes"
        data-category="413"
        data-bestselling="">
    <a href="../lemonsoda-pet-125-lt.html">
        <div style="background-image: url('../../cdn.spesati.com/images/products/000203250/lemonsoda-125-cl-01.png')">
            <div class="hover"></div>
            
            <div class="stickers"></div>
        </div>
    </a>
    <div>
        <h4><a href="../lemonsoda-pet-125-lt.html"><b>Lemonsoda Pet 1,25 Lt</b></a></h4>
        <p class="description">Lemonsoda 125 cl</p>
        <p class="right price"><b>1.55 €</b></p>
        <p class="right unitPrice">1.24 € per litre</p>
    </div>
    <div class="contButton">
    <a class="button bgRed white addToCart" href="#">Add</a>
</div>
</div><div class="left product prod26"
        data-name="Crodino Aranc Rossa 10clx10pz"
        data-price="6.99"
        data-id="28062"
        data-available="yes"
        data-category="413"
        data-bestselling="">
    <a href="../crodino-aranc-rossa-10clx10pz.html">
        <div style="background-image: url('../../cdn.spesati.com/images/products/000202953/crodino-gusto-arancia-rossa-10-x-10-cl-01.png')">
            <div class="hover"></div>
            
            <div class="stickers"></div>
        </div>
    </a>
    <div>
        <h4><a href="../crodino-aranc-rossa-10clx10pz.html"><b>Crodino Aranc Rossa 10clx10pz</b></a></h4>
        <p class="description">Crodino Gusto Arancia Rossa 10 x 10 cl</p>
        <p class="right price"><b>6.99 €</b></p>
        <p class="right unitPrice">6.99 € per litre</p>
    </div>
    <div class="contButton">
    <a class="button bgRed white addToCart" href="#">Add</a>
</div>
</div><div class="left product prod27"
        data-name="Schweppes Cedrata 1lt"
        data-price="1.99"
        data-id="28046"
        data-available="yes"
        data-category="413"
        data-bestselling="">
    <a href="../schweppes-cedrata-1lt.html">
        <div style="background-image: url('../../cdn.spesati.com/images/products/000202908/schweppes-cedrata-1-l-pet-01.png')">
            <div class="hover"></div>
            
            <div class="stickers"></div>
        </div>
    </a>
    <div>
        <h4><a href="../schweppes-cedrata-1lt.html"><b>Schweppes Cedrata 1lt</b></a></h4>
        <p class="description">Schweppes Cedrata 1 L PET</p>
        <p class="right price"><b>1.99 €</b></p>
        <p class="right unitPrice">1.99 € per litre</p>
    </div>
    <div class="contButton">
    <a class="button bgRed white addToCart" href="#">Add</a>
</div>
</div><div class="left product prod28"
        data-name="San Benedetto Zero Ginger 75 Cl"
        data-price="0.87"
        data-id="5670"
        data-available="yes"
        data-category="413"
        data-bestselling="2">
    <a href="../san-benedetto-zero-ginger-75-cl.html">
        <div style="background-image: url('../../cdn.spesati.com/images/products/000202719/ginger-san-benedetto-zero-075-l-pet-x6-01.png')">
            <div class="hover"></div>
            <p class="arrow bgRed white">Best Seller</p>
            <div class="stickers"></div>
        </div>
    </a>
    <div>
        <h4><a href="../san-benedetto-zero-ginger-75-cl.html"><b>San Benedetto Zero Ginger 75 Cl</b></a></h4>
        <p class="description">Ginger San Benedetto Zero 0,75 L PET x6</p>
        <p class="right price"><b>0.87 €</b></p>
        <p class="right unitPrice">1.16 € per litre</p>
    </div>
    <div class="contButton">
    <a class="button bgRed white addToCart" href="#">Add</a>
</div>
</div><div class="left product prod29"
        data-name="Pepsi Cola Regular"
        data-price="1.39"
        data-id="3840"
        data-available="yes"
        data-category="413"
        data-bestselling="">
    <a href="../pepsi-cola-regular.html">
        <div style="background-image: url('../../cdn.spesati.com/images/products/000202669/pepsi-1-l-01.png')">
            <div class="hover"></div>
            
            <div class="stickers"></div>
        </div>
    </a>
    <div>
        <h4><a href="../pepsi-cola-regular.html"><b>Pepsi Cola Regular</b></a></h4>
        <p class="description">Pepsi 1 L</p>
        <p class="right price"><b>1.39 €</b></p>
        <p class="right unitPrice">1.39 € per litre</p>
    </div>
    <div class="contButton">
    <a class="button bgRed white addToCart" href="#">Add</a>
</div>
</div><div class="left product prod30"
        data-name="San Benedetto Zero Chinotto 75 Cl"
        data-price="0.87"
        data-id="5671"
        data-available="yes"
        data-category="413"
        data-bestselling="1">
    <a href="../san-benedetto-zero-chinotto-75-cl.html">
        <div style="background-image: url('../../cdn.spesati.com/images/products/000202373/chinotto-san-benedetto-zero-075-l-pet-x6-01.png')">
            <div class="hover"></div>
            <p class="arrow bgRed white">Best Seller</p>
            <div class="stickers"></div>
        </div>
    </a>
    <div>
        <h4><a href="../san-benedetto-zero-chinotto-75-cl.html"><b>San Benedetto Zero Chinotto 75 Cl</b></a></h4>
        <p class="description">Chinotto San Benedetto Zero 0,75 L PET x6</p>
        <p class="right price"><b>0.87 €</b></p>
        <p class="right unitPrice">1.16 € per litre</p>
    </div>
    <div class="contButton">
    <a class="button bgRed white addToCart" href="#">Add</a>
</div>
</div><div class="left product prod31"
        data-name="Gassosa S.benedetto Zero 75 Cl"
        data-price="0.87"
        data-id="27948"
        data-available="yes"
        data-category="413"
        data-bestselling="2">
    <a href="../gassosa-sbenedetto-zero-75-cl.html">
        <div style="background-image: url('../../cdn.spesati.com/images/products/000202361/gassosa-san-benedetto-zero-075-l-pet-x6-01.png')">
            <div class="hover"></div>
            <p class="arrow bgRed white">Best Seller</p>
            <div class="stickers"></div>
        </div>
    </a>
    <div>
        <h4><a href="../gassosa-sbenedetto-zero-75-cl.html"><b>Gassosa S.benedetto Zero 75 Cl</b></a></h4>
        <p class="description">Gassosa San Benedetto Zero 0,75 L PET x6</p>
        <p class="right price"><b>0.87 €</b></p>
        <p class="right unitPrice">1.16 € per litre</p>
    </div>
    <div class="contButton">
    <a class="button bgRed white addToCart" href="#">Add</a>
</div>
</div><div class="left product prod32"
        data-name="Limone S.benedetto Zero 75 Cl"
        data-price="0.87"
        data-id="27947"
        data-available="yes"
        data-category="413"
        data-bestselling="2">
    <a href="../limone-sbenedetto-zero-75-cl.html">
        <div style="background-image: url('../../cdn.spesati.com/images/products/000202359/limone-san-benedetto-zero-075-l-pet-x6-01.png')">
            <div class="hover"></div>
            <p class="arrow bgRed white">Best Seller</p>
            <div class="stickers"></div>
        </div>
    </a>
    <div>
        <h4><a href="../limone-sbenedetto-zero-75-cl.html"><b>Limone S.benedetto Zero 75 Cl</b></a></h4>
        <p class="description">Limone San Benedetto Zero 0,75 L PET x6</p>
        <p class="right price"><b>0.87 €</b></p>
        <p class="right unitPrice">1.16 € per litre</p>
    </div>
    <div class="contButton">
    <a class="button bgRed white addToCart" href="#">Add</a>
</div>
</div><div class="left product prod33"
        data-name="Allegra S Bened Aranc Zero 75c"
        data-price="0.87"
        data-id="27946"
        data-available="yes"
        data-category="413"
        data-bestselling="">
    <a href="../allegra-s-bened-aranc-zero-75c.html">
        <div style="background-image: url('../../cdn.spesati.com/images/products/000202358/allegra-san-benedetto-zero-075-l-pet-01.png')">
            <div class="hover"></div>
            
            <div class="stickers"></div>
        </div>
    </a>
    <div>
        <h4><a href="../allegra-s-bened-aranc-zero-75c.html"><b>Allegra S Bened Aranc Zero 75c</b></a></h4>
        <p class="description">Allegra San Benedetto Zero 0,75 L PET</p>
        <p class="right price"><b>0.87 €</b></p>
        <p class="right unitPrice">1.16 € per litre</p>
    </div>
    <div class="contButton">
    <a class="button bgRed white addToCart" href="#">Add</a>
</div>
</div><div class="left product prod34"
        data-name="San Benedetto Bitter Rosso 6X10Cl"
        data-price="2.89"
        data-id="5659"
        data-available="yes"
        data-category="413"
        data-bestselling="">
    <a href="../san-benedetto-bitter-rosso-6x10cl.html">
        <div style="background-image: url('../../cdn.spesati.com/images/products/000202340/bitter-rosso-san-benedetto-010-l-ow-x6-01.png')">
            <div class="hover"></div>
            
            <div class="stickers"></div>
        </div>
    </a>
    <div>
        <h4><a href="../san-benedetto-bitter-rosso-6x10cl.html"><b>San Benedetto Bitter Rosso 6X10Cl</b></a></h4>
        <p class="description">Bitter Rosso San Benedetto 0,10 L ow x6</p>
        <p class="right price"><b>2.89 €</b></p>
        <p class="right unitPrice">4.82 € per litre</p>
    </div>
    <div class="contButton">
    <a class="button bgRed white addToCart" href="#">Add</a>
</div>
</div><div class="left product prod35"
        data-name="Schweppes Tonica 33cl Lattina"
        data-price="0.96"
        data-id="27944"
        data-available="yes"
        data-category="413"
        data-bestselling="">
    <a href="../schweppes-tonica-33cl-lattina.html">
        <div style="background-image: url('../../cdn.spesati.com/images/products/000202331/schweppes-tonica-24-x-033-l-01.png')">
            <div class="hover"></div>
            
            <div class="stickers"></div>
        </div>
    </a>
    <div>
        <h4><a href="../schweppes-tonica-33cl-lattina.html"><b>Schweppes Tonica 33cl Lattina</b></a></h4>
        <p class="description">Schweppes Tonica 24 x 0,33 L</p>
        <p class="right price"><b>0.96 €</b></p>
        <p class="right unitPrice">2.89 € per litre</p>
    </div>
    <div class="contButton">
    <a class="button bgRed white addToCart" href="#">Add</a>
</div>
</div><div class="left product prod36"
        data-name="San Benedetto Ginger"
        data-price="1.29"
        data-id="405"
        data-available="yes"
        data-category="413"
        data-bestselling="6">
    <a href="../san-benedetto-ginger.html">
        <div style="background-image: url('../../cdn.spesati.com/images/products/000202320/ginger-san-benedetto-15-l-pet-01.png')">
            <div class="hover"></div>
            <p class="arrow bgRed white">Best Seller</p>
            <div class="stickers"></div>
        </div>
    </a>
    <div>
        <h4><a href="../san-benedetto-ginger.html"><b>San Benedetto Ginger</b></a></h4>
        <p class="description">Ginger San Benedetto 1,5 L PET</p>
        <p class="right price"><b>1.29 €</b></p>
        <p class="right unitPrice">0.85 € per litre</p>
    </div>
    <div class="contButton">
    <a class="button bgRed white addToCart" href="#">Add</a>
</div>
</div><div class="left product prod37"
        data-name="Schweppes Soda 4X180Cc"
        data-price="3.99"
        data-id="4538"
        data-available="yes"
        data-category="413"
        data-bestselling="">
    <a href="../schweppes-soda-4x180cc.html">
        <div style="background-image: url('../../cdn.spesati.com/images/products/000202303/schweppes-soda-018-l-ow-x-4-01.png')">
            <div class="hover"></div>
            
            <div class="stickers"></div>
        </div>
    </a>
    <div>
        <h4><a href="../schweppes-soda-4x180cc.html"><b>Schweppes Soda 4X180Cc</b></a></h4>
        <p class="description">Schweppes Soda 0,18 L ow  x 4</p>
        <p class="right price"><b>3.99 €</b></p>
        <p class="right unitPrice">5.54 € per litre</p>
    </div>
    <div class="contButton">
    <a class="button bgRed white addToCart" href="#">Add</a>
</div>
</div><div class="left product prod38"
        data-name="Schweppes Ginger Ale 4x180ml"
        data-price="4.85"
        data-id="27941"
        data-available="yes"
        data-category="413"
        data-bestselling="">
    <a href="../schweppes-ginger-ale-4x180ml.html">
        <div style="background-image: url('../../cdn.spesati.com/images/products/000202302/schweppes-ginger-ale-018-l-ow-x-4-01.png')">
            <div class="hover"></div>
            
            <div class="stickers"></div>
        </div>
    </a>
    <div>
        <h4><a href="../schweppes-ginger-ale-4x180ml.html"><b>Schweppes Ginger Ale 4x180ml</b></a></h4>
        <p class="description">Schweppes Ginger Ale 0,18 L ow x 4</p>
        <p class="right price"><b>4.85 €</b></p>
        <p class="right unitPrice">6.75 € per litre</p>
    </div>
    <div class="contButton">
    <a class="button bgRed white addToCart" href="#">Add</a>
</div>
</div><div class="left product prod39"
        data-name="Schweppes Limone 4x180ml"
        data-price="4.13"
        data-id="27939"
        data-available="yes"
        data-category="413"
        data-bestselling="">
    <a href="../schweppes-limone-4x180ml.html">
        <div style="background-image: url('../../cdn.spesati.com/images/products/000202300/schweppes-limone-018-l-ow-x4-01.png')">
            <div class="hover"></div>
            
            <div class="stickers"></div>
        </div>
    </a>
    <div>
        <h4><a href="../schweppes-limone-4x180ml.html"><b>Schweppes Limone 4x180ml</b></a></h4>
        <p class="description">Schweppes Limone 0,18 L ow x4</p>
        <p class="right price"><b>4.13 €</b></p>
        <p class="right unitPrice">5.73 € per litre</p>
    </div>
    <div class="contButton">
    <a class="button bgRed white addToCart" href="#">Add</a>
</div>
</div><div class="left product prod40"
        data-name="Scheweppes Tonica 4X18Cl"
        data-price="3.99"
        data-id="4537"
        data-available="yes"
        data-category="413"
        data-bestselling="">
    <a href="../scheweppes-tonica-4x18cl.html">
        <div style="background-image: url('../../cdn.spesati.com/images/products/000202299/schweppes-tonica-018-l-ow-x-4-01.png')">
            <div class="hover"></div>
            
            <div class="stickers"></div>
        </div>
    </a>
    <div>
        <h4><a href="../scheweppes-tonica-4x18cl.html"><b>Scheweppes Tonica 4X18Cl</b></a></h4>
        <p class="description">Schweppes Tonica 0,18 L ow x 4</p>
        <p class="right price"><b>3.99 €</b></p>
        <p class="right unitPrice">5.54 € per litre</p>
    </div>
    <div class="contButton">
    <a class="button bgRed white addToCart" href="#">Add</a>
</div>
</div><div class="left product prod41"
        data-name="Schweppes Pompelmo Rosa Pet"
        data-price="1.99"
        data-id="3767"
        data-available="yes"
        data-category="413"
        data-bestselling="">
    <a href="../schweppes-pompelmo-rosa-pet.html">
        <div style="background-image: url('../../cdn.spesati.com/images/products/000202298/schweppes-pompelmo-in-rosa-1-l-pet-01.png')">
            <div class="hover"></div>
            
            <div class="stickers"></div>
        </div>
    </a>
    <div>
        <h4><a href="../schweppes-pompelmo-rosa-pet.html"><b>Schweppes Pompelmo Rosa Pet</b></a></h4>
        <p class="description">Schweppes Pompelmo in Rosa 1 L PET</p>
        <p class="right price"><b>1.99 €</b></p>
        <p class="right unitPrice">1.99 € per litre</p>
    </div>
    <div class="contButton">
    <a class="button bgRed white addToCart" href="#">Add</a>
</div>
</div><div class="left product prod42"
        data-name="Schweppes Tonica 1 Lt"
        data-price="1.39"
        data-id="422"
        data-available="yes"
        data-category="413"
        data-bestselling="">
    <a href="../schweppes-tonica-1-lt.html">
        <div style="background-image: url('../../cdn.spesati.com/images/products/000202296/schweppes-tonica-1-l-pet-01.png')">
            <div class="hover"></div>
            <p class="arrow bgRed white">Offer</p>
            <div class="stickers"></div>
        </div>
    </a>
    <div>
        <h4><a href="../schweppes-tonica-1-lt.html"><b>Schweppes Tonica 1 Lt</b></a></h4>
        <p class="description">Schweppes Tonica 1 L PET</p>
        <p class="left offer red">1.95 €</p>
<p class="right price"><b>1.39 €</b></p>
        <p class="right unitPrice">1.39 € per litre</p>
    </div>
    <div class="contButton">
    <a class="button bgRed white addToCart" href="#">Add</a>
</div>
</div><div class="left product prod43"
        data-name="Mojitosoda 33cl Sleek"
        data-price="0.83"
        data-id="27938"
        data-available="yes"
        data-category="413"
        data-bestselling="">
    <a href="../mojitosoda-33cl-sleek.html">
        <div style="background-image: url('../../cdn.spesati.com/images/products/000202277/lemonsoda-mojito-33-cl-01.png')">
            <div class="hover"></div>
            
            <div class="stickers"></div>
        </div>
    </a>
    <div>
        <h4><a href="../mojitosoda-33cl-sleek.html"><b>Mojitosoda 33cl Sleek</b></a></h4>
        <p class="description">Lemonsoda Mojito 33 cl</p>
        <p class="right price"><b>0.83 €</b></p>
        <p class="right unitPrice">2.51 € per litre</p>
    </div>
    <div class="contButton">
    <a class="button bgRed white addToCart" href="#">Add</a>
</div>
</div><div class="left product prod44"
        data-name="Pepsi Cola Twist"
        data-price="1.59"
        data-id="401"
        data-available="yes"
        data-category="413"
        data-bestselling="3">
    <a href="../pepsi-cola-twist.html">
        <div style="background-image: url('../../cdn.spesati.com/images/products/000202274/pepsi-twist-limone-15-l-01.png')">
            <div class="hover"></div>
            <p class="arrow bgRed white">Best Seller</p>
            <div class="stickers"></div>
        </div>
    </a>
    <div>
        <h4><a href="../pepsi-cola-twist.html"><b>Pepsi Cola Twist</b></a></h4>
        <p class="description">Pepsi Twist limone 1,5 L</p>
        <p class="right price"><b>1.59 €</b></p>
        <p class="right unitPrice">1.06 € per litre</p>
    </div>
    <div class="contButton">
    <a class="button bgRed white addToCart" href="#">Add</a>
</div>
</div><div class="left product prod45"
        data-name="Pepsi Cola Lattina Cl 33"
        data-price="0.59"
        data-id="5669"
        data-available="yes"
        data-category="413"
        data-bestselling="">
    <a href="../pepsi-cola-lattina-cl-33.html">
        <div style="background-image: url('../../cdn.spesati.com/images/products/000202271/pepsi-330-ml-01.png')">
            <div class="hover"></div>
            <p class="arrow bgRed white">Offer</p>
            <div class="stickers"></div>
        </div>
    </a>
    <div>
        <h4><a href="../pepsi-cola-lattina-cl-33.html"><b>Pepsi Cola Lattina Cl 33</b></a></h4>
        <p class="description">Pepsi 330 ml</p>
        <p class="left offer red">0.74 €</p>
<p class="right price"><b>0.59 €</b></p>
        <p class="right unitPrice">1.79 € per litre</p>
    </div>
    <div class="contButton">
    <a class="button bgRed white addToCart" href="#">Add</a>
</div>
</div><div class="left product prod46"
        data-name="Pepsi Cola Regular 1.5"
        data-price="1.59"
        data-id="400"
        data-available="yes"
        data-category="413"
        data-bestselling="3">
    <a href="../pepsi-cola-regular-15.html">
        <div style="background-image: url('../../cdn.spesati.com/images/products/000202270/pepsi-15-l-01.png')">
            <div class="hover"></div>
            <p class="arrow bgRed white">Best Seller</p>
            <div class="stickers"></div>
        </div>
    </a>
    <div>
        <h4><a href="../pepsi-cola-regular-15.html"><b>Pepsi Cola Regular 1.5</b></a></h4>
        <p class="description">Pepsi 1,5 L</p>
        <p class="right price"><b>1.59 €</b></p>
        <p class="right unitPrice">1.06 € per litre</p>
    </div>
    <div class="contButton">
    <a class="button bgRed white addToCart" href="#">Add</a>
</div>
</div><div class="left product prod47"
        data-name="Pepsi Regular cl 50"
        data-price="0.93"
        data-id="5667"
        data-available="yes"
        data-category="413"
        data-bestselling="">
    <a href="../pepsi-regular-cl-50.html">
        <div style="background-image: url('../../cdn.spesati.com/images/products/000202268/pepsi-05-l-01.png')">
            <div class="hover"></div>
            
            <div class="stickers"></div>
        </div>
    </a>
    <div>
        <h4><a href="../pepsi-regular-cl-50.html"><b>Pepsi Regular cl 50</b></a></h4>
        <p class="description">Pepsi 0,5 L</p>
        <p class="right price"><b>0.93 €</b></p>
        <p class="right unitPrice">1.87 € per litre</p>
    </div>
    <div class="contButton">
    <a class="button bgRed white addToCart" href="#">Add</a>
</div>
</div><div class="left product prod48"
        data-name="Oransoda Lattina 33Cl"
        data-price="0.83"
        data-id="6272"
        data-available="yes"
        data-category="413"
        data-bestselling="2">
    <a href="../oransoda-lattina-33cl.html">
        <div style="background-image: url('../../cdn.spesati.com/images/products/000202261/oransoda-33-cl-01.png')">
            <div class="hover"></div>
            <p class="arrow bgRed white">Best Seller</p>
            <div class="stickers"></div>
        </div>
    </a>
    <div>
        <h4><a href="../oransoda-lattina-33cl.html"><b>Oransoda Lattina 33Cl</b></a></h4>
        <p class="description">Oransoda 33 cl</p>
        <p class="right price"><b>0.83 €</b></p>
        <p class="right unitPrice">2.51 € per litre</p>
    </div>
    <div class="contButton">
    <a class="button bgRed white addToCart" href="#">Add</a>
</div>
</div><div class="left product prod49"
        data-name="Lemonsoda 33cl Latt"
        data-price="0.83"
        data-id="27935"
        data-available="yes"
        data-category="413"
        data-bestselling="10">
    <a href="../lemonsoda-33cl-latt.html">
        <div style="background-image: url('../../cdn.spesati.com/images/products/000202241/lemonsoda-33-cl-01.png')">
            <div class="hover"></div>
            <p class="arrow bgRed white">Best Seller</p>
            <div class="stickers"></div>
        </div>
    </a>
    <div>
        <h4><a href="../lemonsoda-33cl-latt.html"><b>Lemonsoda 33cl Latt</b></a></h4>
        <p class="description">Lemonsoda 33 cl</p>
        <p class="right price"><b>0.83 €</b></p>
        <p class="right unitPrice">2.51 € per litre</p>
    </div>
    <div class="contButton">
    <a class="button bgRed white addToCart" href="#">Add</a>
</div>
</div><div class="left product prod50"
        data-name="Lemonsoda Zero 33cl Sleek"
        data-price="0.83"
        data-id="27934"
        data-available="yes"
        data-category="413"
        data-bestselling="">
    <a href="../lemonsoda-zero-33cl-sleek.html">
        <div style="background-image: url('../../cdn.spesati.com/images/products/000202239/lemonsoda-zero-33-cl-01.png')">
            <div class="hover"></div>
            
            <div class="stickers"></div>
        </div>
    </a>
    <div>
        <h4><a href="../lemonsoda-zero-33cl-sleek.html"><b>Lemonsoda Zero 33cl Sleek</b></a></h4>
        <p class="description">Lemonsoda Zero 33 cl</p>
        <p class="right price"><b>0.83 €</b></p>
        <p class="right unitPrice">2.51 € per litre</p>
    </div>
    <div class="contButton">
    <a class="button bgRed white addToCart" href="#">Add</a>
</div>
</div><div class="left product prod51"
        data-name="Gassosa Guizza 1,5 S.z."
        data-price="1.04"
        data-id="27931"
        data-available="yes"
        data-category="413"
        data-bestselling="13">
    <a href="../gassosa-guizza-15-sz.html">
        <div style="background-image: url('../../cdn.spesati.com/images/products/000202225/gassosa-guizza-15-l-01.png')">
            <div class="hover"></div>
            <p class="arrow bgRed white">Best Seller</p>
            <div class="stickers"></div>
        </div>
    </a>
    <div>
        <h4><a href="../gassosa-guizza-15-sz.html"><b>Gassosa Guizza 1,5 S.z.</b></a></h4>
        <p class="description">Gassosa Guizza 1,5 L</p>
        <p class="right price"><b>1.04 €</b></p>
        <p class="right unitPrice">0.70 € per litre</p>
    </div>
    <div class="contButton">
    <a class="button bgRed white addToCart" href="#">Add</a>
</div>
</div><div class="left product prod52"
        data-name="San Benedetto Gassosa"
        data-price="1.29"
        data-id="404"
        data-available="yes"
        data-category="413"
        data-bestselling="">
    <a href="../san-benedetto-gassosa.html">
        <div style="background-image: url('../../cdn.spesati.com/images/products/000202220/gassosa-san-benedetto-15-l-pet-x6-01.png')">
            <div class="hover"></div>
            
            <div class="stickers"></div>
        </div>
    </a>
    <div>
        <h4><a href="../san-benedetto-gassosa.html"><b>San Benedetto Gassosa</b></a></h4>
        <p class="description">Gassosa San Benedetto 1,5 L PET x6</p>
        <p class="right price"><b>1.29 €</b></p>
        <p class="right unitPrice">0.85 € per litre</p>
    </div>
    <div class="contButton">
    <a class="button bgRed white addToCart" href="#">Add</a>
</div>
</div><div class="left product prod53"
        data-name="San Benedetto Chinotto"
        data-price="1.29"
        data-id="403"
        data-available="yes"
        data-category="413"
        data-bestselling="2">
    <a href="../san-benedetto-chinotto.html">
        <div style="background-image: url('../../cdn.spesati.com/images/products/000202205/san-benedetto-chinotto-15l-01.png')">
            <div class="hover"></div>
            <p class="arrow bgRed white">Best Seller</p>
            <div class="stickers"></div>
        </div>
    </a>
    <div>
        <h4><a href="../san-benedetto-chinotto.html"><b>San Benedetto Chinotto</b></a></h4>
        <p class="description">San Benedetto Chinotto 1,5L</p>
        <p class="right price"><b>1.29 €</b></p>
        <p class="right unitPrice">0.85 € per litre</p>
    </div>
    <div class="contButton">
    <a class="button bgRed white addToCart" href="#">Add</a>
</div>
</div><div class="left product prod54"
        data-name="San Pellegrino Chinotto Lattine"
        data-price="0.90"
        data-id="416"
        data-available="yes"
        data-category="413"
        data-bestselling="">
    <a href="../san-pellegrino-chinotto-lattine.html">
        <div style="background-image: url('../../cdn.spesati.com/images/products/000202187/sanpellegrino-chino-33-cl-01.png')">
            <div class="hover"></div>
            
            <div class="stickers"></div>
        </div>
    </a>
    <div>
        <h4><a href="../san-pellegrino-chinotto-lattine.html"><b>San Pellegrino Chinotto Lattine</b></a></h4>
        <p class="description">SANPELLEGRINO Chinò 33 cl</p>
        <p class="right price"><b>0.90 €</b></p>
        <p class="right unitPrice">2.72 € per litre</p>
    </div>
    <div class="contButton">
    <a class="button bgRed white addToCart" href="#">Add</a>
</div>
</div><div class="left product prod55"
        data-name="Crodino Cl 10 Cluster Pz 10"
        data-price="6.99"
        data-id="4417"
        data-available="yes"
        data-category="413"
        data-bestselling="1">
    <a href="../crodino-cl-10-cluster-pz-10.html">
        <div style="background-image: url('../../cdn.spesati.com/images/products/000202170/crodino-biondo-10-x-10-cl-01.png')">
            <div class="hover"></div>
            <p class="arrow bgRed white">Best Seller</p>
            <div class="stickers"></div>
        </div>
    </a>
    <div>
        <h4><a href="../crodino-cl-10-cluster-pz-10.html"><b>Crodino Cl 10 Cluster Pz 10</b></a></h4>
        <p class="description">Crodino Biondo 10 x 10 cl</p>
        <p class="right price"><b>6.99 €</b></p>
        <p class="right unitPrice">6.99 € per piece</p>
    </div>
    <div class="contButton">
    <a class="button bgRed white addToCart" href="#">Add</a>
</div>
</div><div class="left product prod56"
        data-name="Sanbitter S Pellegr 10cl 10bt"
        data-price="6.89"
        data-id="27913"
        data-available="yes"
        data-category="413"
        data-bestselling="">
    <a href="../sanbitter-s-pellegr-10cl-10bt.html">
        <div style="background-image: url('../../cdn.spesati.com/images/products/000202152/sanbitter-rosso-10-x-10-cl-01.png')">
            <div class="hover"></div>
            
            <div class="stickers"></div>
        </div>
    </a>
    <div>
        <h4><a href="../sanbitter-s-pellegr-10cl-10bt.html"><b>Sanbitter S Pellegr 10cl 10bt</b></a></h4>
        <p class="description">SANBITTER Rosso 10 x 10 cl</p>
        <p class="right price"><b>6.89 €</b></p>
        <p class="right unitPrice">6.89 € per litre</p>
    </div>
    <div class="contButton">
    <a class="button bgRed white addToCart" href="#">Add</a>
</div>
</div><div class="left product prod57"
        data-name="San Pellegrino Aranciata"
        data-price="0.90"
        data-id="409"
        data-available="yes"
        data-category="413"
        data-bestselling="10">
    <a href="../san-pellegrino-aranciata.html">
        <div style="background-image: url('../../cdn.spesati.com/images/products/000202042/sanpellegrino-naturali-aranciata-33-cl-01.png')">
            <div class="hover"></div>
            <p class="arrow bgRed white">Best Seller</p>
            <div class="stickers"></div>
        </div>
    </a>
    <div>
        <h4><a href="../san-pellegrino-aranciata.html"><b>San Pellegrino Aranciata</b></a></h4>
        <p class="description">SANPELLEGRINO Naturali Aranciata 33 cl</p>
        <p class="right price"><b>0.90 €</b></p>
        <p class="right unitPrice">2.72 € per litre</p>
    </div>
    <div class="contButton">
    <a class="button bgRed white addToCart" href="#">Add</a>
</div>
</div><div class="left product prod58"
        data-name="San Benedetto Aranciata"
        data-price="1.29"
        data-id="402"
        data-available="yes"
        data-category="413"
        data-bestselling="2">
    <a href="../san-benedetto-aranciata.html">
        <div style="background-image: url('../../cdn.spesati.com/images/products/000202024/san-benedetto-allegra-15-l-01.png')">
            <div class="hover"></div>
            <p class="arrow bgRed white">Best Seller</p>
            <div class="stickers"></div>
        </div>
    </a>
    <div>
        <h4><a href="../san-benedetto-aranciata.html"><b>San Benedetto Aranciata</b></a></h4>
        <p class="description">San Benedetto Allegra 1,5 L</p>
        <p class="right price"><b>1.29 €</b></p>
        <p class="right unitPrice">0.85 € per litre</p>
    </div>
    <div class="contButton">
    <a class="button bgRed white addToCart" href="#">Add</a>
</div>
</div><div class="left product prod59"
        data-name="Soleila Guizza Arancia S-z 1,5"
        data-price="0.93"
        data-id="27897"
        data-available="yes"
        data-category="413"
        data-bestselling="13">
    <a href="../soleila-guizza-arancia-s-z-15.html">
        <div style="background-image: url('../../cdn.spesati.com/images/products/000202020/soleila-guizza-15-l-01.png')">
            <div class="hover"></div>
            <p class="arrow bgRed white">Best Seller</p>
            <div class="stickers"></div>
        </div>
    </a>
    <div>
        <h4><a href="../soleila-guizza-arancia-s-z-15.html"><b>Soleila Guizza Arancia S-z 1,5</b></a></h4>
        <p class="description">Soleila Guizza 1,5 L</p>
        <p class="right price"><b>0.93 €</b></p>
        <p class="right unitPrice">0.62 € per litre</p>
    </div>
    <div class="contButton">
    <a class="button bgRed white addToCart" href="#">Add</a>
</div>
</div><div class="left product prod60"
        data-name="Fever Tree Tonic Water 4x20cl"
        data-price="6.55"
        data-id="61473"
        data-available="yes"
        data-category="413"
        data-bestselling="">
    <a href="../fever-tree-tonic-water-4x20cl.html">
        <div style="background-image: url('../../cdn.spesati.com/images/products/missing-image/missing-image.jpg')">
            <div class="hover"></div>
            
            <div class="stickers"></div>
        </div>
    </a>
    <div>
        <h4><a href="../fever-tree-tonic-water-4x20cl.html"><b>Fever Tree Tonic Water 4x20cl</b></a></h4>
        <p class="description">0.8 Lt</p>
        <p class="right price"><b>6.55 €</b></p>
        <p class="right unitPrice">8.19 € per litre</p>
    </div>
    <div class="contButton">
    <a class="button bgRed white addToCart" href="#">Add</a>
</div>
</div><div class="left product prod61"
        data-name="Fever Tree Ginger Beer 4x20cl"
        data-price="8.25"
        data-id="61476"
        data-available="yes"
        data-category="413"
        data-bestselling="">
    <a href="../fever-tree-ginger-beer-4x20cl.html">
        <div style="background-image: url('../../cdn.spesati.com/images/products/missing-image/missing-image.jpg')">
            <div class="hover"></div>
            
            <div class="stickers"></div>
        </div>
    </a>
    <div>
        <h4><a href="../fever-tree-ginger-beer-4x20cl.html"><b>Fever Tree Ginger Beer 4x20cl</b></a></h4>
        <p class="description">0.8 Lt</p>
        <p class="right price"><b>8.25 €</b></p>
        <p class="right unitPrice">10.31 € per litre</p>
    </div>
    <div class="contButton">
    <a class="button bgRed white addToCart" href="#">Add</a>
</div>
</div><div class="left product prod62"
        data-name="Fever Tree Edelflower 4x20cl"
        data-price="7.05"
        data-id="68748"
        data-available="yes"
        data-category="413"
        data-bestselling="">
    <a href="../fever-tree-edelflower-4x20cl.html">
        <div style="background-image: url('../../cdn.spesati.com/images/products/missing-image/missing-image.jpg')">
            <div class="hover"></div>
            
            <div class="stickers"></div>
        </div>
    </a>
    <div>
        <h4><a href="../fever-tree-edelflower-4x20cl.html"><b>Fever Tree Edelflower 4x20cl</b></a></h4>
        <p class="description">0.8 Lt</p>
        <p class="right price"><b>7.05 €</b></p>
        <p class="right unitPrice">8.82 € per litre</p>
    </div>
    <div class="contButton">
    <a class="button bgRed white addToCart" href="#">Add</a>
</div>
</div><div class="left product prod63"
        data-name="Fever Tree T.water Arom 4x20cl"
        data-price="7.05"
        data-id="68751"
        data-available="yes"
        data-category="413"
        data-bestselling="">
    <a href="../fever-tree-twater-arom-4x20cl.html">
        <div style="background-image: url('../../cdn.spesati.com/images/products/missing-image/missing-image.jpg')">
            <div class="hover"></div>
            
            <div class="stickers"></div>
        </div>
    </a>
    <div>
        <h4><a href="../fever-tree-twater-arom-4x20cl.html"><b>Fever Tree T.water Arom 4x20cl</b></a></h4>
        <p class="description">0.8 Lt</p>
        <p class="right price"><b>7.05 €</b></p>
        <p class="right unitPrice">8.82 € per litre</p>
    </div>
    <div class="contButton">
    <a class="button bgRed white addToCart" href="#">Add</a>
</div>
</div><div class="left product prod64"
        data-name="Fever Tree Pink Grapefr 4x20cl"
        data-price="6.65"
        data-id="84401"
        data-available="yes"
        data-category="413"
        data-bestselling="">
    <a href="../fever-tree-pink-grapefr-4x20cl.html">
        <div style="background-image: url('../../cdn.spesati.com/images/products/missing-image/missing-image.jpg')">
            <div class="hover"></div>
            
            <div class="stickers"></div>
        </div>
    </a>
    <div>
        <h4><a href="../fever-tree-pink-grapefr-4x20cl.html"><b>Fever Tree Pink Grapefr 4x20cl</b></a></h4>
        <p class="description">0.8 Lt</p>
        <p class="right price"><b>6.65 €</b></p>
        <p class="right unitPrice">8.31 € per litre</p>
    </div>
    <div class="contButton">
    <a class="button bgRed white addToCart" href="#">Add</a>
</div>
</div><div class="left product prod65"
        data-name="Drink Antarctica Guarana 33cl"
        data-price="2.35"
        data-id="27133"
        data-available="yes"
        data-category="413"
        data-bestselling="">
    <a href="../drink-antarctica-guarana-33cl.html">
        <div style="background-image: url('../../cdn.spesati.com/images/products/missing-image/missing-image.jpg')">
            <div class="hover"></div>
            
            <div class="stickers"></div>
        </div>
    </a>
    <div>
        <h4><a href="../drink-antarctica-guarana-33cl.html"><b>Drink Antarctica Guarana 33cl</b></a></h4>
        <p class="description">0.33 Lt</p>
        <p class="right price"><b>2.35 €</b></p>
        <p class="right unitPrice">7.12 € per litre</p>
    </div>
    <div class="contButton">
    <a class="button bgRed white addToCart" href="#">Add</a>
</div>
</div><div class="left product prod66"
        data-name="Crodino 10 Cl 48 Pz"
        data-price="41.12"
        data-id="28033"
        data-available="yes"
        data-category="413"
        data-bestselling="">
    <a href="../crodino-10-cl-48-pz.html">
        <div style="background-image: url('../../cdn.spesati.com/images/products/missing-image/missing-image.jpg')">
            <div class="hover"></div>
            
            <div class="stickers"></div>
        </div>
    </a>
    <div>
        <h4><a href="../crodino-10-cl-48-pz.html"><b>Crodino 10 Cl 48 Pz</b></a></h4>
        <p class="description">0.1 Lt</p>
        <p class="right price"><b>41.12 €</b></p>
        <p class="right unitPrice">411.24 € per litre</p>
    </div>
    <div class="contButton">
    <a class="button bgRed white addToCart" href="#">Add</a>
</div>
</div><div class="left product prod67"
        data-name="Sanbitter S Pellegr 10cl 48 Pz"
        data-price="38.71"
        data-id="28034"
        data-available="yes"
        data-category="413"
        data-bestselling="">
    <a href="../sanbitter-s-pellegr-10cl-48-pz.html">
        <div style="background-image: url('../../cdn.spesati.com/images/products/missing-image/missing-image.jpg')">
            <div class="hover"></div>
            
            <div class="stickers"></div>
        </div>
    </a>
    <div>
        <h4><a href="../sanbitter-s-pellegr-10cl-48-pz.html"><b>Sanbitter S Pellegr 10cl 48 Pz</b></a></h4>
        <p class="description">0.1 Lt</p>
        <p class="right price"><b>38.71 €</b></p>
        <p class="right unitPrice">387.12 € per litre</p>
    </div>
    <div class="contButton">
    <a class="button bgRed white addToCart" href="#">Add</a>
</div>
</div><div class="left product prod68"
        data-name="Sifone Soda One 1.5 Lt"
        data-price="4.39"
        data-id="28248"
        data-available="yes"
        data-category="413"
        data-bestselling="">
    <a href="../sifone-soda-one-15-lt.html">
        <div style="background-image: url('../../cdn.spesati.com/images/products/missing-image/missing-image.jpg')">
            <div class="hover"></div>
            
            <div class="stickers"></div>
        </div>
    </a>
    <div>
        <h4><a href="../sifone-soda-one-15-lt.html"><b>Sifone Soda One 1.5 Lt</b></a></h4>
        <p class="description">1.5 Lt</p>
        <p class="right price"><b>4.39 €</b></p>
        <p class="right unitPrice">2.93 € per litre</p>
    </div>
    <div class="contButton">
    <a class="button bgRed white addToCart" href="#">Add</a>
</div>
</div><div class="left product prod69"
        data-name="Fever Tree Soda Water 20cl"
        data-price="1.93"
        data-id="28436"
        data-available="yes"
        data-category="413"
        data-bestselling="">
    <a href="../fever-tree-soda-water-20cl.html">
        <div style="background-image: url('../../cdn.spesati.com/images/products/missing-image/missing-image.jpg')">
            <div class="hover"></div>
            
            <div class="stickers"></div>
        </div>
    </a>
    <div>
        <h4><a href="../fever-tree-soda-water-20cl.html"><b>Fever Tree Soda Water 20cl</b></a></h4>
        <p class="description">0.2 Lt</p>
        <p class="right price"><b>1.93 €</b></p>
        <p class="right unitPrice">9.65 € per litre</p>
    </div>
    <div class="contButton">
    <a class="button bgRed white addToCart" href="#">Add</a>
</div>
</div><div class="left product prod70"
        data-name="Fever Tree Mediterranea 4x20cl"
        data-price="6.55"
        data-id="28440"
        data-available="yes"
        data-category="413"
        data-bestselling="">
    <a href="../fever-tree-mediterranea-4x20cl.html">
        <div style="background-image: url('../../cdn.spesati.com/images/products/missing-image/missing-image.jpg')">
            <div class="hover"></div>
            
            <div class="stickers"></div>
        </div>
    </a>
    <div>
        <h4><a href="../fever-tree-mediterranea-4x20cl.html"><b>Fever Tree Mediterranea 4x20cl</b></a></h4>
        <p class="description">0.8 Lt</p>
        <p class="right price"><b>6.55 €</b></p>
        <p class="right unitPrice">8.19 € per litre</p>
    </div>
    <div class="contButton">
    <a class="button bgRed white addToCart" href="#">Add</a>
</div>
</div><div class="left product prod71"
        data-name="Fever Tree Ginger Ale 4x20cl"
        data-price="6.55"
        data-id="28441"
        data-available="yes"
        data-category="413"
        data-bestselling="">
    <a href="../fever-tree-ginger-ale-4x20cl.html">
        <div style="background-image: url('../../cdn.spesati.com/images/products/missing-image/missing-image.jpg')">
            <div class="hover"></div>
            
            <div class="stickers"></div>
        </div>
    </a>
    <div>
        <h4><a href="../fever-tree-ginger-ale-4x20cl.html"><b>Fever Tree Ginger Ale 4x20cl</b></a></h4>
        <p class="description">0.8 Lt</p>
        <p class="right price"><b>6.55 €</b></p>
        <p class="right unitPrice">8.19 € per litre</p>
    </div>
    <div class="contButton">
    <a class="button bgRed white addToCart" href="#">Add</a>
</div>
</div><div class="left product prod72"
        data-name="Fever Tree Tonic Lemon 4x20cl"
        data-price="7.05"
        data-id="28442"
        data-available="yes"
        data-category="413"
        data-bestselling="">
    <a href="../fever-tree-tonic-lemon-4x20cl.html">
        <div style="background-image: url('../../cdn.spesati.com/images/products/missing-image/missing-image.jpg')">
            <div class="hover"></div>
            
            <div class="stickers"></div>
        </div>
    </a>
    <div>
        <h4><a href="../fever-tree-tonic-lemon-4x20cl.html"><b>Fever Tree Tonic Lemon 4x20cl</b></a></h4>
        <p class="description">0.8 Lt</p>
        <p class="right price"><b>7.05 €</b></p>
        <p class="right unitPrice">8.82 € per litre</p>
    </div>
    <div class="contButton">
    <a class="button bgRed white addToCart" href="#">Add</a>
</div>
</div><div class="left product prod73"
        data-name="Crodino Original Xl 3x17.5cl"
        data-price="4.15"
        data-id="86610"
        data-available="no"
        data-category="413"
        data-bestselling="">
    <a href="../crodino-original-xl-3x175cl.html">
        <div style="background-image: url('../../cdn.spesati.com/images/products/000432707/crodino-analcolico-biondo-3-x-175-cl-01.png')">
            <div class="hover"></div>
            
            <div class="stickers"></div>
        </div>
    </a>
    <div>
        <h4><a href="../crodino-original-xl-3x175cl.html"><b>Crodino Original Xl 3x17.5cl</b></a></h4>
        <p class="description">Crodino Analcolico Biondo 3 x 17,5 cl</p>
        <p class="right price"><b>4.15 €</b></p>
        <p class="right unitPrice">7.83 € per litre</p>
    </div>
    <div class="notAvailable">
    <a class="button bgDarkGrey white" href="../crodino-original-xl-3x175cl.html">Not available</a>
</div>
</div><div class="left product prod74"
        data-name="Schweppes Limone Pet 1 lt"
        data-price="1.99"
        data-id="5430"
        data-available="no"
        data-category="413"
        data-bestselling="">
    <a href="../schweppes-limone-pet-1-lt.html">
        <div style="background-image: url('../../cdn.spesati.com/images/products/000202297/schweppes-limone-1-l-pet-01.png')">
            <div class="hover"></div>
            
            <div class="stickers"></div>
        </div>
    </a>
    <div>
        <h4><a href="../schweppes-limone-pet-1-lt.html"><b>Schweppes Limone Pet 1 lt</b></a></h4>
        <p class="description">Schweppes Limone 1 L PET</p>
        <p class="right price"><b>1.99 €</b></p>
        <p class="right unitPrice">1.99 € per litre</p>
    </div>
    <div class="notAvailable">
    <a class="button bgDarkGrey white" href="../schweppes-limone-pet-1-lt.html">Not available</a>
</div>
</div><div class="left product prod75"
        data-name="Tassoni Cedrata Soda 6X18Cl"
        data-price="6.88"
        data-id="4561"
        data-available="no"
        data-category="413"
        data-bestselling="">
    <a href="../tassoni-cedrata-soda-6x18cl.html">
        <div style="background-image: url('../../cdn.spesati.com/images/products/000202059/tassoni-soda-cedrata-6-x-18-cl-01.png')">
            <div class="hover"></div>
            
            <div class="stickers"></div>
        </div>
    </a>
    <div>
        <h4><a href="../tassoni-cedrata-soda-6x18cl.html"><b>Tassoni Cedrata Soda 6X18Cl</b></a></h4>
        <p class="description">Tassoni Soda Cedrata 6 x 18 cl</p>
        <p class="right price"><b>6.88 €</b></p>
        <p class="right unitPrice">6.37 € per litre</p>
    </div>
    <div class="notAvailable">
    <a class="button bgDarkGrey white" href="../tassoni-cedrata-soda-6x18cl.html">Not available</a>
</div>
</div><div class="left product prod76"
        data-name="Soda Water Fentimans 200ml"
        data-price="1.98"
        data-id="68976"
        data-available="no"
        data-category="413"
        data-bestselling="">
    <a href="../soda-water-fentimans-200ml.html">
        <div style="background-image: url('../../cdn.spesati.com/images/products/missing-image/missing-image.jpg')">
            <div class="hover"></div>
            
            <div class="stickers"></div>
        </div>
    </a>
    <div>
        <h4><a href="../soda-water-fentimans-200ml.html"><b>Soda Water Fentimans 200ml</b></a></h4>
        <p class="description">0.2 Lt</p>
        <p class="right price"><b>1.98 €</b></p>
        <p class="right unitPrice">9.91 € per litre</p>
    </div>
    <div class="notAvailable">
    <a class="button bgDarkGrey white" href="../soda-water-fentimans-200ml.html">Not available</a>
</div>
</div><div class="left product prod77"
        data-name="Rose Lemonade Fentimans 200ml"
        data-price="1.98"
        data-id="68979"
        data-available="no"
        data-category="413"
        data-bestselling="">
    <a href="../rose-lemonade-fentimans-200ml.html">
        <div style="background-image: url('../../cdn.spesati.com/images/products/missing-image/missing-image.jpg')">
            <div class="hover"></div>
            
            <div class="stickers"></div>
        </div>
    </a>
    <div>
        <h4><a href="../rose-lemonade-fentimans-200ml.html"><b>Rose Lemonade Fentimans 200ml</b></a></h4>
        <p class="description">0.13 Lt</p>
        <p class="right price"><b>1.98 €</b></p>
        <p class="right unitPrice">15.25 € per litre</p>
    </div>
    <div class="notAvailable">
    <a class="button bgDarkGrey white" href="../rose-lemonade-fentimans-200ml.html">Not available</a>
</div>
</div><div class="left product prod78"
        data-name="Fever Tree Light 4x20cl"
        data-price="7.05"
        data-id="81182"
        data-available="no"
        data-category="413"
        data-bestselling="">
    <a href="../fever-tree-light-4x20cl.html">
        <div style="background-image: url('../../cdn.spesati.com/images/products/missing-image/missing-image.jpg')">
            <div class="hover"></div>
            
            <div class="stickers"></div>
        </div>
    </a>
    <div>
        <h4><a href="../fever-tree-light-4x20cl.html"><b>Fever Tree Light 4x20cl</b></a></h4>
        <p class="description">0.8 Lt</p>
        <p class="right price"><b>7.05 €</b></p>
        <p class="right unitPrice">8.82 € per litre</p>
    </div>
    <div class="notAvailable">
    <a class="button bgDarkGrey white" href="../fever-tree-light-4x20cl.html">Not available</a>
</div>
</div>        </div>
    </div>
</section>
<div class="footer">
    <div class="bgDarkGrey"></div>
    <footer>
        <div class="left bgDarkGrey">
            <a id="logoFooter" href="../index.html" class="estDynamic">
                <img src="../../cdn.spesati.com/images/layout/logo-eng.png" alt="Spesati.com" />
                <h2 class="red">Grocery Delivery</h2>
            </a>
            <a class="button bgRed white mobile" href="tel:390707968318">Phone order</a>
            <a class="button bgRed white desktop" href="../news/2020-04-07/news-on-spesati-the-telephone-order-service-is-active.html">Phone order</a>
            <a class="button bgRed white" href="../cdn-cgi/l/email-protection.html#f29b9c949db28182978193869bdc919d9f">Send mail</a>
            <div id="social">
                <a class="left" href="https://www.facebook.com/spesati/" rel="external" target="_blank">
                    <span class="facebook bgRed fa-stack fa-lg">
                        <i class="fa fa-facebook fa-stack-1x "></i>
                    </span>
                </a>
                <a class="right" href="https://twitter.com/spesati" rel="external" target="_blank">
                    <span class="twitter bgRed fa-stack fa-lg">
                        <i class="fa fa-twitter fa-stack-1x "></i>
                    </span>
                </a>
            </div>
            <p>Copyright 2024 Spesati.com </p>
            
                    <p>All rights reserved</p>
                    <p>SPESATI SRL</p>
                    <p>Corso Vittorio Veneto 15/I, 07026, Olbia</p>
                    <p>CF e P.Iva: 02772380909</p>
                        </div>
        <div class="center bgRed">
            <div class="top">
                <h3>Categories</h3>
                <div class="col">
                    <ul>
                        <li>
                            <a href="#" class="estDynamic">On sale</a>
                        </li>
                        <li>
                            <a href="../fruit-and-vegetables.html" class="estDynamic">Fruit and vegetables</a>
                        </li>
                        <li>
                            <a href="../fresh-products.html" class="estDynamic">Fresh products</a>
                        </li>
                        <li>
                            <a href="../frozen-foods.html" class="estDynamic">Frozen foods</a>
                        </li>
                        <li>
                            <a href="../bread-and-pasta.html" class="estDynamic">Bread and pasta</a>
                        </li>
                        <li>
                            <a href="../meat.html" class="estDynamic">Meat</a>
                        </li>
                        <li>
                            <a href="../fish.html" class="estDynamic">Fish</a>
                        </li>
                    </ul>
                </div>
                <div class="col">
                    <ul>
                        <li>
                            <a href="../wine-beer-and-spirits.html" class="estDynamic">Wine beer and spirits</a>
                        </li>
                        <li>
                            <a href="../water-and-drinks.html" class="estDynamic">Water and drinks</a>
                        </li>
                        <li>
                            <a href="../sweets.html" class="estDynamic">Sweets</a>
                        </li>
                        <li>
                            <a href="../shelf.html" class="estDynamic">Cupboard</a>
                        </li>
                        <li>
                            <a href="../personal-care.html" class="estDynamic">Personal care</a>
                        </li>
                        <li>
                            <a href="../household-and-outdoors.html" class="estDynamic">Home and outdoors</a>
                        </li>
                        <li>
                            <a href="../pet.html" class="estDynamic">Pets</a>
                        </li>
                    </ul>
                </div>
                <div class="col">
                    <ul>
                        <li>
                            <a href="../technology.html" class="estDynamic">Technology</a>
                        </li>
                        <li>
                            <a href="../gluten-free.html" class="estDynamic">Gluten free</a>
                        </li>
                        <li>
                            <a href="../lactose-free.html" class="estDynamic">Lactose free</a>
                        </li>
                        <li>
                            <a href="../special.html" class="estDynamic">Special</a>
                        </li>
                        <li>
                            <a href="../sardinian-products.html" class="estDynamic">Sardinian products</a>
                        </li>
                    </ul>
                </div>
            </div>
            <div class="bottom bgRed">
                <div class="left">
                    <h3>Delivery payment</h3>
                    <div>
                        <i class="fa fa-money fa-3x" aria-hidden="true"></i>
                        <p>Cash</p>
                    </div>
                    <div>
                        <i class="fa fa-credit-card fa-3x" aria-hidden="true"></i>
                        <p>Bancomat or card</p>
                    </div>
                </div>
                <div class="right">
                    <h3>Online payment</h3>
                    <div>
                        <i class="fa fa-credit-card fa-3x" aria-hidden="true"></i>
                        <p>Credit or debit card <span class="red">online</span></p>
                    </div>
                    <div>
                        <i class="fa fa-paypal fa-3x" aria-hidden="true"></i>
                        <p>PayPal</p>
                    </div>
                    <div>
                        <i class="fa fa-university fa-3x" aria-hidden="true"></i>
                        <p>Bank transfer</p>
                    </div>
                </div>
            </div>
        </div>
        <div class="right bgRed">
            <div>
                <i class="fa fa-truck fa-flip-horizontal"></i>
                <a class="button bgYellow white" href="../delivery-prices.html">Delivery prices</a>
                
                    <h3>Home delivery:</h3>
                    <p><b>Monday to Saturday</b></p>
                    <p><b>9:00 to 20:00</b></p>
                    <p><b>Minimum order:</b> 29€</p>
                    <p><b>Delivery starting from:</b> 3,50€</p>
                            </div>
            <ul>
                <li>
                    <a href="../delivery-prices.html">Delivery prices</a>
                </li>
                <li>
                    <a href="../about.html">About</a>
                </li>
                <li>
                    <a href="../faq.html">Faq</a>
                </li>
                <li>
                    <a href="../customer-care.html">Support</a>
                </li>
                <li>
                    <a href="../news.html">Blog</a>
                </li>
                <li>
                    <a href="../terms-and-conditions.html">Conditions</a>
                </li>
                <li>
                    <a href="../privacy-policy.html">Privacy policy</a>
                </li>
                <li>
                    <a href="../legal-warranty.html">Legal guarantee</a>
                </li>
            </ul>
        </div>
    </footer>
    <div class="bgRed"></div>
</div>
<!--Start of Tawk.to Script-->
<script data-cfasync="false" src="../cdn-cgi/scripts/5c5dd728/cloudflare-static/email-decode.min.js"></script><script type="text/javascript">
var Tawk_API=Tawk_API||{}, Tawk_LoadStart=new Date();
(function(){
var s1=document.createElement("script"),s0=document.getElementsByTagName("script")[0];
s1.async=true;
s1.src='https://embed.tawk.to/59e86945c28eca75e4626ed9/default';
s1.charset='UTF-8';
s1.setAttribute('crossorigin','*');
s0.parentNode.insertBefore(s1,s0);
})();
</script>
<!--End of Tawk.to Script-->

<!-- Here are parked a few translatable strings, useful for Javascript rendering -->
<div id="js-texts" hidden>
    <input type="hidden" name="save_cart_notice" value="Saving your cart it will be possible to reload it next time you come for shopping">
    <input type="hidden" name="save_cart_notice_title" value="Want to save your cart?">
    <input type="hidden" name="save_cart_ok" value="Save">
    <input type="hidden" name="save_cart_ko" value="Don't Save">
    <input type="hidden" name="reload_cart" value="The Reload Order function allows you to top up your last cart to make a New Order. Warning: do not use this function to add products to the last order. At this time it is not possible to modify an order placed previously.">
</div>

<!-- new site and login popup -->
</body>
<!-- Mirrored from www.spesati.com/water-and-drinks/fizzy-drinks by HTTrack Website Copier/3.x [XR&CO'2014], Fri, 23 Feb 2024 18:21:21 GMT -->
</html>