<!DOCTYPE html><html lang="en">
<!-- Mirrored from www.spesati.com/water-and-drinks/juice by HTTrack Website Copier/3.x [XR&CO'2014], Fri, 23 Feb 2024 18:23:48 GMT -->
<!-- Added by HTTrack --><meta http-equiv="content-type" content="text/html;charset=utf-8" /><!-- /Added by HTTrack -->
<head>
    <title>Juice - Water and drinks - Spesati.com</title>
    <meta http-equiv="Content-Type" content="text/html; charset=UTF-8" />
    <meta name="description" content="" />
    <meta name="keywords" content="" />
    <link href="../images/favicon.ico" rel="shortcut icon" type="image/x-icon" />
    <meta name="author" content="www.dodify.com" /><link rel="canonical" href="juice.html" /><link rel="alternate" hreflang="en" href="juice.html" /><link rel="alternate" hreflang="it" href="https://www.spesati.it/acqua-e-bibite/succhi" /><link href="../../cdnjs.cloudflare.com/ajax/libs/meyer-reset/2.0/reset.min.css" rel="stylesheet" type="text/css" /><link href="../../cdnjs.cloudflare.com/ajax/libs/font-awesome/6.5.1/css/all.min.css" rel="stylesheet" type="text/css" /><link href="https://fonts.googleapis.com/css?family=Montserrat:400,700" rel="stylesheet" type="text/css" /><link href="../../cdnjs.cloudflare.com/ajax/libs/fancybox/2.1.5/jquery.fancybox.min.css" rel="stylesheet" type="text/css" /><link href="../style/mainbea6.css?v=7" rel="stylesheet" type="text/css" /><link href="../style/lightslider.css" rel="stylesheet" type="text/css" /><link href="../style/categories.css" rel="stylesheet" type="text/css" /><script src="../../cdnjs.cloudflare.com/ajax/libs/jquery/3.6.1/jquery.min.js" type="text/javascript"></script><script src="../../ajax.googleapis.com/ajax/libs/jquery/1.11.0/jquery.min.js" type="text/javascript"></script><script src="http://unpkg.com/@floating-ui/core@0.4.0" type="text/javascript"></script><script src="http://unpkg.com/@floating-ui/dom@0.2.0" type="text/javascript"></script><script src="../../cdnjs.cloudflare.com/ajax/libs/fancybox/2.1.5/jquery.fancybox.min.js" type="text/javascript"></script><script src="../js/menu.js" type="text/javascript"></script><script src="../js/interfaceb6f5.js?v=10" type="text/javascript"></script><script src="../js/spesati.lightslider.min.js" type="text/javascript"></script><meta name="viewport" content="width=device-width, initial-scale=1, maximum-scale=1" /><meta name = "format-detection" content = "telephone=no">
<!-- Facebook Pixel Code -->
<script>
  !function(f,b,e,v,n,t,s)
  {if(f.fbq)return;n=f.fbq=function(){n.callMethod?
  n.callMethod.apply(n,arguments):n.queue.push(arguments)};
  if(!f._fbq)f._fbq=n;n.push=n;n.loaded=!0;n.version='2.0';
  n.queue=[];t=b.createElement(e);t.async=!0;
  t.src=v;s=b.getElementsByTagName(e)[0];
  s.parentNode.insertBefore(t,s)}(window, document,'script',
  '../../connect.facebook.net/en_US/fbevents.js');
  fbq('init', '792335014180667');
  fbq('track', 'PageView');
</script>
<noscript>
    <img height="1" width="1" style="display:none" src="https://www.facebook.com/tr?id=792335014180667&amp;ev=PageView&amp;noscript=1" />
</noscript>
<!-- End Facebook Pixel Code -->

<!-- GA4 -->
<script async src="https://www.googletagmanager.com/gtag/js?id=G-SSS6NRNXL0"></script>
<script>
  window.dataLayer = window.dataLayer || [];
  function gtag(){dataLayer.push(arguments);}
  gtag('js', new Date());
  gtag('config', 'AW-976671669');
  gtag('config', 'G-SSS6NRNXL0');
</script>
<!-- Elements for PWA deploy -->
<link rel="manifest" href="../manifest.json">
<meta name="theme-color" media="(prefers-color-scheme: light)" content="white">
<meta name="theme-color" media="(prefers-color-scheme: dark)"  content="black">
<link href=../images/icon-192.png rel=apple-touch-icon sizes="192x192">
<!-- Establishment logic -->
<script>var pageEstablishment = "Olbia"; var estDefaultPages = true</script>
    <!--[if lt IE 9]>
        <script src="https://cdnjs.cloudflare.com/ajax/libs/html5shiv/3.7.3/html5shiv.min.js" type="text/javascript"></script>
    <![endif]--><script type="text/javascript">
$(document).ready(function() {
    // Check if exists cookie
    if(document.cookie.indexOf("cookieAccepted") < 0) {
        var cookieText = '<div id=\"cookie\"><p>This site uses cookies. Cookies are used for ads personalisation. <a href=\"/privacy-policy\">More info</a></p><button id=\"cookieConsent\" type=\"button\">Accept</button></div>';
        $("body").append($(
            cookieText
        ));
        $('#cookie').css({
            'width'           : '100%',
            'text-align'      : 'center',
            'color'           : '#FFFFFF',
            'background-color': '#000000', 
            'opacity'         : '.8', 
            'position'        : 'fixed', 
            'bottom'          : '0',
            'padding'         : '.5em 0',
            'z-index'         : '999'
        });
        $('#cookie > *').css({
            'display': 'inline'
        });
        $('#cookie a').css({
            'color'          : '#FFFFFF',
            'text-decoration': 'underline',
            'margin-right'   : '2%'
        });
        $('#cookieConsent').click(function() {
            // Set cookie
            var expiry = new Date();
            expiry.setTime(expiry.getTime() + (365 * 24 * 60 * 60 * 1000));
            document.cookie = "cookieAccepted=yes; expires=" + expiry.toGMTString() + "; path=/; domain=.spesati.com";
            $('#cookie').css({'display': 'none'});
        });
    }
});
</script></head><body><script type="text/javascript">
    var addText = "Add";
    var slider  = null;
    $(document).ready(function() {
        slider = $('#cartSlider').lightSlider({
            controls: false,
            item:13,
            loop:false,
            slideMove:1,
            easing: 'cubic-bezier(0.25, 0, 0.25, 1)',
            speed:600,
            responsive : [
                {
                    breakpoint:1400,
                    settings: {
                        item:12,
                        slideMove:1,
                    }
                },
                {
                    breakpoint:1200,
                    settings: {
                        item:11,
                        slideMove:1,
                    }
                },
                {
                    breakpoint:1080,
                    settings: {
                        item:14,
                        slideMove:1,
                    }
                },
                {
                    breakpoint:800,
                    settings: {
                        item:12,
                        slideMove:1,
                    }
                }
            ]
        });
        $('.lSPager').css("display","none");
        $('.lSAction').css("display","block");
        $('#goToPrevSlide').on('click', function () {
            slider.goToPrevSlide();
        });
        $('#goToNextSlide').on('click', function () {
            slider.goToNextSlide();
        });
    });

</script>
<div id="header" class="bgYellow">
    <header>
        <a class="menu" href="#"><i class="fa red fa-bars fa-2x"></i></a>
        <a id="logo" class="colLeft estDynamic" href="../index.html">
            <img src="../../cdn.spesati.com/images/layout/logo-eng.png" alt="Spesati.com" />
            <h2 class="red">Grocery Delivery</h2>
        </a>
        <div class="colRight">
            <div id="controls" class="right">
                <p id="establishmentControls">
                    <span class="establishmentWarning"><i class="fa-solid fa-triangle-exclamation red" title="Stai visualizzando i prodotti disponibili in una zona diversa. Se vuoi cambiare zona, cliccan qui"></i>&nbsp;&nbsp;</span>
                    Shopping from <b><a id="establishment" href="#"></a></b> <span id="estAddress">for </span> <a href="../change-establishment.html">(<i class="fa-solid fa-pencil"></i> Change)</a> <span class="establishmentWarning">but viewing <b>Olbia</b></span>
                </p>
                <p><a href="https://www.spesati.it/acqua-e-bibite/succhi" class="black switch-site">Versione italiana</a></p>                
            </div>
            <div>
                <form id="search" action="https://www.spesati.com/search" method="post" class="left">
                    <fieldset>
                        <div>
                            <input type="text" name="searchBox" id="searchBox" placeholder="Search for a product"></input>
                            <input id="searchButton" type="submit" name="searchButton" class="button bgRed white left" value="Find" />
                        </div>
                    </fieldset>
                </form>
                <div class="center left">
                    <a class="button bgRed white log-in" href="../login.html">Login</a>
                    <a class="button bgRed white sign-up" href="../sign-up.html">Sign up</a>
                    <a class="button bgRed white profile" href="../profile.html">Profile</a>
                    <a class="button bgRed white log-out" href="../index.html" data-endpoint-check-cart="https://api.spesati.com/cart/check">Logout</a>
                </div>
                <div class="right user-function-icons">
                    <a class="red left account"><i class="fa fa-user fa-3x"></i></a>
                    <div id="dropdown">
                        <a class="log-in button bgRed white" href="../login.html">Login</a>
                        <a class="sign-up button bgRed white" href="../sign-up.html">Sign up</a>
                        <a class="profile button bgRed white" href="../profile.html">Profile</a>
                        <a class="log-out button bgRed white" href="../index.html">Logout</a>
                    </div>

                    <div class="cart left">
                        <i class="fa fa-sm fa-shopping-cart red" aria-hidden="true" id="shipping-cart-button"></i>
                        <p id="cartQuantity"></p>
                    </div>

                    <a class="right" href="../cart.html"><p class="black" id="cartTotal"></p></a>
                </div>
            </div>
                            <div id="previewCart">
                    <i id="goToPrevSlide" class="yellow fa fa-angle-left fa-2x" aria-hidden="true"></i>
                    <div><ul id="cartSlider"></ul></div>
                    <i id="goToNextSlide" class="yellow fa fa-angle-right fa-2x" aria-hidden="true"></i>
                </div>
                    </div>
    </header>

    <div id="shipping-cart-options" data-inited="false">
        <a href="../cart.html" class="goto-cart">checkout</a>
        <a href="#" data-endpoint-auth="https://api.spesati.com/cart/save" data-endpoint-noauth="/login" class="save-cart">save</a>
        <a href="#" data-endpoint-auth="https://api.spesati.com/cart/load" class="load-cart">load</a>
    </div>
</div>
<div id="menuCategoriesMobile" class="mobile bgRed">
    <div class="closeMenu">
        <i class="fa fa-times fa-2x white"></i>
        Close
    </div>
    <ul class="bgRed white">
        <div id="langMobile" class="right">
        <a href="https://www.spesati.it/acqua-e-bibite/succhi" class="white switch-site"><p>Versione italiana</p></a>    </div>
        <li><a>Categories</a>
            <ul class="bgWhite">
                <li>
                    <img src="../../cdn.spesati.com/images/menu/on-sale.png"/>
                    On sale                    <i class="fa fa-angle-down" aria-hidden="true"></i>
                    <ul class="sub-menu">
                    <li>
    <a href="../tacchino-fesa-a-fette.html">Tacchino Fesa A Fette</a>
</li><li>
    <a href="../amaro-montenegro-15lt.html">Amaro Montenegro 1,5lt</a>
</li><li>
    <a href="../carbone-di-legna-sacco-10kg.html">Carbone Di Legna Sacco 10Kg</a>
</li><li>
    <a href="../filu-e-ferru-silvio-carta-70cl.html">Filu E Ferru Silvio Carta 70Cl</a>
</li><li>
    <a href="../braciole-suino-con-cotenna.html">Braciole Suino Con Cotenna</a>
</li><li>
    <a href="../bovino-adulto-polpa.html">Bovino Adulto Polpa</a>
</li><li>
    <a href="../vino-la-palma-cannonau-le-bombarde.html">Vino La Palma Cannonau Le Bombarde</a>
</li><li>
    <a href="../fettine-sceltissime-bovino-adulto.html">Fettine Sceltissime Bovino Adulto</a>
</li><li>
    <a href="../suino-fettine-scelte.html">Suino Fettine Scelte</a>
</li><li>
    <a href="../lavazza-caffe-qualita-rossa-2x250gr.html">Lavazza Caffé Qualità Rossa 2x250gr</a>
</li>                        <li>
                            <a class="estDynamic" href="../on-offer.html">All products on sale</a>
                        </li>
                    </ul>
                </li>
                <li>
                    <img src="../../cdn.spesati.com/images/menu/gift.png"/>
                    Gifts                    <i class="fa fa-angle-down" aria-hidden="true"></i>
                    <ul class="sub-menu">
                        <li>
    <a href="../gift-card-da-150.html">Gift Card Da 150</a>
</li><li>
    <a href="../gift-card-da-100.html">Gift Card Da 100</a>
</li><li>
    <a href="../gift-card-da-50.html">Gift Card Da 50</a>
</li><li>
    <a href="../gift-card-da-25.html">Gift Card Da 25</a>
</li>                        <li>
                            <a class="estDynamic" href="../gift.html">All products in the gifts category</a>
                        </li>
                    </ul>
                </li>
                <li>
                    <img src="../../cdn.spesati.com/images/menu/gift-card.png"/>
                    Gift card and discounts                    <i class="fa fa-angle-down" aria-hidden="true"></i>
                    <ul class="sub-menu">
                        <li>
    <a href="../gift-card-da-150.html">Gift Card Da 150</a>
</li><li>
    <a href="../gift-card-da-100.html">Gift Card Da 100</a>
</li><li>
    <a href="../gift-card-da-50.html">Gift Card Da 50</a>
</li><li>
    <a href="../gift-card-da-25.html">Gift Card Da 25</a>
</li>                    </ul>
                </li>
                <li>
                    <img src="../../cdn.spesati.com/images/menu/fuit-and-vegetables.png"/>
                    Fruit and vegetables                    <i class="fa fa-angle-down" aria-hidden="true"></i>
                    <ul class="sub-menu">
                        <li>
                            <a class="estDynamic" href="../fruit-and-vegetables/pulses-and-beans.html">Cereals and pulses and beans</a>
                        </li>
                        <li>
                            <a class="estDynamic" href="../fruit-and-vegetables/fruit.html">Fruit</a>
                        </li>
                        <li>
                            <a class="estDynamic" href="../fruit-and-vegetables/canned-fruit.html">Canned fruit</a>
                        </li>
                        <li>
                            <a class="estDynamic" href="../fruit-and-vegetables/dried-fruit.html">Dried fruit</a>
                        </li>
                        <li>
                            <a class="estDynamic" href="../fruit-and-vegetables/ready-salads.html">Ready salads</a>
                        </li>
                        <li>
                            <a class="estDynamic" href="../fruit-and-vegetables/fresh-spices.html">Fresh spices</a>
                        </li>
                        <li>
                            <a class="estDynamic" href="../fruit-and-vegetables/vegetables.html">Vegetables and soy</a>
                        </li>
                    </ul>
                </li>
                <li>
                    <img src="../../cdn.spesati.com/images/menu/fresh-products.png"/>
                    Fresh products                    <i class="fa fa-angle-down" aria-hidden="true"></i>
                    <ul class="sub-menu">
                        <li>
                            <a class="estDynamic" href="../fresh-products/margarine-and-butter.html">Butter and margarine</a>
                        </li>
                        <li>
                            <a class="estDynamic" href="../fresh-products/danone.html">Danone</a>
                        </li>
                        <li>
                            <a class="estDynamic" href="../fresh-products/dessert.html">Dessert</a>
                        </li>
                        <li>
                            <a class="estDynamic" href="../fresh-products/sweets.html">Sweets</a>
                        </li>
                        <li>
                            <a class="estDynamic" href="../fresh-products/dairy-products.html">Dairy product</a>
                        </li>
                        <li>
                            <a class="estDynamic" href="../fresh-products/bakery.html">Yeast</a>
                        </li>
                        <li>
                            <a class="estDynamic" href="../fresh-products/mascarpone.html">Mascarpone</a>
                        </li>
                        <li>
                            <a class="estDynamic" href="../fresh-products/snacks.html">Snacks</a>
                        </li>
                        <li>
                            <a class="estDynamic" href="../fresh-products/mozzarella.html">Mozzarella</a>
                        </li>
                        <li>
                            <a class="estDynamic" href="../fresh-products/pasta.html">Pasta</a>
                        </li>
                        <li>
                            <a class="estDynamic" href="../fresh-products/pesto-and-sauces.html">Pesto and sauces</a>
                        </li>
                        <li>
                            <a class="estDynamic" href="../fresh-products/ricotta-and-cheese.html">Ricotta and cheese</a>
                        </li>
                        <li>
                            <a class="estDynamic" href="../fresh-products/cured-meat.html">Cured meat</a>
                        </li>
                        <li>
                            <a class="estDynamic" href="../fresh-products/wurstel.html">Würstel</a>
                        </li>
                        <li>
                            <a class="estDynamic" href="../fresh-products/yogurt.html">Yogurt</a>
                        </li>
                    </ul>
                </li>
                <li>
                    <img src="../../cdn.spesati.com/images/menu/frozen-foods.png"/>
                    Frozen foods                    <i class="fa fa-angle-down" aria-hidden="true"></i>
                    <ul class="sub-menu">
                        <li>
                            <a class="estDynamic" href="../frozen-foods/meat.html">Meat</a>
                        </li>
                        <li>
                            <a class="estDynamic" href="../frozen-foods/ice-creams.html">Ice cream and sweet</a>
                        </li>
                        <li>
                            <a class="estDynamic" href="../frozen-foods/pasta.html">Pasta</a>
                        </li>
                        <li>
                            <a class="estDynamic" href="../frozen-foods/fish.html">Fish</a>
                        </li>
                        <li>
                            <a class="estDynamic" href="../frozen-foods/ready-meals.html">Ready meals</a>
                        </li>
                        <li>
                            <a class="estDynamic" href="../frozen-foods/pizzas.html">Pizzas</a>
                        </li>
                        <li>
                            <a class="estDynamic" href="../frozen-foods/vegetables.html">Vegetables and soy</a>
                        </li>
                    </ul>
                </li>
                <li>
                    <img src="../../cdn.spesati.com/images/menu/bread-and-pasta.png"/>
                    Bread and pasta                    <i class="fa fa-angle-down" aria-hidden="true"></i>
                    <ul class="sub-menu">
                        <li>
                            <a class="estDynamic" href="../bread-and-pasta/crackers.html">Crackers</a>
                        </li>
                        <li>
                            <a class="estDynamic" href="../bread-and-pasta/rusks.html">Rusks</a>
                        </li>
                        <li>
                            <a class="estDynamic" href="../bread-and-pasta/white-bread.html">White bread</a>
                        </li>
                        <li>
                            <a class="estDynamic" href="../bread-and-pasta/local-bread.html">Local bread</a>
                        </li>
                        <li>
                            <a class="estDynamic" href="../bread-and-pasta/soft-bread.html">Soft bread</a>
                        </li>
                        <li>
                            <a class="estDynamic" href="../bread-and-pasta/sardinian-bread.html">Sardinian bread</a>
                        </li>
                        <li>
                            <a class="estDynamic" href="../bread-and-pasta/bakery.html">Bakery</a>
                        </li>
                        <li>
                            <a class="estDynamic" href="../bread-and-pasta/pasta.html">Pasta</a>
                        </li>
                        <li>
                            <a class="estDynamic" href="../bread-and-pasta/fresh-pasta.html">Fresh pasta</a>
                        </li>
                    </ul>
                </li>
                <li>
                    <img src="../../cdn.spesati.com/images/menu/meat.png"/>
                    Meat                    <i class="fa fa-angle-down" aria-hidden="true"></i>
                    <ul class="sub-menu">
                        <li>
                            <a class="estDynamic" href="../meat/beef.html">Beef</a>
                        </li>
                        <li>
                            <a class="estDynamic" href="../meat/goat.html">Goat</a>
                        </li>
                        <li>
                            <a class="estDynamic" href="../meat/packaged-meat.html">Packaged meat</a>
                        </li>
                        <li>
                            <a class="estDynamic" href="../meat/rabbit.html">Rabbit</a>
                        </li>
                        <li>
                            <a class="estDynamic" href="../meat/horse.html">Horse</a>
                        </li>
                        <li>
                            <a class="estDynamic" href="../meat/pork.html">Pork</a>
                        </li>
                        <li>
                            <a class="estDynamic" href="../meat/lamb.html">Lamb</a>
                        </li>
                        <li>
                            <a class="estDynamic" href="../meat/poultry.html">Poultry</a>
                        </li>
                    </ul>
                </li>
                <li>
                    <img src="../../cdn.spesati.com/images/menu/fish.png"/>
                    Fish                    <i class="fa fa-angle-down" aria-hidden="true"></i>
                    <ul class="sub-menu">
                        <li>
                            <a class="estDynamic" href="../fish/fresh-water.html">Fresh water</a>
                        </li>
                        <li>
                            <a class="estDynamic" href="../fish/salt-water.html">Salt water</a>
                        </li>
                        <li>
                            <a class="estDynamic" href="../fish/mussels.html">Mussels</a>
                        </li>
                        <li>
                            <a class="estDynamic" href="../fish/dried-and-salted.html">Dried and salted</a>
                        </li>
                        <li>
                            <a class="estDynamic" href="../fish/seafood-salad.html">Seafood salad</a>
                        </li>
                        <li>
                            <a class="estDynamic" href="../fish/prepared.html">Prepared</a>
                        </li>
                        <li>
                            <a class="estDynamic" href="../fish/specialty.html">Specialty</a>
                        </li>   
                        <li>
                            <a class="estDynamic" href="../fish/tuna-and-salmon.html">Tuna and salmon</a>
                        </li>
                    </ul>
                </li>
                <li>
                    <img src="../../cdn.spesati.com/images/menu/alcohol.png"/>
                    Wine beer and spirits                    <i class="fa fa-angle-down" aria-hidden="true"></i>
                    <ul class="sub-menu">
                        <li>
                            <a class="estDynamic" href="../wine-beer-and-spirits/spirits-and-liquors.html">Alcohol</a>
                        </li>
                        <li>
                            <a class="estDynamic" href="../wine-beer-and-spirits/bitters.html">Bitters</a>
                        </li>
                        <li>
                            <a class="estDynamic" href="../wine-beer-and-spirits/aperatif.html">Aperatifs</a>
                        </li>
                        <li>
                            <a class="estDynamic" href="../wine-beer-and-spirits/beer.html">Beer</a>
                        </li>
                        <li>
                            <a class="estDynamic" href="../wine-beer-and-spirits/creams.html">Creams</a>
                        </li>
                        <li>
                            <a class="estDynamic" href="../wine-beer-and-spirits/spirits.html">Spirits</a>
                        </li>
                        <li>
                            <a class="estDynamic" href="../wine-beer-and-spirits/liquors.html">Liquors</a>
                        </li>
                        <li>
                            <a class="estDynamic" href="../wine-beer-and-spirits/white-wine.html">White wine</a>
                        </li>
                        <li>
                            <a class="estDynamic" href="../wine-beer-and-spirits/prosecco-wine.html">Prosecco wine</a>
                        </li>
                        <li>
                            <a class="estDynamic" href="../wine-beer-and-spirits/rose-wine.html">Rose wine</a>
                        </li>
                        <li>
                            <a class="estDynamic" href="../wine-beer-and-spirits/red-wine.html">Red wine</a>
                        </li>
                        <li>
                            <a class="estDynamic" href="../wine-beer-and-spirits/specialty-wine.html">Special wine</a>
                        </li>
                        <li>
                            <a class="estDynamic" href="../wine-beer-and-spirits/sparkling-wine.html">Sparkling wine</a>
                        </li>
                        <li>
                            <a class="estDynamic" href="../wine-beer-and-spirits/vermentino-wine.html">Vermentino wine</a>
                        </li>
                    </ul>
                </li>
                <li>
                    <img src="../../cdn.spesati.com/images/menu/water-and-drinks.png"/>
                    Water and drinks                    <i class="fa fa-angle-down" aria-hidden="true"></i>
                    <ul class="sub-menu">
                        <li>
                            <a class="estDynamic" href="san-martino.html">San Martino</a>
                        </li>
                        <li>
                            <a class="estDynamic" href="water.html">Water</a>
                        </li>
                        <li>
                            <a class="estDynamic" href="alpro.html">Alpro</a>
                        </li>
                        <li>
                            <a class="estDynamic" href="fizzy-drinks.html">Fizzy drinks</a>
                        </li>
                        <li>
                            <a class="estDynamic" href="coca-cola.html">Coca-Cola</a>
                        </li>
                        <li>
                            <a class="estDynamic" href="energy-drink.html">Energy drink</a>
                        </li>
                        <li>
                            <a class="estDynamic" href="syrups.html">Syrups</a>
                        </li>
                        <li>
                            <a class="estDynamic" href="supplements.html">Supplements</a>
                        </li>
                        <li>
                            <a class="estDynamic" href="instant-drinks.html">Instant drinks</a>
                        </li>
                        <li>
                            <a class="estDynamic" href="juice.html">Juice</a>
                        </li>
                        <li>
                            <a class="estDynamic" href="tea.html">Tea</a>
                        </li>
                    </ul>
                </li>
                <li>
                    <img src="../../cdn.spesati.com/images/menu/sweets.png"/>
                    Sweets                    <i class="fa fa-angle-down" aria-hidden="true"></i>
                    <ul class="sub-menu">
                        <li>
                            <a class="estDynamic" href="../sweets/bars-and-snacks.html">Bars and snacks</a>
                        </li>
                        <li>
                            <a class="estDynamic" href="../sweets/biscuits.html">Biscuits</a>
                        </li>
                        <li>
                            <a class="estDynamic" href="../sweets/brioches.html">Brioches</a>
                        </li>
                        <li>
                            <a class="estDynamic" href="../sweets/candy-and-chewing-gum.html">Candy and chewing gum</a>
                        </li>
                        <li>
                            <a class="estDynamic" href="../sweets/cereals.html">Cereals</a>
                        </li>
                        <li>
                            <a class="estDynamic" href="../sweets/chocolate.html">Chocolate</a>
                        </li>
                        <li>
                            <a class="estDynamic" href="../sweets/spreadable-creams.html">Spreads</a>
                        </li>
                        <li>
                            <a class="estDynamic" href="../sweets/dessert-toppings.html">Dessert toppings</a>
                        </li>
                        <li>
                            <a class="estDynamic" href="../sweets/jam.html">Jam</a>
                        </li>
                        <li>
                            <a class="estDynamic" href="../sweets/honey.html">Honey</a>
                        </li>
                        <li>
                            <a class="estDynamic" href="../sweets/panettoni-and-pandoro.html">Panettone and pandoro</a>
                        </li>
                        <li>
                            <a class="estDynamic" href="../sweets/pastry.html">Pastry</a>
                        </li>
                        <li>
                            <a class="estDynamic" href="../sweets/instant-dessert.html">Prepared</a>
                        </li>
                        <li>
                            <a class="estDynamic" href="../sweets/cakes-and-pies.html">Cakes and pies</a>
                        </li>
                        <li>
                            <a class="estDynamic" href="../sweets/easter-eggs-and-doves.html">Easter eggs and doves</a>
                        </li>
                    </ul>
                </li>
                <li>
                    <img src="../../cdn.spesati.com/images/menu/shelf.png"/>
                    Cupboard                    <i class="fa fa-angle-down" aria-hidden="true"></i>
                    <ul class="sub-menu">
                        <li>
                            <a class="estDynamic" href="../shelf/coffee.html">Coffee</a>
                        </li>
                        <li>
                            <a class="estDynamic" href="../shelf/gift-baskets.html">Gift baskets</a>
                        </li>
                        <li>
                            <a class="estDynamic" href="../shelf/stock-cubes.html">Nuts and preparations</a>
                        </li>
                        <li>
                            <a class="estDynamic" href="../shelf/flour-and-baking.html">Flour and baking</a>
                        </li>
                        <li>
                            <a class="estDynamic" href="../shelf/milk.html">Milk</a>
                        </li>
                        <li>
                            <a class="estDynamic" href="../shelf/oil-salt-vinegar.html">Oil, vinegar and salt</a>
                        </li>
                        <li>
                            <a class="estDynamic" href="../shelf/cream-and-bechamel.html">Cream and bechamel</a>
                        </li>
                        <li>
                            <a class="estDynamic" href="../shelf/crisps-and-pretzels.html">Crisps and pretzels</a>
                        </li>
                        <li>
                            <a class="estDynamic" href="../shelf/baby-and-infants-products.html">Early childhood products</a>
                        </li>
                        <li>
                            <a class="estDynamic" href="../shelf/rice.html">Rice</a>
                        </li>
                        <li>
                            <a class="estDynamic" href="../shelf/tins-and-preserves.html">Tins and Preserves</a>
                        </li>
                        <li>
                            <a class="estDynamic" href="../shelf/spices.html">Spices</a>
                        </li>
                        <li>
                            <a class="estDynamic" href="../shelf/sauces.html">Sauces</a>
                        </li>
                        <li>
                            <a class="estDynamic" href="../shelf/tea-and-infusions.html">Tea and infusions</a>
                        </li>
                        <li>
                            <a class="estDynamic" href="../shelf/eggs.html">Eggs</a>
                        </li>
                        <li>
                            <a class="estDynamic" href="../shelf/sugar-and-sweeteners.html">Sugar and sweeteners</a>
                        </li>
                    </ul>
                </li>
                <li>
                    <img src="../../cdn.spesati.com/images/menu/personal-care.png"/>
                    Personal care                    <i class="fa fa-angle-down" aria-hidden="true"></i>
                    <ul class="sub-menu">
                        <li>
                            <a class="estDynamic" href="../personal-care/accessories-and-cotton.html">Accessories and cotton</a>
                        </li>
                        <li>
                            <a class="estDynamic" href="../personal-care/feminine-care-incontinence-and-baby-diapers.html">Feminine incontinence and diapers</a>
                        </li>
                        <li>
                            <a class="estDynamic" href="../personal-care/shower-gel.html">Shower gel</a>
                        </li>
                        <li>
                            <a class="estDynamic" href="../personal-care/creams.html">Creams</a>
                        </li>
                        <li>
                            <a class="estDynamic" href="../personal-care/deodorant.html">Deodorant</a>
                        </li>
                        <li>
                            <a class="estDynamic" href="../personal-care/hair-removal.html">Hair removal</a>
                        </li>
                        <li>
                            <a class="estDynamic" href="../personal-care/disinfectants.html">Disinfectants</a>
                        </li>
                        <li>
                            <a class="estDynamic" href="../personal-care/oral-hygiene.html">Oral hygiene</a>
                        </li>
                        <li>
                            <a class="estDynamic" href="../personal-care/supplements-and-multivitamins.html">Supplements and multivitamins</a>
                        </li>
                        <li>
                            <a class="estDynamic" href="../personal-care/first-aid.html">First aid label</a>
                        </li>
                        <li>
                            <a class="estDynamic" href="../personal-care/beard-products.html">Beard products</a>
                        </li>
                        <li>
                            <a class="estDynamic" href="../personal-care/hairs-products.html">Hair products</a>
                        </li>
                        <li>
                            <a class="estDynamic" href="../personal-care/perfume.html">Perfumes</a>
                        </li>
                        <li>
                            <a class="estDynamic" href="../personal-care/wipes.html">Wipes</a>
                        </li>
                        <li>
                            <a class="estDynamic" href="../personal-care/soaps-and-body-wash.html">Soaps and body wash</a>
                        </li>
                        <li>
                            <a class="estDynamic" href="../personal-care/shampoo-and-conditioner.html">Shampoo and conditioner</a>
                        </li>
                    </ul>
                </li>
                <li>
                    <img src="../../cdn.spesati.com/images/menu/pellet-and-home.png"/>
                    Home and outdoors                    <i class="fa fa-angle-down" aria-hidden="true"></i>
                    <ul class="sub-menu">
                        <li>
                            <a class="estDynamic" href="../household-and-outdoors/distilled-water.html">Distilled water</a>
                        </li>
                        <li>
                            <a class="estDynamic" href="../household-and-outdoors/car-products.html">Cars</a>
                        </li>
                        <li>
                            <a class="estDynamic" href="../household-and-outdoors/bin-bags-and-buckets.html">Bin bags and buckets</a>
                        </li>
                        <li>
                            <a class="estDynamic" href="../household-and-outdoors/bleach-and-stain-removers.html">Bleach and stain removers</a>
                        </li>
                        <li>
                            <a class="estDynamic" href="../household-and-outdoors/candles.html">Candles</a>
                        </li>
                        <li>
                            <a class="estDynamic" href="../household-and-outdoors/kitchen-roll.html">Kitchen roll</a>
                        </li>
                        <li>
                            <a class="estDynamic" href="../household-and-outdoors/air-fresheners.html">Air fresheners</a>
                        </li>
                        <li>
                            <a class="estDynamic" href="../household-and-outdoors/laundry-accessories-and-detergent.html">Laundry detergent</a>
                        </li>
                        <li>
                            <a class="estDynamic" href="../household-and-outdoors/dishwasher-and-washing-up.html">Dishwasher and washing up</a>
                        </li>
                        <li>
                            <a class="estDynamic" href="../household-and-outdoors/gardening.html">Gardening</a>
                        </li>
                        <li>
                            <a class="estDynamic" href="../household-and-outdoors/light-bulbs-and-batteries.html">Lightbulbs and batteries</a>
                        </li>
                        <li>
                            <a class="estDynamic" href="../household-and-outdoors/pellet-and-bbq.html">Pellet and BBQ</a>
                        </li>
                        <li>
                            <a class="estDynamic" href="../household-and-outdoors/bathroom-products.html">Bathroom products</a>
                        </li>
                        <li>
                            <a class="estDynamic" href="../household-and-outdoors/home-and-furniture-products.html">Home and furniture products</a>
                        </li>
                        <li>
                            <a class="estDynamic" href="../household-and-outdoors/kitchen-products.html">Kitchen products</a>
                        </li>
                        <li>
                            <a class="estDynamic" href="../household-and-outdoors/window-and-floor-cleaners.html">Window and floor cleaner</a>
                        </li>
                        <li>
                            <a class="estDynamic" href="../household-and-outdoors/repellents.html">Repellents</a>
                        </li>
                        <li>
                            <a class="estDynamic" href="../household-and-outdoors/disposable-tableware.html">Disposable tableware</a>
                        </li>
                    </ul>
                </li>
                <li>
                    <img src="../../cdn.spesati.com/images/menu/animals.png"/>
                    Pets                    <i class="fa fa-angle-down" aria-hidden="true"></i>
                    <ul class="sub-menu">
                        <li>
                            <a class="estDynamic" href="../pets/pet-food-other-animals.html">Other animals pet food</a>
                        </li>
                        <li>
                            <a class="estDynamic" href="../pets/pet-food-dogs.html">Pet food dogs</a>
                        </li>
                        <li>
                            <a class="estDynamic" href="../pets/pet-food-cats.html">Pet food cats</a>
                        </li>
                        <li>
                            <a class="estDynamic" href="../pets/hygiene-and-cleaning.html">Hygiene and cleaning</a>
                        </li>
                    </ul>
                </li>
                <li>
                    <img src="../../cdn.spesati.com/images/menu/technology.png"/>
                    Technology                    <i class="fa fa-angle-down" aria-hidden="true"></i>
                    <ul class="sub-menu">
                        <li>
                            <a class="estDynamic" href="../technology/accessories.html">Accessories</a>
                        </li>
                        <li>
                            <a class="estDynamic" href="../technology/computer.html">Computer</a>
                        </li>
                        <li>
                            <a class="estDynamic" href="../technology/telephones.html">Telephones</a>
                        </li>
                        <li>
                            <a class="estDynamic" href="../technology/tv.html">TV</a>
                        </li>
                    </ul>
                </li>
                <li>
                    <img src="../../cdn.spesati.com/images/menu/gluten-free.png"/>
                    Gluten free                    <i class="fa fa-angle-down" aria-hidden="true"></i>
                    <ul class="sub-menu">
                        <li>
                            <a class="estDynamic" href="../gluten-free/frozen-foods.html">Frozen foods</a>
                        </li>
                        <li>
                            <a class="estDynamic" href="../gluten-free/beer.html">Beer</a>
                        </li>
                        <li>
                            <a class="estDynamic" href="../gluten-free/sweets.html">Sweets</a>
                        </li>
                        <li>
                            <a class="estDynamic" href="../gluten-free/bread-and-pasta.html">Bread and pasta</a>
                        </li>
                        <li>
                            <a class="estDynamic" href="../gluten-free/shelf.html">Cupboard</a>
                        </li>
                    </ul>
                </li>
                <li>
                    <img src="../../cdn.spesati.com/images/menu/lactose-free.png"/>
                    Lactose free                    <i class="fa fa-angle-down" aria-hidden="true"></i>
                    <ul class="sub-menu">
                        <li>
                            <a class="estDynamic" href="../lactose-free/frozen-foods.html">Frozen foods</a>
                        </li>
                        <li>
                            <a class="estDynamic" href="../lactose-free/sweets.html">Sweets</a>
                        </li>
                        <li>
                            <a class="estDynamic" href="../lactose-free/dairy-product.html">Dairy product</a>
                        </li>
                        <li>
                            <a class="estDynamic" href="../lactose-free/shelf.html">Cupboard</a>
                        </li>
                    </ul>
                </li>
                <li>
                    <img src="../../cdn.spesati.com/images/menu/special.png"/>
                    Special                    <i class="fa fa-angle-down" aria-hidden="true"></i>
                    <ul class="sub-menu">
                        <li>
                            <a class="estDynamic" href="../special/alpro.html">Alpro</a>
                        </li>
                        <li>
                            <a class="estDynamic" href="../special/organic.html">Biological</a>
                        </li>
                        <li>
                            <a class="estDynamic" href="../special/meat.html">Meat</a>
                        </li>
                        <li>
                            <a class="estDynamic" href="../special/wholegrain.html">Wholegrain</a>
                        </li>
                        <li>
                            <a class="estDynamic" href="../special/bread-and-pasta.html">Bread and pasta</a>
                        </li>
                        <li>
                            <a class="estDynamic" href="../special/vegan.html">Vegan</a>
                        </li>
                    </ul>
                </li>
                <li>
                    <img src="../../cdn.spesati.com/images/menu/sardinian-products.png"/>
                    Sardinian products                    <i class="fa fa-angle-down" aria-hidden="true"></i>
                    <ul class="sub-menu">
                        <li>
                            <a class="estDynamic" href="../sardinian-products/drinks.html">Drinks</a>
                        </li>
                        <li>
                            <a class="estDynamic" href="../sardinian-products/meat.html">Meat</a>
                        </li>
                        <li>
                            <a class="estDynamic" href="../sardinian-products/sweets.html">Sweets</a>
                        </li>
                        <li>
                            <a class="estDynamic" href="../sardinian-products/fruit-and-vegetables.html">Fruit and vegetables</a>
                        </li>
                        <li>
                            <a class="estDynamic" href="../sardinian-products/ichnusa.html">Ichnusa</a>
                        </li>
                        <li>
                            <a class="estDynamic" href="../sardinian-products/dairy-product.html">Dairy product</a>
                        </li>
                        <li>
                            <a class="estDynamic" href="../sardinian-products/bread-and-pasta.html">Bread and pasta</a>
                        </li>
                        <li>
                            <a class="estDynamic" href="../sardinian-products/fish.html">Fish</a>
                        </li>
                        <li>
                            <a class="estDynamic" href="../sardinian-products/cured-meat.html">Cured meat</a>
                        </li>
                        <li>
                            <a class="estDynamic" href="../sardinian-products/shelf.html">Cupboard</a>
                        </li>
                        <li>
                            <a class="estDynamic" href="../sardinian-products/vermentino-wine.html">Vermentino wine</a>
                        </li>
                        <li>
                            <a class="estDynamic" href="../sardinian-products/wine-beer-and-spirits.html">Wine beer and spirits</a>
                        </li>
                    </ul>
                </li>
            </ul>
        </li>
        <li>
            <a href="../about.html">About</a>
        </li>
        <li>
            <a href="../faq.html">Faq</a>
        </li>
        <li>
            <a href="../customer-care.html">Support</a>
        </li>
        <li>
            <a href="../news.html">Blog</a>
        </li>
        <li>
            <a href="../terms-and-conditions.html">Conditions</a>
        </li>
        <li>
            <a href="../privacy-policy.html">Privacy policy</a>
        </li>
        <li>
            <a href="../login.html">Login</a>
        </li>
        <li>
             <a href="../sign-up.html">Sign up</a>
        </li>
    </ul>
</div><section class="first">
    <div id="menuCategories" class="colLeft">
    <ul id="main_nav" >
        <li>
            <a class="estDynamic" href="../on-offer.html">
               <img src="../../cdn.spesati.com/images/menu/on-sale.png"/>
               On sale            </a>
            <i class="fa fa-angle-right" aria-hidden="true"></i>
            <ul class="sub-menu">
                <li>
    <a href="../tacchino-fesa-a-fette.html" class="estDynamic">Tacchino Fesa A Fette</a>
</li><li>
    <a href="../amaro-montenegro-15lt.html" class="estDynamic">Amaro Montenegro 1,5lt</a>
</li><li>
    <a href="../carbone-di-legna-sacco-10kg.html" class="estDynamic">Carbone Di Legna Sacco 10Kg</a>
</li><li>
    <a href="../filu-e-ferru-silvio-carta-70cl.html" class="estDynamic">Filu E Ferru Silvio Carta 70Cl</a>
</li><li>
    <a href="../braciole-suino-con-cotenna.html" class="estDynamic">Braciole Suino Con Cotenna</a>
</li><li>
    <a href="../bovino-adulto-polpa.html" class="estDynamic">Bovino Adulto Polpa</a>
</li><li>
    <a href="../vino-la-palma-cannonau-le-bombarde.html" class="estDynamic">Vino La Palma Cannonau Le Bombarde</a>
</li><li>
    <a href="../fettine-sceltissime-bovino-adulto.html" class="estDynamic">Fettine Sceltissime Bovino Adulto</a>
</li><li>
    <a href="../suino-fettine-scelte.html" class="estDynamic">Suino Fettine Scelte</a>
</li><li>
    <a href="../lavazza-caffe-qualita-rossa-2x250gr.html" class="estDynamic">Lavazza Caffé Qualità Rossa 2x250gr</a>
</li>                <li>
                    <a class="estDynamic" href="../on-offer.html">All products on sale</a>
                </li>
            </ul>
        </li>
        <li>
            <a class="estDynamic" href="../gift.html">
               <img src="../../cdn.spesati.com/images/menu/gift.png"/>
               Gifts            </a>
            <i class="fa fa-angle-right" aria-hidden="true"></i>
            <ul class="sub-menu">
                <li>
    <a href="../gift-card-da-150.html" class="estDynamic">Gift Card Da 150</a>
</li><li>
    <a href="../gift-card-da-100.html" class="estDynamic">Gift Card Da 100</a>
</li><li>
    <a href="../gift-card-da-50.html" class="estDynamic">Gift Card Da 50</a>
</li><li>
    <a href="../gift-card-da-25.html" class="estDynamic">Gift Card Da 25</a>
</li>                <li>
                    <a class="estDynamic" href="../gift.html">All products in the gifts category</a>
                </li>
            </ul>
        </li>
        <li>
            <a class="estDynamic" href="../gift-card.html">
               <img src="../../cdn.spesati.com/images/menu/gift-card.png"/>
               Gift card and discounts            </a>
            <i class="fa fa-angle-right" aria-hidden="true"></i>
            <ul class="sub-menu">
                <li>
    <a href="../gift-card-da-150.html">Gift Card Da 150</a>
</li><li>
    <a href="../gift-card-da-100.html">Gift Card Da 100</a>
</li><li>
    <a href="../gift-card-da-50.html">Gift Card Da 50</a>
</li><li>
    <a href="../gift-card-da-25.html">Gift Card Da 25</a>
</li>            </ul>
        </li>
        <li>
            <a class="estDynamic" href="../fruit-and-vegetables.html">
               <img src="../../cdn.spesati.com/images/menu/fuit-and-vegetables.png"/>
               Fruit and vegetables           </a>
            <i class="fa fa-angle-right" aria-hidden="true"></i>
            <ul class="sub-menu">
                <li>
                    <a class="estDynamic" href="../fruit-and-vegetables/pulses-and-beans.html">Cereals and pulses and beans</a>
                </li>
                <li>
                    <a class="estDynamic" href="../fruit-and-vegetables/fruit.html">Fruit</a>
                </li>
                <li>
                    <a class="estDynamic" href="../fruit-and-vegetables/canned-fruit.html">Canned fruit</a>
                </li>
                <li>
                    <a class="estDynamic" href="../fruit-and-vegetables/dried-fruit.html">Dried fruit</a>
                </li>
                <li>
                    <a class="estDynamic" href="../fruit-and-vegetables/ready-salads.html">Ready salads</a>
                </li>
                <li>
                    <a class="estDynamic" href="../fruit-and-vegetables/fresh-spices.html">Fresh spices</a>
                </li>
                <li>
                    <a class="estDynamic" href="../fruit-and-vegetables/vegetables.html">Vegetables and soy</a>
                </li>
            </ul>
        </li>
        <li>
            <a class="estDynamic" href="../fresh-products.html">
                <img src="../../cdn.spesati.com/images/menu/fresh-products.png"/>
                Fresh products            </a>
            <i class="fa fa-angle-right" aria-hidden="true"></i>
            <ul class="sub-menu">
                <li>
                    <a class="estDynamic" href="../fresh-products/margarine-and-butter.html">Butter and margarine</a>
                </li>
                <li>
                    <a class="estDynamic" href="../fresh-products/danone.html">Danone</a>
                </li>
                <li>
                    <a class="estDynamic" href="../fresh-products/dessert.html">Dessert</a>
                </li>
                <li>
                    <a class="estDynamic" href="../fresh-products/sweets.html">Sweets</a>
                </li>
                <li>
                    <a class="estDynamic" href="../fresh-products/dairy-products.html">Dairy product</a>
                </li>
                <li>
                    <a class="estDynamic" href="../fresh-products/bakery.html">Yeast</a>
                </li>
                <li>
                    <a class="estDynamic" href="../fresh-products/mascarpone.html">Mascarpone</a>
                </li>
                <li>
                    <a class="estDynamic" href="../fresh-products/snacks.html">Snacks</a>
                </li>
                <li>
                    <a class="estDynamic" href="../fresh-products/mozzarella.html">Mozzarella</a>
                </li>
                <li>
                    <a class="estDynamic" href="../fresh-products/pasta.html">Pasta</a>
                </li>
                <li>
                    <a class="estDynamic" href="../fresh-products/pesto-and-sauces.html">Pesto and sauces</a>
                </li>
                <li>
                    <a class="estDynamic" href="../fresh-products/ricotta-and-cheese.html">Ricotta and cheese</a>
                </li>
                <li>
                    <a class="estDynamic" href="../fresh-products/cured-meat.html">Cured meat</a>
                </li>
                <li>
                    <a class="estDynamic" href="../fresh-products/wurstel.html">Würstel</a>
                </li>
                <li>
                    <a class="estDynamic" href="../fresh-products/yogurt.html">Yogurt</a>
                </li>
            </ul>
        </li>
        <li>
            <a class="estDynamic" href="../frozen-foods.html">
                <img src="../../cdn.spesati.com/images/menu/frozen-foods.png"/>
                Frozen foods            </a>
            <i class="fa fa-angle-right" aria-hidden="true"></i>
            <ul class="sub-menu">
                <li>
                    <a class="estDynamic" href="../frozen-foods/meat.html">Meat</a>
                </li>
                <li>
                    <a class="estDynamic" href="../frozen-foods/ice-creams.html">Ice cream and sweet</a>
                </li>
                <li>
                    <a class="estDynamic" href="../frozen-foods/pasta.html">Pasta</a>
                </li>
                <li>
                    <a class="estDynamic" href="../frozen-foods/fish.html">Fish</a>
                </li>
                <li>
                    <a class="estDynamic" href="../frozen-foods/ready-meals.html">Ready meals</a>
                </li>
                <li>
                    <a class="estDynamic" href="../frozen-foods/pizzas.html">Pizzas</a>
                </li>
                <li>
                    <a class="estDynamic" href="../frozen-foods/vegetables.html">Vegetables and soy</a>
                </li>
            </ul>
        </li>
        <li>
            <a class="estDynamic" href="../bread-and-pasta.html">
                <img src="../../cdn.spesati.com/images/menu/bread-and-pasta.png"/>
                Bread and pasta            </a>
            <i class="fa fa-angle-right" aria-hidden="true"></i>
            <ul class="sub-menu">
                <li>
                    <a class="estDynamic" href="../bread-and-pasta/crackers.html">Crackers</a>
                </li>
                <li>
                    <a class="estDynamic" href="../bread-and-pasta/rusks.html">Rusks</a>
                </li>
                <li>
                    <a class="estDynamic" href="../bread-and-pasta/white-bread.html">White bread</a>
                </li>
                <li>
                    <a class="estDynamic" href="../bread-and-pasta/local-bread.html">Local bread</a>
                </li>
                <li>
                    <a class="estDynamic" href="../bread-and-pasta/soft-bread.html">Soft bread</a>
                </li>
                <li>
                    <a class="estDynamic" href="../bread-and-pasta/sardinian-bread.html">Sardinian bread</a>
                </li>
                <li>
                    <a class="estDynamic" href="../bread-and-pasta/bakery.html">Bakery</a>
                </li>
                <li>
                    <a class="estDynamic" href="../bread-and-pasta/pasta.html">Pasta</a>
                </li>
                <li>
                    <a class="estDynamic" href="../bread-and-pasta/fresh-pasta.html">Fresh pasta</a>
                </li>
            </ul>
        </li>
        <li>
            <a class="estDynamic" href="../meat.html">
                <img src="../../cdn.spesati.com/images/menu/meat.png"/>
                Meat            </a>
            <i class="fa fa-angle-right" aria-hidden="true"></i>
            <ul class="sub-menu">
                <li>
                    <a class="estDynamic" href="../meat/beef.html">Beef</a>
                </li>
                <li>
                    <a class="estDynamic" href="../meat/goat.html">Goat</a>
                </li>
                <li>
                    <a class="estDynamic" href="../meat/packaged-meat.html">Packaged meat</a>
                </li>
                <li>
                    <a class="estDynamic" href="../meat/rabbit.html">Rabbit</a>
                </li>
                <li>
                    <a class="estDynamic" href="../meat/horse.html">Horse</a>
                </li>
                <li>
                    <a class="estDynamic" href="../meat/pork.html">Pork</a>
                </li>
                <li>
                    <a class="estDynamic" href="../meat/lamb.html">Lamb</a>
                </li>
                <li>
                    <a class="estDynamic" href="../meat/poultry.html">Poultry</a>
                </li>
            </ul>
        </li>
        <li>
            <a class="estDynamic" href="../fish.html">
                <img src="../../cdn.spesati.com/images/menu/fish.png"/>
                Fish            </a>
            <i class="fa fa-angle-right" aria-hidden="true"></i>
            <ul class="sub-menu">
                <li>
                    <a class="estDynamic" href="../fish/fresh-water.html">Fresh water</a>
                </li>
                <li>
                    <a class="estDynamic" href="../fish/salt-water.html">Salt water</a>
                </li>
                <li>
                    <a class="estDynamic" href="../fish/mussels.html">Mussels</a>
                </li>
                <li>
                    <a class="estDynamic" href="../fish/dried-and-salted.html">Dried and salted</a>
                </li>
                <li>
                    <a class="estDynamic" href="../fish/seafood-salad.html">Seafood salad</a>
                </li>
                <li>
                    <a class="estDynamic" href="../fish/prepared.html">Prepared</a>
                </li>
                <li>
                    <a class="estDynamic" href="../fish/specialty.html">Specialty</a>
                </li>   
                <li>
                    <a class="estDynamic" href="../fish/tuna-and-salmon.html">Tuna and salmon</a>
                </li>
            </ul>
        </li>
        <li>
            <a class="estDynamic" href="../wine-beer-and-spirits.html">
                <img src="../../cdn.spesati.com/images/menu/alcohol.png"/>
                Wine beer and spirits            </a>
            <i class="fa fa-angle-right" aria-hidden="true"></i>
            <ul class="sub-menu">
                <li>
                    <a class="estDynamic" href="../wine-beer-and-spirits/spirits-and-liquors.html">Alcohol</a>
                </li>
                <li>
                    <a class="estDynamic" href="../wine-beer-and-spirits/bitters.html">Bitters</a>
                </li>
                <li>
                    <a class="estDynamic" href="../wine-beer-and-spirits/aperatif.html">Aperatifs</a>
                </li>
                <li>
                    <a class="estDynamic" href="../wine-beer-and-spirits/beer.html">Beer</a>
                </li>
                <li>
                    <a class="estDynamic" href="../wine-beer-and-spirits/creams.html">Creams</a>
                </li>
                <li>
                    <a class="estDynamic" href="../wine-beer-and-spirits/spirits.html">Spirits</a>
                </li>
                <li>
                    <a class="estDynamic" href="../wine-beer-and-spirits/liquors.html">Liquors</a>
                </li>
                <li>
                    <a class="estDynamic" href="../wine-beer-and-spirits/white-wine.html">White wine</a>
                </li>
                <li>
                    <a class="estDynamic" href="../wine-beer-and-spirits/prosecco-wine.html">Prosecco wine</a>
                </li>
                <li>
                    <a class="estDynamic" href="../wine-beer-and-spirits/rose-wine.html">Rose wine</a>
                </li>
                <li>
                    <a class="estDynamic" href="../wine-beer-and-spirits/red-wine.html">Red wine</a>
                </li>
                <li>
                    <a class="estDynamic" href="../wine-beer-and-spirits/specialty-wine.html">Special wine</a>
                </li>
                <li>
                    <a class="estDynamic" href="../wine-beer-and-spirits/sparkling-wine.html">Sparkling wine</a>
                </li>
                <li>
                    <a class="estDynamic" href="../wine-beer-and-spirits/vermentino-wine.html">Vermentino wine</a>
                </li>
            </ul>
        </li>
        <li>
            <a class="estDynamic" href="../water-and-drinks.html">
                <img src="../../cdn.spesati.com/images/menu/water-and-drinks.png"/>
                Water and drinks            </a>
            <i class="fa fa-angle-right" aria-hidden="true"></i>
            <ul class="sub-menu">
                <li>
                    <a class="estDynamic" href="san-martino.html">San Martino</a>
                </li>
                <li>
                    <a class="estDynamic" href="water.html">Water</a>
                </li>
                <li>
                    <a class="estDynamic" href="alpro.html">Alpro</a>
                </li>
                <li>
                    <a class="estDynamic" href="fizzy-drinks.html">Fizzy drinks</a>
                </li>
                <li>
                    <a class="estDynamic" href="coca-cola.html">Coca-Cola</a>
                </li>
                <li>
                    <a class="estDynamic" href="energy-drink.html">Energy drink</a>
                </li>
                <li>
                    <a class="estDynamic" href="syrups.html">Syrups</a>
                </li>
                <li>
                    <a class="estDynamic" href="supplements.html">Supplements</a>
                </li>
                <li>
                    <a class="estDynamic" href="instant-drinks.html">Instant drinks</a>
                </li>
                <li>
                    <a class="estDynamic" href="juice.html">Juice</a>
                </li>
                <li>
                    <a class="estDynamic" href="tea.html">Tea</a>
                </li>
            </ul>
        </li>
        <li>
            <a class="estDynamic" href="../sweets.html">
                <img src="../../cdn.spesati.com/images/menu/sweets.png"/>
                Sweets            </a>
            <i class="fa fa-angle-right" aria-hidden="true"></i>
            <ul class="sub-menu">
                <li>
                    <a class="estDynamic" href="../sweets/bars-and-snacks.html">Bars and snacks</a>
                </li>
                <li>
                    <a class="estDynamic" href="../sweets/biscuits.html">Biscuits</a>
                </li>
                <li>
                    <a class="estDynamic" href="../sweets/brioches.html">Brioches</a>
                </li>
                <li>
                    <a class="estDynamic" href="../sweets/candy-and-chewing-gum.html">Candy and chewing gum</a>
                </li>
                <li>
                    <a class="estDynamic" href="../sweets/cereals.html">Cereals</a>
                </li>
                <li>
                    <a class="estDynamic" href="../sweets/chocolate.html">Chocolate</a>
                </li>
                <li>
                    <a class="estDynamic" href="../sweets/spreadable-creams.html">Spreads</a>
                </li>
                <li>
                    <a class="estDynamic" href="../sweets/dessert-toppings.html">Dessert toppings</a>
                </li>
                <li>
                    <a class="estDynamic" href="../sweets/jam.html">Jam</a>
                </li>
                <li>
                    <a class="estDynamic" href="../sweets/honey.html">Honey</a>
                </li>
                <li>
                    <a class="estDynamic" href="../sweets/panettoni-and-pandoro.html">Panettone and pandoro</a>
                </li>
                <li>
                    <a class="estDynamic" href="../sweets/pastry.html">Pastry</a>
                </li>
                <li>
                    <a class="estDynamic" href="../sweets/instant-dessert.html">Prepared</a>
                </li>
                <li>
                    <a class="estDynamic" href="../sweets/cakes-and-pies.html">Cakes and pies</a>
                </li>
                <li>
                    <a class="estDynamic" href="../sweets/easter-eggs-and-doves.html">Easter eggs and doves</a>
                </li>
            </ul>
        </li>
        <li>
            <a class="estDynamic" href="../shelf.html">
                <img src="../../cdn.spesati.com/images/menu/shelf.png"/>
                Cupboard            </a>
            <i class="fa fa-angle-right" aria-hidden="true"></i>
            <ul class="sub-menu">
                <li>
                    <a class="estDynamic" href="../shelf/coffee.html">Coffee</a>
                </li>
                <li>
                    <a class="estDynamic" href="../shelf/gift-baskets.html">Gift baskets</a>
                </li>
                <li>
                    <a class="estDynamic" href="../shelf/stock-cubes.html">Nuts and preparations</a>
                </li>
                <li>
                    <a class="estDynamic" href="../shelf/flour-and-baking.html">Flour and baking</a>
                </li>
                <li>
                    <a class="estDynamic" href="../shelf/milk.html">Milk</a>
                </li>
                <li>
                    <a class="estDynamic" href="../shelf/oil-salt-vinegar.html">Oil, vinegar and salt</a>
                </li>
                <li>
                    <a class="estDynamic" href="../shelf/cream-and-bechamel.html">Cream and bechamel</a>
                </li>
                <li>
                    <a class="estDynamic" href="../shelf/crisps-and-pretzels.html">Crisps and pretzels</a>
                </li>
                <li>
                    <a class="estDynamic" href="../shelf/baby-and-infants-products.html">Early childhood products</a>
                </li>
                <li>
                    <a class="estDynamic" href="../shelf/rice.html">Rice</a>
                </li>
                <li>
                    <a class="estDynamic" href="../shelf/tins-and-preserves.html">Tins and Preserves</a>
                </li>
                <li>
                    <a class="estDynamic" href="../shelf/spices.html">Spices</a>
                </li>
                <li>
                    <a class="estDynamic" href="../shelf/sauces.html">Sauces</a>
                </li>
                <li>
                    <a class="estDynamic" href="../shelf/tea-and-infusions.html">Tea and infusions</a>
                </li>
                <li>
                    <a class="estDynamic" href="../shelf/eggs.html">Eggs</a>
                </li>
                <li>
                    <a class="estDynamic" href="../shelf/sugar-and-sweeteners.html">Sugar and sweeteners</a>
                </li>
            </ul>
        </li>
        <li>
            <a class="estDynamic" href="../personal-care.html">
                <img src="../../cdn.spesati.com/images/menu/personal-care.png"/>
                Personal care            </a>
            <i class="fa fa-angle-right" aria-hidden="true"></i>
            <ul class="sub-menu">
                <li>
                    <a class="estDynamic" href="../personal-care/accessories-and-cotton.html">Accessories and cotton</a>
                </li>
                <li>
                    <a class="estDynamic" href="../personal-care/feminine-care-incontinence-and-baby-diapers.html">Feminine incontinence and diapers</a>
                </li>
                <li>
                    <a class="estDynamic" href="../personal-care/shower-gel.html">Shower gel</a>
                </li>
                <li>
                    <a class="estDynamic" href="../personal-care/creams.html">Creams</a>
                </li>
                <li>
                    <a class="estDynamic" href="../personal-care/deodorant.html">Deodorant</a>
                </li>
                <li>
                    <a class="estDynamic" href="../personal-care/hair-removal.html">Hair removal</a>
                </li>
                <li>
                    <a class="estDynamic" href="../personal-care/disinfectants.html">Disinfectants</a>
                </li>
                <li>
                    <a class="estDynamic" href="../personal-care/oral-hygiene.html">Oral hygiene</a>
                </li>
                <li>
                    <a class="estDynamic" href="../personal-care/supplements-and-multivitamins.html">Supplements and multivitamins</a>
                </li>
                <li>
                    <a class="estDynamic" href="../personal-care/first-aid.html">First aid label</a>
                </li>
                <li>
                    <a class="estDynamic" href="../personal-care/beard-products.html">Beard products</a>
                </li>
                <li>
                    <a class="estDynamic" href="../personal-care/hairs-products.html">Hair products</a>
                </li>
                <li>
                    <a class="estDynamic" href="../personal-care/perfume.html">Perfumes</a>
                </li>
                <li>
                    <a class="estDynamic" href="../personal-care/wipes.html">Wipes</a>
                </li>
                <li>
                    <a class="estDynamic" href="../personal-care/soaps-and-body-wash.html">Soaps and body wash</a>
                </li>
                <li>
                    <a class="estDynamic" href="../personal-care/shampoo-and-conditioner.html">Shampoo and conditioner</a>
                </li>
            </ul>
        </li>
        <li>
            <a class="estDynamic" href="../household-and-outdoors.html">
                <img src="../../cdn.spesati.com/images/menu/pellet-and-home.png"/>
                Home and outdoors 
            </a>
            <i class="fa fa-angle-right" aria-hidden="true"></i>
            <ul class="sub-menu">
                <li>
                    <a class="estDynamic" href="../household-and-outdoors/distilled-water.html">Distilled water</a>
                </li>
                <li>
                    <a class="estDynamic" href="../household-and-outdoors/car-products.html">Cars</a>
                </li>
                <li>
                    <a class="estDynamic" href="../household-and-outdoors/bin-bags-and-buckets.html">Bin bags and buckets</a>
                </li>
                <li>
                    <a class="estDynamic" href="../household-and-outdoors/bleach-and-stain-removers.html">Bleach and stain removers</a>
                </li>
                <li>
                    <a class="estDynamic" href="../household-and-outdoors/candles.html">Candles</a>
                </li>
                <li>
                    <a class="estDynamic" href="../household-and-outdoors/kitchen-roll.html">Kitchen roll</a>
                </li>
                <li>
                    <a class="estDynamic" href="../household-and-outdoors/air-fresheners.html">Air fresheners</a>
                </li>
                <li>
                    <a class="estDynamic" href="../household-and-outdoors/laundry-accessories-and-detergent.html">Laundry detergent</a>
                </li>
                <li>
                    <a class="estDynamic" href="../household-and-outdoors/dishwasher-and-washing-up.html">Dishwasher and washing up</a>
                </li>
                <li>
                    <a class="estDynamic" href="../household-and-outdoors/gardening.html">Gardening</a>
                </li>
                <li>
                    <a class="estDynamic" href="../household-and-outdoors/light-bulbs-and-batteries.html">Lightbulbs and batteries</a>
                </li>
                <li>
                    <a class="estDynamic" href="../household-and-outdoors/pellet-and-bbq.html">Pellet and BBQ</a>
                </li>
                <li>
                    <a class="estDynamic" href="../household-and-outdoors/bathroom-products.html">Bathroom products</a>
                </li>
                <li>
                    <a class="estDynamic" href="../household-and-outdoors/home-and-furniture-products.html">Home and furniture products</a>
                </li>
                <li>
                    <a class="estDynamic" href="../household-and-outdoors/kitchen-products.html">Kitchen products</a>
                </li>
                <li>
                    <a class="estDynamic" href="../household-and-outdoors/window-and-floor-cleaners.html">Window and floor cleaner</a>
                </li>
                <li>
                    <a class="estDynamic" href="../household-and-outdoors/repellents.html">Repellents</a>
                </li>
                <li>
                    <a class="estDynamic" href="../household-and-outdoors/disposable-tableware.html">Disposable tableware</a>
                </li>
            </ul>
        </li>
        <li>
            <a class="estDynamic" href="../pet.html">
                <img src="../../cdn.spesati.com/images/menu/animals.png"/>
                Pets            </a>
            <i class="fa fa-angle-right" aria-hidden="true"></i>
            <ul class="sub-menu">
                <li>
                    <a class="estDynamic" href="../pets/pet-food-other-animals.html">Other animals pet food</a>
                </li>
                <li>
                    <a class="estDynamic" href="../pets/pet-food-dogs.html">Pet food dogs</a>
                </li>
                <li>
                    <a class="estDynamic" href="../pets/pet-food-cats.html">Pet food cats</a>
                </li>
                <li>
                    <a class="estDynamic" href="../pets/hygiene-and-cleaning.html">Hygiene and cleaning</a>
                </li>
            </ul>
        </li>
        <li>
            <a class="estDynamic" href="../technology.html">
                <img src="../../cdn.spesati.com/images/menu/technology.png"/>
                Technology            </a>
            <i class="fa fa-angle-right" aria-hidden="true"></i>
            <ul class="sub-menu">
                <li>
                    <a class="estDynamic" href="../technology/accessories.html">Accessories</a>
                </li>
                <li>
                    <a class="estDynamic" href="../technology/computer.html">Computer</a>
                </li>
                <li>
                    <a class="estDynamic" href="../technology/telephones.html">Telephones</a>
                </li>
                <li>
                    <a class="estDynamic" href="../technology/tv.html">TV</a>
                </li>
            </ul>
        </li>
        <li>
            <a class="estDynamic" href="../gluten-free.html">
                <img src="../../cdn.spesati.com/images/menu/gluten-free.png"/>
                Gluten free            </a>
            <i class="fa fa-angle-right" aria-hidden="true"></i>
            <ul class="sub-menu">
                <li>
                    <a class="estDynamic" href="../gluten-free/frozen-foods.html">Frozen foods</a>
                </li>
                <li>
                    <a class="estDynamic" href="../gluten-free/beer.html">Beer</a>
                </li>
                <li>
                    <a class="estDynamic" href="../gluten-free/sweets.html">Sweets</a>
                </li>
                <li>
                    <a class="estDynamic" href="../gluten-free/bread-and-pasta.html">Bread and pasta</a>
                </li>
                <li>
                    <a class="estDynamic" href="../gluten-free/shelf.html">Cupboard</a>
                </li>
            </ul>
        </li>
        <li>
            <a class="estDynamic" href="../lactose-free.html">
                <img src="../../cdn.spesati.com/images/menu/lactose-free.png"/>
                Lactose free            </a>
            <i class="fa fa-angle-right" aria-hidden="true"></i>
            <ul class="sub-menu">
                <li>
                    <a class="estDynamic" href="../lactose-free/frozen-foods.html">Frozen foods</a>
                </li>
                <li>
                    <a class="estDynamic" href="../lactose-free/sweets.html">Sweets</a>
                </li>
                <li>
                    <a class="estDynamic" href="../lactose-free/dairy-product.html">Dairy product</a>
                </li>
                <li>
                    <a class="estDynamic" href="../lactose-free/shelf.html">Cupboard</a>
                </li>
            </ul>
        </li>
        <li>
            <a class="estDynamic" href="../special.html">
                <img src="../../cdn.spesati.com/images/menu/special.png"/>
                Special            </a>
            <i class="fa fa-angle-right" aria-hidden="true"></i>
            <ul class="sub-menu">
                <li>
                    <a class="estDynamic" href="../special/alpro.html">Alpro</a>
                </li>
                <li>
                    <a class="estDynamic" href="../special/organic.html">Biological</a>
                </li>
                <li>
                    <a class="estDynamic" href="../special/meat.html">Meat</a>
                </li>
                <li>
                    <a class="estDynamic" href="../special/wholegrain.html">Wholegrain</a>
                </li>
                <li>
                    <a class="estDynamic" href="../special/bread-and-pasta.html">Bread and pasta</a>
                </li>
                <li>
                    <a class="estDynamic" href="../special/vegan.html">Vegan</a>
                </li>
            </ul>
        </li>
        <li>
            <a class="estDynamic" href="../sardinian-products.html">
                <img src="../../cdn.spesati.com/images/menu/sardinian-products.png"/>
                Sardinian products            </a>
            <i class="fa fa-angle-right" aria-hidden="true"></i>
            <ul class="sub-menu">
                <li>
                    <a class="estDynamic" href="../sardinian-products/drinks.html">Drinks</a>
                </li>
                <li>
                    <a class="estDynamic" href="../sardinian-products/meat.html">Meat</a>
                </li>
                <li>
                    <a class="estDynamic" href="../sardinian-products/sweets.html">Sweets</a>
                </li>
                <li>
                    <a class="estDynamic" href="../sardinian-products/fruit-and-vegetables.html">Fruit and vegetables</a>
                </li>
                <li>
                    <a class="estDynamic" href="../sardinian-products/ichnusa.html">Ichnusa</a>
                </li>
                <li>
                    <a class="estDynamic" href="../sardinian-products/dairy-product.html">Dairy product</a>
                </li>
                <li>
                    <a class="estDynamic" href="../sardinian-products/bread-and-pasta.html">Bread and pasta</a>
                </li>
                <li>
                    <a class="estDynamic" href="../sardinian-products/fish.html">Fish</a>
                </li>
                <li>
                    <a class="estDynamic" href="../sardinian-products/cured-meat.html">Cured meat</a>
                </li>
                <li>
                    <a class="estDynamic" href="../sardinian-products/shelf.html">Cupboard</a>
                </li>
                <li>
                    <a class="estDynamic" href="../sardinian-products/vermentino-wine.html">Vermentino wine</a>
                </li>
                <li>
                    <a class="estDynamic" href="../sardinian-products/wine-beer-and-spirits.html">Wine beer and spirits</a>
                </li>
            </ul>
        </li>
    </ul>
</div>    <div class="colRight">
        <div class="title mobile">
	<a href="../water-and-drinks.html"><i class="fa red fa-angle-left fa-3x mobile" aria-hidden="true"></i></a>
	<h2>
		<b>
			juice		</b>
	</h2>
</div>

<div class="breadcrumb bgGrey internal">
	<p>
		<b>
			<a href="../index.html">Home</a>
												&gt; <a href="../water-and-drinks.html">Water and drinks</a>
																&gt; Juice									</b>
	</p>
	<div>
		<p>Order by</p>
		<select name="orderProd" id="orderProd">
			<option disabled="disabled" selected="selected">- Choose -</option>
			<option value="nameAsc">Name (A - Z)</option>
			<option value="nameDes">Name (Z - A)</option>
			<option value="priceHigh">Price - High to low</option>
			<option value="priceLow">Price - Low to high</option>
			<option value="soldAsc">Best Selling</option>
			<option value="available">Availability</option>
		</select>
	</div>
</div>
        <div class="containerProduct">
            <script type='text/javascript'>var track = '{"event":"ViewContent", "type":"category", "id":"Bevande", "subids":["Succhi"], "url":"https://www.spesati.com/water-and-drinks/juice"}';</script>
<script>
gtag('event', 'select_content', {content_type: 'category', item_id: 'Bevande'});gtag('event', 'select_content', {content_type: 'category', item_id: 'Succhi'});
</script>
<div class="left product prod1"
        data-name="Pago Nettare Ace 0 2Lt"
        data-price="1.24"
        data-id="4508"
        data-available="yes"
        data-category="2887"
        data-bestselling="">
    <a href="../pago-nettare-ace-0-2lt.html">
        <div style="background-image: url('../../cdn.spesati.com/images/products/4627506/pago-nettare-ace-01.jpg')">
            <div class="hover"></div>
            
            <div class="stickers"></div>
        </div>
    </a>
    <div>
        <h4><a href="../pago-nettare-ace-0-2lt.html"><b>Pago Nettare Ace 0 2Lt</b></a></h4>
        <p class="description">0.2 Lt</p>
        <p class="right price"><b>1.24 €</b></p>
        <p class="right unitPrice">0.62 € per litre</p>
    </div>
    <div class="contButton">
    <a class="button bgRed white addToCart" href="#">Add</a>
</div>
</div><div class="left product prod2"
        data-name="Pago Succo Arancia 20 Cl"
        data-price="1.24"
        data-id="4510"
        data-available="yes"
        data-category="2887"
        data-bestselling="">
    <a href="../pago-succo-arancia-20-cl.html">
        <div style="background-image: url('../../cdn.spesati.com/images/products/4627504/pago-succo-arancia-01.jpg')">
            <div class="hover"></div>
            
            <div class="stickers"></div>
        </div>
    </a>
    <div>
        <h4><a href="../pago-succo-arancia-20-cl.html"><b>Pago Succo Arancia 20 Cl</b></a></h4>
        <p class="description">0.2 Lt</p>
        <p class="right price"><b>1.24 €</b></p>
        <p class="right unitPrice">6.20 € per litre</p>
    </div>
    <div class="contButton">
    <a class="button bgRed white addToCart" href="#">Add</a>
</div>
</div><div class="left product prod3"
        data-name="Pago Cocktail Tropicale Multifrutta 20Ml"
        data-price="1.09"
        data-id="6942"
        data-available="yes"
        data-category="2887"
        data-bestselling="">
    <a href="../pago-cocktail-tropicale-multifrutta-20ml.html">
        <div style="background-image: url('../../cdn.spesati.com/images/products/202746/pago-cocktail-tropicale-01.jpg')">
            <div class="hover"></div>
            
            <div class="stickers"></div>
        </div>
    </a>
    <div>
        <h4><a href="../pago-cocktail-tropicale-multifrutta-20ml.html"><b>Pago Cocktail Tropicale Multifrutta 20Ml</b></a></h4>
        <p class="description">0.2 Lt</p>
        <p class="right price"><b>1.09 €</b></p>
        <p class="right unitPrice">5.48 € per litre</p>
    </div>
    <div class="contButton">
    <a class="button bgRed white addToCart" href="#">Add</a>
</div>
</div><div class="left product prod4"
        data-name="Pago Nettare Pera"
        data-price="1.24"
        data-id="3642"
        data-available="yes"
        data-category="2887"
        data-bestselling="">
    <a href="../pago-nettare-pera.html">
        <div style="background-image: url('../../cdn.spesati.com/images/products/202732/pago-nettare-pera-01.jpg')">
            <div class="hover"></div>
            
            <div class="stickers"></div>
        </div>
    </a>
    <div>
        <h4><a href="../pago-nettare-pera.html"><b>Pago Nettare Pera</b></a></h4>
        <p class="description">0.2 Lt</p>
        <p class="right price"><b>1.24 €</b></p>
        <p class="right unitPrice">6.20 € per litre</p>
    </div>
    <div class="contButton">
    <a class="button bgRed white addToCart" href="#">Add</a>
</div>
</div><div class="left product prod5"
        data-name="Santal Succo Arancia Brik"
        data-price="1.95"
        data-id="530"
        data-available="yes"
        data-category="2887"
        data-bestselling="1">
    <a href="../santal-succo-arancia-brik.html">
        <div style="background-image: url('../../cdn.spesati.com/images/products/000504486/santal-arancia-bionda-1000-ml-01.png')">
            <div class="hover"></div>
            <p class="arrow bgRed white">Best Seller</p>
            <div class="stickers"></div>
        </div>
    </a>
    <div>
        <h4><a href="../santal-succo-arancia-brik.html"><b>Santal Succo Arancia Brik</b></a></h4>
        <p class="description">Santàl arancia bionda 1000 ml</p>
        <p class="right price"><b>1.95 €</b></p>
        <p class="right unitPrice">1.95 € per litre</p>
    </div>
    <div class="contButton">
    <a class="button bgRed white addToCart" href="#">Add</a>
</div>
</div><div class="left product prod6"
        data-name="Santal Succo Pesca"
        data-price="1.89"
        data-id="536"
        data-available="yes"
        data-category="2887"
        data-bestselling="">
    <a href="../santal-succo-pesca.html">
        <div style="background-image: url('../../cdn.spesati.com/images/products/000504477/santal-pesca-con-varieta-nettarina-3-x-200-ml-01.png')">
            <div class="hover"></div>
            
            <div class="stickers"></div>
        </div>
    </a>
    <div>
        <h4><a href="../santal-succo-pesca.html"><b>Santal Succo Pesca</b></a></h4>
        <p class="description">Santàl pesca con varietà Nettarina 3 x 200 ml</p>
        <p class="right price"><b>1.89 €</b></p>
        <p class="right unitPrice">3.15 € per litre</p>
    </div>
    <div class="contButton">
    <a class="button bgRed white addToCart" href="#">Add</a>
</div>
</div><div class="left product prod7"
        data-name="Santal Succo Pera"
        data-price="1.89"
        data-id="534"
        data-available="yes"
        data-category="2887"
        data-bestselling="4">
    <a href="../santal-succo-pera.html">
        <div style="background-image: url('../../cdn.spesati.com/images/products/000504476/santal-pera-con-varieta-williams-3-x-200-ml-01.png')">
            <div class="hover"></div>
            <p class="arrow bgRed white">Best Seller</p>
            <div class="stickers"></div>
        </div>
    </a>
    <div>
        <h4><a href="../santal-succo-pera.html"><b>Santal Succo Pera</b></a></h4>
        <p class="description">Santàl pera con varietà Williams 3 x 200 ml</p>
        <p class="right price"><b>1.89 €</b></p>
        <p class="right unitPrice">3.15 € per litre</p>
    </div>
    <div class="contButton">
    <a class="button bgRed white addToCart" href="#">Add</a>
</div>
</div><div class="left product prod8"
        data-name="Succo Arancia Intenso Skip 1lt"
        data-price="2.15"
        data-id="83678"
        data-available="yes"
        data-category="2887"
        data-bestselling="">
    <a href="../succo-arancia-intenso-skip-1lt.html">
        <div style="background-image: url('../../cdn.spesati.com/images/products/000432582/zuegg-skipper-arancia-intenso-e-fonte-di-vitamina-c-1000-ml-01.png')">
            <div class="hover"></div>
            
            <div class="stickers"></div>
        </div>
    </a>
    <div>
        <h4><a href="../succo-arancia-intenso-skip-1lt.html"><b>Succo Arancia Intenso Skip 1lt</b></a></h4>
        <p class="description">Zuegg Skipper Arancia Intenso e fonte di vitamina C 1000 ml</p>
        <p class="right price"><b>2.15 €</b></p>
        <p class="right unitPrice">2.15 € per litre</p>
    </div>
    <div class="contButton">
    <a class="button bgRed white addToCart" href="#">Add</a>
</div>
</div><div class="left product prod9"
        data-name="Succo Ananas Intenso Skipp 1lt"
        data-price="2.15"
        data-id="83675"
        data-available="yes"
        data-category="2887"
        data-bestselling="">
    <a href="../succo-ananas-intenso-skipp-1lt.html">
        <div style="background-image: url('../../cdn.spesati.com/images/products/000432581/zuegg-skipper-ananas-intenso-e-fonte-di-vitamina-c-1000-ml-01.png')">
            <div class="hover"></div>
            
            <div class="stickers"></div>
        </div>
    </a>
    <div>
        <h4><a href="../succo-ananas-intenso-skipp-1lt.html"><b>Succo Ananas Intenso Skipp 1lt</b></a></h4>
        <p class="description">Zuegg Skipper Ananas Intenso e fonte di vitamina C 1000 ml</p>
        <p class="right price"><b>2.15 €</b></p>
        <p class="right unitPrice">2.15 € per litre</p>
    </div>
    <div class="contButton">
    <a class="button bgRed white addToCart" href="#">Add</a>
</div>
</div><div class="left product prod10"
        data-name="Succhi Santal Aran Ross S/z 1l"
        data-price="2.29"
        data-id="81824"
        data-available="yes"
        data-category="2887"
        data-bestselling="">
    <a href="../succhi-santal-aran-ross-sz-1l.html">
        <div style="background-image: url('../../cdn.spesati.com/images/products/000432496/santal-dolce-di-natura-arancia-rossa-senza-zuccheri-aggiunti-1000-ml-01.png')">
            <div class="hover"></div>
            
            <div class="stickers"></div>
        </div>
    </a>
    <div>
        <h4><a href="../succhi-santal-aran-ross-sz-1l.html"><b>Succhi Santal Aran Ross S/z 1l</b></a></h4>
        <p class="description">Santàl Dolce di Natura arancia rossa Senza Zuccheri Aggiunti 1000 ml</p>
        <p class="right price"><b>2.29 €</b></p>
        <p class="right unitPrice">2.29 € per litre</p>
    </div>
    <div class="contButton">
    <a class="button bgRed white addToCart" href="#">Add</a>
</div>
</div><div class="left product prod11"
        data-name="Frull Val Prt Mel/bosc/aven 1l"
        data-price="2.69"
        data-id="81821"
        data-available="yes"
        data-category="2887"
        data-bestselling="">
    <a href="../frull-val-prt-melboscaven-1l.html">
        <div style="background-image: url('../../cdn.spesati.com/images/products/000432490/valfrutta-frullato-proteico-mela-bosco-avena-1000-ml-01.png')">
            <div class="hover"></div>
            
            <div class="stickers"></div>
        </div>
    </a>
    <div>
        <h4><a href="../frull-val-prt-melboscaven-1l.html"><b>Frull Val Prt Mel/bosc/aven 1l</b></a></h4>
        <p class="description">Valfrutta Frullato Proteico Mela Bosco Avena 1000 ml</p>
        <p class="right price"><b>2.69 €</b></p>
        <p class="right unitPrice">2.70 € per litre</p>
    </div>
    <div class="contButton">
    <a class="button bgRed white addToCart" href="#">Add</a>
</div>
</div><div class="left product prod12"
        data-name="Succhi Santal Multifrut S/z 1l"
        data-price="2.29"
        data-id="81809"
        data-available="yes"
        data-category="2887"
        data-bestselling="">
    <a href="../succhi-santal-multifrut-sz-1l.html">
        <div style="background-image: url('../../cdn.spesati.com/images/products/000432198/santal-dolce-di-natura-multifrutti-senza-zuccheri-aggiunti-1000-ml-01.png')">
            <div class="hover"></div>
            
            <div class="stickers"></div>
        </div>
    </a>
    <div>
        <h4><a href="../succhi-santal-multifrut-sz-1l.html"><b>Succhi Santal Multifrut S/z 1l</b></a></h4>
        <p class="description">Santàl Dolce di Natura multifrutti Senza Zuccheri Aggiunti 1000 ml</p>
        <p class="right price"><b>2.29 €</b></p>
        <p class="right unitPrice">2.29 € per litre</p>
    </div>
    <div class="contButton">
    <a class="button bgRed white addToCart" href="#">Add</a>
</div>
</div><div class="left product prod13"
        data-name="Nettare Jolly Albico Mix 3x200"
        data-price="1.13"
        data-id="88718"
        data-available="yes"
        data-category="2887"
        data-bestselling="8">
    <a href="../nettare-jolly-albico-mix-3x200.html">
        <div style="background-image: url('../../cdn.spesati.com/images/products/000432174/jolly-colombani-albicocca-mix-succo-e-polpa-3-x-200-ml-01.png')">
            <div class="hover"></div>
            <p class="arrow bgRed white">Best Seller</p>
            <div class="stickers"></div>
        </div>
    </a>
    <div>
        <h4><a href="../nettare-jolly-albico-mix-3x200.html"><b>Nettare Jolly Albico Mix 3x200</b></a></h4>
        <p class="description">Jolly Colombani Albicocca Mix Succo e Polpa 3 x 200 ml</p>
        <p class="right price"><b>1.13 €</b></p>
        <p class="right unitPrice">1.88 € per litre</p>
    </div>
    <div class="contButton">
    <a class="button bgRed white addToCart" href="#">Add</a>
</div>
</div><div class="left product prod14"
        data-name="Succhi Bravo Ace 2lt"
        data-price="2.09"
        data-id="77233"
        data-available="yes"
        data-category="2887"
        data-bestselling="1">
    <a href="../succhi-bravo-ace-2lt.html">
        <div style="background-image: url('../../cdn.spesati.com/images/products/000432156/rauch-bravo-ace-vitamin-drink-2-l-01.png')">
            <div class="hover"></div>
            <p class="arrow bgRed white">Offer</p>
            <div class="stickers"></div>
        </div>
    </a>
    <div>
        <h4><a href="../succhi-bravo-ace-2lt.html"><b>Succhi Bravo Ace 2lt</b></a></h4>
        <p class="description">Rauch bravo ACE Vitamin Drink 2 L</p>
        <p class="left offer red">2.79 €</p>
<p class="right price"><b>2.09 €</b></p>
        <p class="right unitPrice">1.05 € per litre</p>
    </div>
    <div class="contButton">
    <a class="button bgRed white addToCart" href="#">Add</a>
</div>
</div><div class="left product prod15"
        data-name="Succhi Bravo Multivitam 2lt"
        data-price="2.09"
        data-id="77230"
        data-available="yes"
        data-category="2887"
        data-bestselling="">
    <a href="../succhi-bravo-multivitam-2lt.html">
        <div style="background-image: url('../../cdn.spesati.com/images/products/000432155/rauch-bravo-multi-vitamin-2-l-01.png')">
            <div class="hover"></div>
            <p class="arrow bgRed white">Offer</p>
            <div class="stickers"></div>
        </div>
    </a>
    <div>
        <h4><a href="../succhi-bravo-multivitam-2lt.html"><b>Succhi Bravo Multivitam 2lt</b></a></h4>
        <p class="description">Rauch bravo Multi Vitamin 2 L</p>
        <p class="left offer red">2.79 €</p>
<p class="right price"><b>2.09 €</b></p>
        <p class="right unitPrice">1.05 € per litre</p>
    </div>
    <div class="contButton">
    <a class="button bgRed white addToCart" href="#">Add</a>
</div>
</div><div class="left product prod16"
        data-name="Succhi Bravo Mela Verde 2lt"
        data-price="3.25"
        data-id="77227"
        data-available="yes"
        data-category="2887"
        data-bestselling="">
    <a href="../succhi-bravo-mela-verde-2lt.html">
        <div style="background-image: url('../../cdn.spesati.com/images/products/000432154/rauch-bravo-mela-verde-2-l-01.png')">
            <div class="hover"></div>
            
            <div class="stickers"></div>
        </div>
    </a>
    <div>
        <h4><a href="../succhi-bravo-mela-verde-2lt.html"><b>Succhi Bravo Mela Verde 2lt</b></a></h4>
        <p class="description">Rauch bravo Mela Verde 2 L</p>
        <p class="right price"><b>3.25 €</b></p>
        <p class="right unitPrice">1.62 € per litre</p>
    </div>
    <div class="contButton">
    <a class="button bgRed white addToCart" href="#">Add</a>
</div>
</div><div class="left product prod17"
        data-name="Succhi Bravo Arancia Rossa 2lt"
        data-price="2.09"
        data-id="77224"
        data-available="yes"
        data-category="2887"
        data-bestselling="2">
    <a href="../succhi-bravo-arancia-rossa-2lt.html">
        <div style="background-image: url('../../cdn.spesati.com/images/products/000432153/rauch-bravo-arancia-rossa-2-l-01.png')">
            <div class="hover"></div>
            <p class="arrow bgRed white">Offer</p>
            <div class="stickers"></div>
        </div>
    </a>
    <div>
        <h4><a href="../succhi-bravo-arancia-rossa-2lt.html"><b>Succhi Bravo Arancia Rossa 2lt</b></a></h4>
        <p class="description">Rauch bravo Arancia Rossa 2 L</p>
        <p class="left offer red">2.79 €</p>
<p class="right price"><b>2.09 €</b></p>
        <p class="right unitPrice">1.05 € per litre</p>
    </div>
    <div class="contButton">
    <a class="button bgRed white addToCart" href="#">Add</a>
</div>
</div><div class="left product prod18"
        data-name="Succhi Bravo Arancia 2lt"
        data-price="2.99"
        data-id="77221"
        data-available="yes"
        data-category="2887"
        data-bestselling="">
    <a href="../succhi-bravo-arancia-2lt.html">
        <div style="background-image: url('../../cdn.spesati.com/images/products/000432152/rauch-bravo-arancia-2-l-01.png')">
            <div class="hover"></div>
            
            <div class="stickers"></div>
        </div>
    </a>
    <div>
        <h4><a href="../succhi-bravo-arancia-2lt.html"><b>Succhi Bravo Arancia 2lt</b></a></h4>
        <p class="description">Rauch bravo Arancia 2 L</p>
        <p class="right price"><b>2.99 €</b></p>
        <p class="right unitPrice">1.50 € per litre</p>
    </div>
    <div class="contButton">
    <a class="button bgRed white addToCart" href="#">Add</a>
</div>
</div><div class="left product prod19"
        data-name="Succhi Bravo Ananas 2lt"
        data-price="2.09"
        data-id="77218"
        data-available="yes"
        data-category="2887"
        data-bestselling="">
    <a href="../succhi-bravo-ananas-2lt.html">
        <div style="background-image: url('../../cdn.spesati.com/images/products/000432151/rauch-bravo-ananas-2-l-01.png')">
            <div class="hover"></div>
            <p class="arrow bgRed white">Offer</p>
            <div class="stickers"></div>
        </div>
    </a>
    <div>
        <h4><a href="../succhi-bravo-ananas-2lt.html"><b>Succhi Bravo Ananas 2lt</b></a></h4>
        <p class="description">Rauch bravo Ananas 2 L</p>
        <p class="left offer red">2.79 €</p>
<p class="right price"><b>2.09 €</b></p>
        <p class="right unitPrice">1.05 € per litre</p>
    </div>
    <div class="contButton">
    <a class="button bgRed white addToCart" href="#">Add</a>
</div>
</div><div class="left product prod20"
        data-name="Succhi Santal Ananas S/z 1l"
        data-price="2.29"
        data-id="81806"
        data-available="yes"
        data-category="2887"
        data-bestselling="">
    <a href="../succhi-santal-ananas-sz-1l.html">
        <div style="background-image: url('../../cdn.spesati.com/images/products/000432068/santal-dolce-di-natura-ananas-senza-zuccheri-aggiunti-1000-ml-01.png')">
            <div class="hover"></div>
            
            <div class="stickers"></div>
        </div>
    </a>
    <div>
        <h4><a href="../succhi-santal-ananas-sz-1l.html"><b>Succhi Santal Ananas S/z 1l</b></a></h4>
        <p class="description">Santàl Dolce di Natura ananas Senza Zuccheri Aggiunti 1000 ml</p>
        <p class="right price"><b>2.29 €</b></p>
        <p class="right unitPrice">2.29 € per litre</p>
    </div>
    <div class="contButton">
    <a class="button bgRed white addToCart" href="#">Add</a>
</div>
</div><div class="left product prod21"
        data-name="Succhi Santal Ace Brik S/z 1l"
        data-price="2.29"
        data-id="81803"
        data-available="yes"
        data-category="2887"
        data-bestselling="2">
    <a href="../succhi-santal-ace-brik-sz-1l.html">
        <div style="background-image: url('../../cdn.spesati.com/images/products/000432067/santal-dolce-di-natura-ace-senza-zuccheri-aggiunti-1000-ml-01.png')">
            <div class="hover"></div>
            <p class="arrow bgRed white">Best Seller</p>
            <div class="stickers"></div>
        </div>
    </a>
    <div>
        <h4><a href="../succhi-santal-ace-brik-sz-1l.html"><b>Succhi Santal Ace Brik S/z 1l</b></a></h4>
        <p class="description">Santàl Dolce di Natura ACE Senza Zuccheri Aggiunti 1000 ml</p>
        <p class="right price"><b>2.29 €</b></p>
        <p class="right unitPrice">2.29 € per litre</p>
    </div>
    <div class="contButton">
    <a class="button bgRed white addToCart" href="#">Add</a>
</div>
</div><div class="left product prod22"
        data-name="Bevand Jolly Ace S/zucch 1.5lt"
        data-price="1.99"
        data-id="84923"
        data-available="yes"
        data-category="2887"
        data-bestselling="">
    <a href="../bevand-jolly-ace-szucch-15lt.html">
        <div style="background-image: url('../../cdn.spesati.com/images/products/000205667/jolly-colombani-ace-senza-zuccheri-aggiunti-1500-ml-01.png')">
            <div class="hover"></div>
            
            <div class="stickers"></div>
        </div>
    </a>
    <div>
        <h4><a href="../bevand-jolly-ace-szucch-15lt.html"><b>Bevand Jolly Ace S/zucch 1.5lt</b></a></h4>
        <p class="description">Jolly Colombani ACE Senza Zuccheri Aggiunti* 1500 ml</p>
        <p class="right price"><b>1.99 €</b></p>
        <p class="right unitPrice">1.33 € per litre</p>
    </div>
    <div class="contButton">
    <a class="button bgRed white addToCart" href="#">Add</a>
</div>
</div><div class="left product prod23"
        data-name="Bevand Jolly Aranc S/zuc 1.5lt"
        data-price="1.99"
        data-id="84920"
        data-available="yes"
        data-category="2887"
        data-bestselling="">
    <a href="../bevand-jolly-aranc-szuc-15lt.html">
        <div style="background-image: url('../../cdn.spesati.com/images/products/000205666/jolly-colombani-arancia-senza-zuccheri-aggiunti-1500-ml-01.png')">
            <div class="hover"></div>
            
            <div class="stickers"></div>
        </div>
    </a>
    <div>
        <h4><a href="../bevand-jolly-aranc-szuc-15lt.html"><b>Bevand Jolly Aranc S/zuc 1.5lt</b></a></h4>
        <p class="description">Jolly Colombani Arancia Senza Zuccheri Aggiunti* 1500 ml</p>
        <p class="right price"><b>1.99 €</b></p>
        <p class="right unitPrice">1.33 € per litre</p>
    </div>
    <div class="contButton">
    <a class="button bgRed white addToCart" href="#">Add</a>
</div>
</div><div class="left product prod24"
        data-name="Bevand Jolly Ananas S/zuc 1.5l"
        data-price="1.99"
        data-id="84917"
        data-available="yes"
        data-category="2887"
        data-bestselling="">
    <a href="../bevand-jolly-ananas-szuc-15l.html">
        <div style="background-image: url('../../cdn.spesati.com/images/products/000205665/jolly-colombani-ananas-senza-zuccheri-aggiunti-1500-ml-01.png')">
            <div class="hover"></div>
            
            <div class="stickers"></div>
        </div>
    </a>
    <div>
        <h4><a href="../bevand-jolly-ananas-szuc-15l.html"><b>Bevand Jolly Ananas S/zuc 1.5l</b></a></h4>
        <p class="description">Jolly Colombani Ananas Senza Zuccheri Aggiunti* 1500 ml</p>
        <p class="right price"><b>1.99 €</b></p>
        <p class="right unitPrice">1.33 € per litre</p>
    </div>
    <div class="contButton">
    <a class="button bgRed white addToCart" href="#">Add</a>
</div>
</div><div class="left product prod25"
        data-name="Bevand Jolly Tropic S/zuc 1.5l"
        data-price="1.99"
        data-id="84914"
        data-available="yes"
        data-category="2887"
        data-bestselling="">
    <a href="../bevand-jolly-tropic-szuc-15l.html">
        <div style="background-image: url('../../cdn.spesati.com/images/products/000205664/jolly-colombani-tropicale-senza-zuccheri-aggiunti-1500-ml-01.png')">
            <div class="hover"></div>
            
            <div class="stickers"></div>
        </div>
    </a>
    <div>
        <h4><a href="../bevand-jolly-tropic-szuc-15l.html"><b>Bevand Jolly Tropic S/zuc 1.5l</b></a></h4>
        <p class="description">Jolly Colombani Tropicale Senza Zuccheri Aggiunti* 1500 ml</p>
        <p class="right price"><b>1.99 €</b></p>
        <p class="right unitPrice">1.33 € per litre</p>
    </div>
    <div class="contButton">
    <a class="button bgRed white addToCart" href="#">Add</a>
</div>
</div><div class="left product prod26"
        data-name="Succoso Zero S Bened F Ros 40c"
        data-price="0.80"
        data-id="75766"
        data-available="yes"
        data-category="2887"
        data-bestselling="">
    <a href="../succoso-zero-s-bened-f-ros-40c.html">
        <div style="background-image: url('../../cdn.spesati.com/images/products/000204188/san-benedetto-succoso-zero-frutti-rossi-040l-x-12-01.png')">
            <div class="hover"></div>
            
            <div class="stickers"></div>
        </div>
    </a>
    <div>
        <h4><a href="../succoso-zero-s-bened-f-ros-40c.html"><b>Succoso Zero S Bened F Ros 40c</b></a></h4>
        <p class="description">San Benedetto Succoso Zero Frutti rossi 0,40L x 12</p>
        <p class="right price"><b>0.80 €</b></p>
        <p class="right unitPrice">2.00 € per litre</p>
    </div>
    <div class="contButton">
    <a class="button bgRed white addToCart" href="#">Add</a>
</div>
</div><div class="left product prod27"
        data-name="Succoso Zero S Benedet Ara 40c"
        data-price="0.80"
        data-id="75763"
        data-available="yes"
        data-category="2887"
        data-bestselling="">
    <a href="../succoso-zero-s-benedet-ara-40c.html">
        <div style="background-image: url('../../cdn.spesati.com/images/products/000204022/san-benedetto-succoso-zero-arancia-e-arancia-rossa-040l-01.png')">
            <div class="hover"></div>
            
            <div class="stickers"></div>
        </div>
    </a>
    <div>
        <h4><a href="../succoso-zero-s-benedet-ara-40c.html"><b>Succoso Zero S Benedet Ara 40c</b></a></h4>
        <p class="description">San Benedetto Succoso Zero Arancia e arancia rossa 0,40L</p>
        <p class="right price"><b>0.80 €</b></p>
        <p class="right unitPrice">2.00 € per litre</p>
    </div>
    <div class="contButton">
    <a class="button bgRed white addToCart" href="#">Add</a>
</div>
</div><div class="left product prod28"
        data-name="Succoso Zero S Benedet Ace 40c"
        data-price="0.80"
        data-id="75760"
        data-available="yes"
        data-category="2887"
        data-bestselling="">
    <a href="../succoso-zero-s-benedet-ace-40c.html">
        <div style="background-image: url('../../cdn.spesati.com/images/products/000204021/san-benedetto-succoso-zero-arancia-carota-limone-040l-01.png')">
            <div class="hover"></div>
            
            <div class="stickers"></div>
        </div>
    </a>
    <div>
        <h4><a href="../succoso-zero-s-benedet-ace-40c.html"><b>Succoso Zero S Benedet Ace 40c</b></a></h4>
        <p class="description">San Benedetto Succoso Zero Arancia Carota Limone 0,40L</p>
        <p class="right price"><b>0.80 €</b></p>
        <p class="right unitPrice">2.00 € per litre</p>
    </div>
    <div class="contButton">
    <a class="button bgRed white addToCart" href="#">Add</a>
</div>
</div><div class="left product prod29"
        data-name="Brik Jolly Pera S.zucch 3x200m"
        data-price="1.19"
        data-id="67506"
        data-available="yes"
        data-category="2887"
        data-bestselling="">
    <a href="../brik-jolly-pera-szucch-3x200m.html">
        <div style="background-image: url('../../cdn.spesati.com/images/products/000203387/jolly-colombani-pera-senza-zuccheri-aggiunti-3-x-200-ml-01.png')">
            <div class="hover"></div>
            
            <div class="stickers"></div>
        </div>
    </a>
    <div>
        <h4><a href="../brik-jolly-pera-szucch-3x200m.html"><b>Brik Jolly Pera S.zucch 3x200m</b></a></h4>
        <p class="description">Jolly Colombani Pera Senza Zuccheri Aggiunti* 3 x 200 ml</p>
        <p class="right price"><b>1.19 €</b></p>
        <p class="right unitPrice">1.98 € per litre</p>
    </div>
    <div class="contButton">
    <a class="button bgRed white addToCart" href="#">Add</a>
</div>
</div><div class="left product prod30"
        data-name="Brik Jolly Pesca S.zucc 3x200m"
        data-price="1.19"
        data-id="67503"
        data-available="yes"
        data-category="2887"
        data-bestselling="">
    <a href="../brik-jolly-pesca-szucc-3x200m.html">
        <div style="background-image: url('../../cdn.spesati.com/images/products/000203386/jolly-colombani-pesca-senza-zuccheri-aggiunti-3-x-200-ml-01.png')">
            <div class="hover"></div>
            
            <div class="stickers"></div>
        </div>
    </a>
    <div>
        <h4><a href="../brik-jolly-pesca-szucc-3x200m.html"><b>Brik Jolly Pesca S.zucc 3x200m</b></a></h4>
        <p class="description">Jolly Colombani Pesca Senza Zuccheri Aggiunti* 3 x 200 ml</p>
        <p class="right price"><b>1.19 €</b></p>
        <p class="right unitPrice">1.98 € per litre</p>
    </div>
    <div class="contButton">
    <a class="button bgRed white addToCart" href="#">Add</a>
</div>
</div><div class="left product prod31"
        data-name="Nettare Jolly Mela-bana 3x200m"
        data-price="1.13"
        data-id="28085"
        data-available="yes"
        data-category="2887"
        data-bestselling="">
    <a href="../nettare-jolly-mela-bana-3x200m.html">
        <div style="background-image: url('../../cdn.spesati.com/images/products/000203044/jolly-colombani-mela-banana-succo-e-polpa-3-x-200-ml-01.png')">
            <div class="hover"></div>
            
            <div class="stickers"></div>
        </div>
    </a>
    <div>
        <h4><a href="../nettare-jolly-mela-bana-3x200m.html"><b>Nettare Jolly Mela-bana 3x200m</b></a></h4>
        <p class="description">Jolly Colombani Mela Banana Succo e Polpa 3 x 200 ml</p>
        <p class="right price"><b>1.13 €</b></p>
        <p class="right unitPrice">1.88 € per litre</p>
    </div>
    <div class="contButton">
    <a class="button bgRed white addToCart" href="#">Add</a>
</div>
</div><div class="left product prod32"
        data-name="Succo Melograno Zuegg 6X125 Ml"
        data-price="6.89"
        data-id="6944"
        data-available="yes"
        data-category="2887"
        data-bestselling="">
    <a href="../succo-melograno-zuegg-6x125-ml.html">
        <div style="background-image: url('../../cdn.spesati.com/images/products/000203012/zuegg-i-frutteti-di-oswald-nettare-di-melograno-italiano-6-x-125-ml-01.png')">
            <div class="hover"></div>
            
            <div class="stickers"></div>
        </div>
    </a>
    <div>
        <h4><a href="../succo-melograno-zuegg-6x125-ml.html"><b>Succo Melograno Zuegg 6X125 Ml</b></a></h4>
        <p class="description">Zuegg I frutteti di Oswald Nettare di Melograno Italiano 6 x 125 ml</p>
        <p class="right price"><b>6.89 €</b></p>
        <p class="right unitPrice">9.19 € per litre</p>
    </div>
    <div class="contButton">
    <a class="button bgRed white addToCart" href="#">Add</a>
</div>
</div><div class="left product prod33"
        data-name="Succoso Zero S Bene Frut Mix40"
        data-price="0.80"
        data-id="75757"
        data-available="yes"
        data-category="2887"
        data-bestselling="">
    <a href="../succoso-zero-s-bene-frut-mix40.html">
        <div style="background-image: url('../../cdn.spesati.com/images/products/000202993/san-benedetto-succoso-zero-frutta-mix-040l-x12-01.png')">
            <div class="hover"></div>
            
            <div class="stickers"></div>
        </div>
    </a>
    <div>
        <h4><a href="../succoso-zero-s-bene-frut-mix40.html"><b>Succoso Zero S Bene Frut Mix40</b></a></h4>
        <p class="description">San Benedetto Succoso Zero Frutta mix 0,40L x12</p>
        <p class="right price"><b>0.80 €</b></p>
        <p class="right unitPrice">2.00 € per litre</p>
    </div>
    <div class="contButton">
    <a class="button bgRed white addToCart" href="#">Add</a>
</div>
</div><div class="left product prod34"
        data-name="Succhi Yoga Ace 3x200ml"
        data-price="2.19"
        data-id="28064"
        data-available="yes"
        data-category="2887"
        data-bestselling="1">
    <a href="../succhi-yoga-ace-3x200ml.html">
        <div style="background-image: url('../../cdn.spesati.com/images/products/000202960/yoga-optimum-ace-3-x-200-ml-01.png')">
            <div class="hover"></div>
            <p class="arrow bgRed white">Best Seller</p>
            <div class="stickers"></div>
        </div>
    </a>
    <div>
        <h4><a href="../succhi-yoga-ace-3x200ml.html"><b>Succhi Yoga Ace 3x200ml</b></a></h4>
        <p class="description">Yoga Optimum Ace 3 x 200 ml</p>
        <p class="right price"><b>2.19 €</b></p>
        <p class="right unitPrice">3.65 € per litre</p>
    </div>
    <div class="contButton">
    <a class="button bgRed white addToCart" href="#">Add</a>
</div>
</div><div class="left product prod35"
        data-name="Yoga Succo Mela Verde Pet"
        data-price="1.99"
        data-id="556"
        data-available="yes"
        data-category="2887"
        data-bestselling="3">
    <a href="../yoga-succo-mela-verde-pet.html">
        <div style="background-image: url('../../cdn.spesati.com/images/products/000202940/yoga-melaverde-1-litro-01.png')">
            <div class="hover"></div>
            <p class="arrow bgRed white">Best Seller</p>
            <div class="stickers"></div>
        </div>
    </a>
    <div>
        <h4><a href="../yoga-succo-mela-verde-pet.html"><b>Yoga Succo Mela Verde Pet</b></a></h4>
        <p class="description">Yoga Melaverde 1 Litro</p>
        <p class="right price"><b>1.99 €</b></p>
        <p class="right unitPrice">1.99 € per litre</p>
    </div>
    <div class="contButton">
    <a class="button bgRed white addToCart" href="#">Add</a>
</div>
</div><div class="left product prod36"
        data-name="Succo Melograno Skipper Lt 1 B"
        data-price="2.15"
        data-id="28059"
        data-available="yes"
        data-category="2887"
        data-bestselling="">
    <a href="../succo-melograno-skipper-lt-1-b.html">
        <div style="background-image: url('../../cdn.spesati.com/images/products/000202938/zuegg-skipper-melograno-1000-ml-01.png')">
            <div class="hover"></div>
            
            <div class="stickers"></div>
        </div>
    </a>
    <div>
        <h4><a href="../succo-melograno-skipper-lt-1-b.html"><b>Succo Melograno Skipper Lt 1 B</b></a></h4>
        <p class="description">Zuegg Skipper Melograno 1000 ml</p>
        <p class="right price"><b>2.15 €</b></p>
        <p class="right unitPrice">2.15 € per litre</p>
    </div>
    <div class="contButton">
    <a class="button bgRed white addToCart" href="#">Add</a>
</div>
</div><div class="left product prod37"
        data-name="Tropicana Succo Di Frutta Multivitaminico"
        data-price="4.05"
        data-id="544"
        data-available="yes"
        data-category="2887"
        data-bestselling="">
    <a href="../tropicana-succo-di-frutta-multivitaminico.html">
        <div style="background-image: url('../../cdn.spesati.com/images/products/000202818/tropicana-multivitaminico-1-l-01.png')">
            <div class="hover"></div>
            
            <div class="stickers"></div>
        </div>
    </a>
    <div>
        <h4><a href="../tropicana-succo-di-frutta-multivitaminico.html"><b>Tropicana Succo Di Frutta Multivitaminico</b></a></h4>
        <p class="description">Tropicana Multivitaminico 1 L</p>
        <p class="right price"><b>4.05 €</b></p>
        <p class="right unitPrice">4.05 € per litre</p>
    </div>
    <div class="contButton">
    <a class="button bgRed white addToCart" href="#">Add</a>
</div>
</div><div class="left product prod38"
        data-name="Tropicana Succo Arancia 1 Lt."
        data-price="4.05"
        data-id="5674"
        data-available="yes"
        data-category="2887"
        data-bestselling="">
    <a href="../tropicana-succo-arancia-1-lt.html">
        <div style="background-image: url('../../cdn.spesati.com/images/products/000202817/tropicana-arancia-1-l-01.png')">
            <div class="hover"></div>
            
            <div class="stickers"></div>
        </div>
    </a>
    <div>
        <h4><a href="../tropicana-succo-arancia-1-lt.html"><b>Tropicana Succo Arancia 1 Lt.</b></a></h4>
        <p class="description">Tropicana Arancia 1 L</p>
        <p class="right price"><b>4.05 €</b></p>
        <p class="right unitPrice">4.05 € per litre</p>
    </div>
    <div class="contButton">
    <a class="button bgRed white addToCart" href="#">Add</a>
</div>
</div><div class="left product prod39"
        data-name="Succo Derby Blu Ananas 1Lt"
        data-price="2.95"
        data-id="6503"
        data-available="yes"
        data-category="2887"
        data-bestselling="">
    <a href="../succo-derby-blu-ananas-1lt.html">
        <div style="background-image: url('../../cdn.spesati.com/images/products/000202804/derby-blue-ananas-100-1-litro-01.png')">
            <div class="hover"></div>
            
            <div class="stickers"></div>
        </div>
    </a>
    <div>
        <h4><a href="../succo-derby-blu-ananas-1lt.html"><b>Succo Derby Blu Ananas 1Lt</b></a></h4>
        <p class="description">Derby Blue Ananas 100% 1 litro</p>
        <p class="right price"><b>2.95 €</b></p>
        <p class="right unitPrice">2.95 € per litre</p>
    </div>
    <div class="contButton">
    <a class="button bgRed white addToCart" href="#">Add</a>
</div>
</div><div class="left product prod40"
        data-name="Succo Derby Blu Arancia 1Lt"
        data-price="2.95"
        data-id="6504"
        data-available="yes"
        data-category="2887"
        data-bestselling="">
    <a href="../succo-derby-blu-arancia-1lt.html">
        <div style="background-image: url('../../cdn.spesati.com/images/products/000202799/derby-blue-arancia-100-1-litro-01.png')">
            <div class="hover"></div>
            
            <div class="stickers"></div>
        </div>
    </a>
    <div>
        <h4><a href="../succo-derby-blu-arancia-1lt.html"><b>Succo Derby Blu Arancia 1Lt</b></a></h4>
        <p class="description">Derby blue Arancia 100% 1 litro</p>
        <p class="right price"><b>2.95 €</b></p>
        <p class="right unitPrice">2.95 € per litre</p>
    </div>
    <div class="contButton">
    <a class="button bgRed white addToCart" href="#">Add</a>
</div>
</div><div class="left product prod41"
        data-name="Valfrutta Succo Brik Ananas"
        data-price="2.19"
        data-id="548"
        data-available="yes"
        data-category="2887"
        data-bestselling="">
    <a href="../valfrutta-succo-brik-ananas.html">
        <div style="background-image: url('../../cdn.spesati.com/images/products/000202497/valfrutta-ananas-1500-ml-01.png')">
            <div class="hover"></div>
            
            <div class="stickers"></div>
        </div>
    </a>
    <div>
        <h4><a href="../valfrutta-succo-brik-ananas.html"><b>Valfrutta Succo Brik Ananas</b></a></h4>
        <p class="description">Valfrutta Ananas 1500 ml</p>
        <p class="right price"><b>2.19 €</b></p>
        <p class="right unitPrice">1.46 € per litre</p>
    </div>
    <div class="contButton">
    <a class="button bgRed white addToCart" href="#">Add</a>
</div>
</div><div class="left product prod42"
        data-name="Valfrutta Succo Brik A C E"
        data-price="2.19"
        data-id="547"
        data-available="yes"
        data-category="2887"
        data-bestselling="">
    <a href="../valfrutta-succo-brik-a-c-e.html">
        <div style="background-image: url('../../cdn.spesati.com/images/products/000202496/valfrutta-ace-1500-ml-01.png')">
            <div class="hover"></div>
            
            <div class="stickers"></div>
        </div>
    </a>
    <div>
        <h4><a href="../valfrutta-succo-brik-a-c-e.html"><b>Valfrutta Succo Brik A C E</b></a></h4>
        <p class="description">Valfrutta ACE 1500 ml</p>
        <p class="right price"><b>2.19 €</b></p>
        <p class="right unitPrice">1.46 € per litre</p>
    </div>
    <div class="contButton">
    <a class="button bgRed white addToCart" href="#">Add</a>
</div>
</div><div class="left product prod43"
        data-name="Succo Mirtillo Zuegg 6X125 Ml"
        data-price="6.89"
        data-id="6945"
        data-available="yes"
        data-category="2887"
        data-bestselling="">
    <a href="../succo-mirtillo-zuegg-6x125-ml.html">
        <div style="background-image: url('../../cdn.spesati.com/images/products/000202487/zuegg-i-frutteti-di-oswald-nettare-di-mirtillo-nero-selvatico-6-x-125-ml-01.png')">
            <div class="hover"></div>
            
            <div class="stickers"></div>
        </div>
    </a>
    <div>
        <h4><a href="../succo-mirtillo-zuegg-6x125-ml.html"><b>Succo Mirtillo Zuegg 6X125 Ml</b></a></h4>
        <p class="description">Zuegg I frutteti di Oswald Nettare di Mirtillo Nero Selvatico 6 x 125 ml</p>
        <p class="right price"><b>6.89 €</b></p>
        <p class="right unitPrice">9.19 € per litre</p>
    </div>
    <div class="contButton">
    <a class="button bgRed white addToCart" href="#">Add</a>
</div>
</div><div class="left product prod44"
        data-name="Succhi Yoga Mela-banan 3x200ml"
        data-price="2.19"
        data-id="27962"
        data-available="yes"
        data-category="2887"
        data-bestselling="">
    <a href="../succhi-yoga-mela-banan-3x200ml.html">
        <div style="background-image: url('../../cdn.spesati.com/images/products/000202482/yoga-optimum-70-mela-banana-3-x-200-ml-01.png')">
            <div class="hover"></div>
            
            <div class="stickers"></div>
        </div>
    </a>
    <div>
        <h4><a href="../succhi-yoga-mela-banan-3x200ml.html"><b>Succhi Yoga Mela-banan 3x200ml</b></a></h4>
        <p class="description">Yoga Optimum 70% Mela-Banana 3 x 200 ml</p>
        <p class="right price"><b>2.19 €</b></p>
        <p class="right unitPrice">3.65 € per litre</p>
    </div>
    <div class="contButton">
    <a class="button bgRed white addToCart" href="#">Add</a>
</div>
</div><div class="left product prod45"
        data-name="Succo Frutti Rossi Skipper 1 Lt Brik"
        data-price="2.15"
        data-id="6950"
        data-available="yes"
        data-category="2887"
        data-bestselling="">
    <a href="../succo-frutti-rossi-skipper-1-lt-brik.html">
        <div style="background-image: url('../../cdn.spesati.com/images/products/000202481/zuegg-skipper-frutti-rossi-1000-ml-01.png')">
            <div class="hover"></div>
            
            <div class="stickers"></div>
        </div>
    </a>
    <div>
        <h4><a href="../succo-frutti-rossi-skipper-1-lt-brik.html"><b>Succo Frutti Rossi Skipper 1 Lt Brik</b></a></h4>
        <p class="description">Zuegg Skipper Frutti Rossi 1000 ml</p>
        <p class="right price"><b>2.15 €</b></p>
        <p class="right unitPrice">2.15 € per litre</p>
    </div>
    <div class="contButton">
    <a class="button bgRed white addToCart" href="#">Add</a>
</div>
</div><div class="left product prod46"
        data-name="Yoga Succo Pesca Pet"
        data-price="1.99"
        data-id="558"
        data-available="yes"
        data-category="2887"
        data-bestselling="">
    <a href="../yoga-succo-pesca-pet.html">
        <div style="background-image: url('../../cdn.spesati.com/images/products/000202480/yoga-pesca-succo-e-polpa-1-litro-01.png')">
            <div class="hover"></div>
            
            <div class="stickers"></div>
        </div>
    </a>
    <div>
        <h4><a href="../yoga-succo-pesca-pet.html"><b>Yoga Succo Pesca Pet</b></a></h4>
        <p class="description">Yoga Pesca succo e polpa 1 Litro</p>
        <p class="right price"><b>1.99 €</b></p>
        <p class="right unitPrice">1.99 € per litre</p>
    </div>
    <div class="contButton">
    <a class="button bgRed white addToCart" href="#">Add</a>
</div>
</div><div class="left product prod47"
        data-name="Yoga Succo Pera Pet"
        data-price="1.99"
        data-id="557"
        data-available="yes"
        data-category="2887"
        data-bestselling="">
    <a href="../yoga-succo-pera-pet.html">
        <div style="background-image: url('../../cdn.spesati.com/images/products/000202478/yoga-pera-succo-e-polpa-1-litro-01.png')">
            <div class="hover"></div>
            
            <div class="stickers"></div>
        </div>
    </a>
    <div>
        <h4><a href="../yoga-succo-pera-pet.html"><b>Yoga Succo Pera Pet</b></a></h4>
        <p class="description">Yoga Pera succo e polpa 1 Litro</p>
        <p class="right price"><b>1.99 €</b></p>
        <p class="right unitPrice">1.99 € per litre</p>
    </div>
    <div class="contButton">
    <a class="button bgRed white addToCart" href="#">Add</a>
</div>
</div><div class="left product prod48"
        data-name="Yoga Succo Mela Banana Pet"
        data-price="1.99"
        data-id="555"
        data-available="yes"
        data-category="2887"
        data-bestselling="">
    <a href="../yoga-succo-mela-banana-pet.html">
        <div style="background-image: url('../../cdn.spesati.com/images/products/000202476/yoga-mela-banana-succo-e-polpa-1-litro-01.png')">
            <div class="hover"></div>
            
            <div class="stickers"></div>
        </div>
    </a>
    <div>
        <h4><a href="../yoga-succo-mela-banana-pet.html"><b>Yoga Succo Mela Banana Pet</b></a></h4>
        <p class="description">Yoga Mela Banana succo e polpa 1 Litro</p>
        <p class="right price"><b>1.99 €</b></p>
        <p class="right unitPrice">1.99 € per litre</p>
    </div>
    <div class="contButton">
    <a class="button bgRed white addToCart" href="#">Add</a>
</div>
</div><div class="left product prod49"
        data-name="Yoga Succo Albicocca Pet"
        data-price="1.99"
        data-id="554"
        data-available="yes"
        data-category="2887"
        data-bestselling="">
    <a href="../yoga-succo-albicocca-pet.html">
        <div style="background-image: url('../../cdn.spesati.com/images/products/000202475/yoga-albicocca-succo-e-polpa-1-litro-01.png')">
            <div class="hover"></div>
            
            <div class="stickers"></div>
        </div>
    </a>
    <div>
        <h4><a href="../yoga-succo-albicocca-pet.html"><b>Yoga Succo Albicocca Pet</b></a></h4>
        <p class="description">Yoga Albicocca succo e polpa 1 Litro</p>
        <p class="right price"><b>1.99 €</b></p>
        <p class="right unitPrice">1.99 € per litre</p>
    </div>
    <div class="contButton">
    <a class="button bgRed white addToCart" href="#">Add</a>
</div>
</div><div class="left product prod50"
        data-name="Yoga Succo ACE Pet"
        data-price="1.99"
        data-id="553"
        data-available="yes"
        data-category="2887"
        data-bestselling="">
    <a href="../yoga-succo-ace-pet.html">
        <div style="background-image: url('../../cdn.spesati.com/images/products/000202474/yoga-ace-1-litro-01.png')">
            <div class="hover"></div>
            
            <div class="stickers"></div>
        </div>
    </a>
    <div>
        <h4><a href="../yoga-succo-ace-pet.html"><b>Yoga Succo ACE Pet</b></a></h4>
        <p class="description">Yoga Ace 1 Litro</p>
        <p class="right price"><b>1.99 €</b></p>
        <p class="right unitPrice">1.99 € per litre</p>
    </div>
    <div class="contButton">
    <a class="button bgRed white addToCart" href="#">Add</a>
</div>
</div><div class="left product prod51"
        data-name="Bev.base Fr.skipper Ace 33 Cl"
        data-price="1.18"
        data-id="27959"
        data-available="yes"
        data-category="2887"
        data-bestselling="">
    <a href="../bevbase-frskipper-ace-33-cl.html">
        <div style="background-image: url('../../cdn.spesati.com/images/products/000202431/zuegg-skipper-senza-zuccheri-aggiunti-ace-330-ml-01.png')">
            <div class="hover"></div>
            
            <div class="stickers"></div>
        </div>
    </a>
    <div>
        <h4><a href="../bevbase-frskipper-ace-33-cl.html"><b>Bev.base Fr.skipper Ace 33 Cl</b></a></h4>
        <p class="description">Zuegg Skipper Senza zuccheri aggiunti* ACE 330 ml</p>
        <p class="right price"><b>1.18 €</b></p>
        <p class="right unitPrice">3.57 € per litre</p>
    </div>
    <div class="contButton">
    <a class="button bgRed white addToCart" href="#">Add</a>
</div>
</div><div class="left product prod52"
        data-name="Bev.base Fr Skipp Ananas 33 Cl"
        data-price="1.18"
        data-id="27958"
        data-available="yes"
        data-category="2887"
        data-bestselling="">
    <a href="../bevbase-fr-skipp-ananas-33-cl.html">
        <div style="background-image: url('../../cdn.spesati.com/images/products/000202429/zuegg-skipper-senza-zuccheri-aggiunti-ananas-330-ml-01.png')">
            <div class="hover"></div>
            
            <div class="stickers"></div>
        </div>
    </a>
    <div>
        <h4><a href="../bevbase-fr-skipp-ananas-33-cl.html"><b>Bev.base Fr Skipp Ananas 33 Cl</b></a></h4>
        <p class="description">Zuegg Skipper Senza zuccheri aggiunti* Ananas 330 ml</p>
        <p class="right price"><b>1.18 €</b></p>
        <p class="right unitPrice">3.57 € per litre</p>
    </div>
    <div class="contButton">
    <a class="button bgRed white addToCart" href="#">Add</a>
</div>
</div><div class="left product prod53"
        data-name="Succo Mela Skipper 100%1L"
        data-price="2.39"
        data-id="6953"
        data-available="yes"
        data-category="2887"
        data-bestselling="">
    <a href="../succo-mela-skipper-1001l.html">
        <div style="background-image: url('../../cdn.spesati.com/images/products/000202417/zuegg-skipper-mela-limpida-senza-zuccheri-aggiunti-1000-ml-01.png')">
            <div class="hover"></div>
            
            <div class="stickers"></div>
        </div>
    </a>
    <div>
        <h4><a href="../succo-mela-skipper-1001l.html"><b>Succo Mela Skipper 100%1L</b></a></h4>
        <p class="description">Zuegg Skipper Mela Limpida Senza zuccheri aggiunti* 1000 ml</p>
        <p class="right price"><b>2.39 €</b></p>
        <p class="right unitPrice">2.39 € per litre</p>
    </div>
    <div class="contButton">
    <a class="button bgRed white addToCart" href="#">Add</a>
</div>
</div><div class="left product prod54"
        data-name="Nettare Jolly Pera 1Lt Brik"
        data-price="1.39"
        data-id="6483"
        data-available="yes"
        data-category="2887"
        data-bestselling="5">
    <a href="../nettare-jolly-pera-1lt-brik.html">
        <div style="background-image: url('../../cdn.spesati.com/images/products/000202401/jolly-colombani-pera-succo-e-polpa-1000-ml-01.png')">
            <div class="hover"></div>
            <p class="arrow bgRed white">Best Seller</p>
            <div class="stickers"></div>
        </div>
    </a>
    <div>
        <h4><a href="../nettare-jolly-pera-1lt-brik.html"><b>Nettare Jolly Pera 1Lt Brik</b></a></h4>
        <p class="description">Jolly Colombani Pera Succo e Polpa 1000 ml</p>
        <p class="right price"><b>1.39 €</b></p>
        <p class="right unitPrice">1.39 € per litre</p>
    </div>
    <div class="contButton">
    <a class="button bgRed white addToCart" href="#">Add</a>
</div>
</div><div class="left product prod55"
        data-name="Nettare Jolly Pesca Brik 1Lt"
        data-price="1.39"
        data-id="6499"
        data-available="yes"
        data-category="2887"
        data-bestselling="2">
    <a href="../nettare-jolly-pesca-brik-1lt.html">
        <div style="background-image: url('../../cdn.spesati.com/images/products/000202399/jolly-colombani-pesca-succo-e-polpa-1000-ml-01.png')">
            <div class="hover"></div>
            <p class="arrow bgRed white">Best Seller</p>
            <div class="stickers"></div>
        </div>
    </a>
    <div>
        <h4><a href="../nettare-jolly-pesca-brik-1lt.html"><b>Nettare Jolly Pesca Brik 1Lt</b></a></h4>
        <p class="description">Jolly Colombani Pesca Succo e Polpa 1000 ml</p>
        <p class="right price"><b>1.39 €</b></p>
        <p class="right unitPrice">1.39 € per litre</p>
    </div>
    <div class="contButton">
    <a class="button bgRed white addToCart" href="#">Add</a>
</div>
</div><div class="left product prod56"
        data-name="Nettare Jolly Pesca 3X200Ml Brik"
        data-price="1.13"
        data-id="6362"
        data-available="yes"
        data-category="2887"
        data-bestselling="1">
    <a href="../nettare-jolly-pesca-3x200ml-brik.html">
        <div style="background-image: url('../../cdn.spesati.com/images/products/000202393/jolly-colombani-pesca-succo-e-polpa-3-x-200-ml-01.png')">
            <div class="hover"></div>
            <p class="arrow bgRed white">Best Seller</p>
            <div class="stickers"></div>
        </div>
    </a>
    <div>
        <h4><a href="../nettare-jolly-pesca-3x200ml-brik.html"><b>Nettare Jolly Pesca 3X200Ml Brik</b></a></h4>
        <p class="description">Jolly Colombani Pesca Succo e Polpa 3 x 200 ml</p>
        <p class="right price"><b>1.13 €</b></p>
        <p class="right unitPrice">1.88 € per litre</p>
    </div>
    <div class="contButton">
    <a class="button bgRed white addToCart" href="#">Add</a>
</div>
</div><div class="left product prod57"
        data-name="Nettare Jolly Pera 3X200Ml"
        data-price="1.13"
        data-id="6501"
        data-available="yes"
        data-category="2887"
        data-bestselling="">
    <a href="../nettare-jolly-pera-3x200ml.html">
        <div style="background-image: url('../../cdn.spesati.com/images/products/000202392/jolly-colombani-pera-succo-e-polpa-3-x-200-ml-01.png')">
            <div class="hover"></div>
            
            <div class="stickers"></div>
        </div>
    </a>
    <div>
        <h4><a href="../nettare-jolly-pera-3x200ml.html"><b>Nettare Jolly Pera 3X200Ml</b></a></h4>
        <p class="description">Jolly Colombani Pera Succo e Polpa 3 x 200 ml</p>
        <p class="right price"><b>1.13 €</b></p>
        <p class="right unitPrice">1.88 € per litre</p>
    </div>
    <div class="contButton">
    <a class="button bgRed white addToCart" href="#">Add</a>
</div>
</div><div class="left product prod58"
        data-name="Jolly Succo Ace Brik Ml 200X3"
        data-price="1.13"
        data-id="5676"
        data-available="yes"
        data-category="2887"
        data-bestselling="1">
    <a href="../jolly-succo-ace-brik-ml-200x3.html">
        <div style="background-image: url('../../cdn.spesati.com/images/products/000202390/jolly-colombani-ace-3-x-200-ml-01.png')">
            <div class="hover"></div>
            <p class="arrow bgRed white">Best Seller</p>
            <div class="stickers"></div>
        </div>
    </a>
    <div>
        <h4><a href="../jolly-succo-ace-brik-ml-200x3.html"><b>Jolly Succo Ace Brik Ml 200X3</b></a></h4>
        <p class="description">Jolly Colombani ACE 3 x 200 ml</p>
        <p class="right price"><b>1.13 €</b></p>
        <p class="right unitPrice">1.88 € per litre</p>
    </div>
    <div class="contButton">
    <a class="button bgRed white addToCart" href="#">Add</a>
</div>
</div><div class="left product prod59"
        data-name="Nettare Jolly Pesca 6x125ml"
        data-price="2.60"
        data-id="27954"
        data-available="yes"
        data-category="2887"
        data-bestselling="">
    <a href="../nettare-jolly-pesca-6x125ml.html">
        <div style="background-image: url('../../cdn.spesati.com/images/products/000202389/jolly-colombani-pesca-succo-e-polpa-6-x-125-ml-01.png')">
            <div class="hover"></div>
            
            <div class="stickers"></div>
        </div>
    </a>
    <div>
        <h4><a href="../nettare-jolly-pesca-6x125ml.html"><b>Nettare Jolly Pesca 6x125ml</b></a></h4>
        <p class="description">Jolly Colombani Pesca Succo e Polpa 6 x 125 ml</p>
        <p class="right price"><b>2.60 €</b></p>
        <p class="right unitPrice">3.46 € per litre</p>
    </div>
    <div class="contButton">
    <a class="button bgRed white addToCart" href="#">Add</a>
</div>
</div><div class="left product prod60"
        data-name="Nettare Jolly Pera 6x125ml"
        data-price="2.60"
        data-id="27953"
        data-available="yes"
        data-category="2887"
        data-bestselling="">
    <a href="../nettare-jolly-pera-6x125ml.html">
        <div style="background-image: url('../../cdn.spesati.com/images/products/000202387/jolly-colombani-pera-succo-e-polpa-6-x-125-ml-01.png')">
            <div class="hover"></div>
            
            <div class="stickers"></div>
        </div>
    </a>
    <div>
        <h4><a href="../nettare-jolly-pera-6x125ml.html"><b>Nettare Jolly Pera 6x125ml</b></a></h4>
        <p class="description">Jolly Colombani Pera Succo e Polpa 6 x 125 ml</p>
        <p class="right price"><b>2.60 €</b></p>
        <p class="right unitPrice">3.46 € per litre</p>
    </div>
    <div class="contButton">
    <a class="button bgRed white addToCart" href="#">Add</a>
</div>
</div><div class="left product prod61"
        data-name="Nettare Jolly Albicocca 6x125m"
        data-price="2.89"
        data-id="27952"
        data-available="yes"
        data-category="2887"
        data-bestselling="">
    <a href="../nettare-jolly-albicocca-6x125m.html">
        <div style="background-image: url('../../cdn.spesati.com/images/products/000202384/jolly-colombani-albicocca-succo-e-polpa-6-x-125-ml-01.png')">
            <div class="hover"></div>
            
            <div class="stickers"></div>
        </div>
    </a>
    <div>
        <h4><a href="../nettare-jolly-albicocca-6x125m.html"><b>Nettare Jolly Albicocca 6x125m</b></a></h4>
        <p class="description">Jolly Colombani Albicocca Succo e Polpa 6 x 125 ml</p>
        <p class="right price"><b>2.89 €</b></p>
        <p class="right unitPrice">3.86 € per litre</p>
    </div>
    <div class="contButton">
    <a class="button bgRed white addToCart" href="#">Add</a>
</div>
</div><div class="left product prod62"
        data-name="Valfrutta Nettare Pesca 6X200Ml"
        data-price="3.69"
        data-id="6641"
        data-available="yes"
        data-category="2887"
        data-bestselling="">
    <a href="../valfrutta-nettare-pesca-6x200ml.html">
        <div style="background-image: url('../../cdn.spesati.com/images/products/000202382/valfrutta-pesca-italiana-succo-e-polpa-di-frutta-6-x-200-ml-01.png')">
            <div class="hover"></div>
            
            <div class="stickers"></div>
        </div>
    </a>
    <div>
        <h4><a href="../valfrutta-nettare-pesca-6x200ml.html"><b>Valfrutta Nettare Pesca 6X200Ml</b></a></h4>
        <p class="description">Valfrutta Pesca Italiana Succo e polpa di frutta 6 x 200 ml</p>
        <p class="right price"><b>3.69 €</b></p>
        <p class="right unitPrice">3.07 € per litre</p>
    </div>
    <div class="contButton">
    <a class="button bgRed white addToCart" href="#">Add</a>
</div>
</div><div class="left product prod63"
        data-name="Valfrutta Succo Pera 6x200Ml"
        data-price="3.69"
        data-id="552"
        data-available="yes"
        data-category="2887"
        data-bestselling="">
    <a href="../valfrutta-succo-pera-6x200ml.html">
        <div style="background-image: url('../../cdn.spesati.com/images/products/000202380/valfrutta-pera-italiana-succo-e-polpa-di-frutta-6-x-200-ml-01.png')">
            <div class="hover"></div>
            
            <div class="stickers"></div>
        </div>
    </a>
    <div>
        <h4><a href="../valfrutta-succo-pera-6x200ml.html"><b>Valfrutta Succo Pera 6x200Ml</b></a></h4>
        <p class="description">Valfrutta Pera Italiana Succo e polpa di frutta 6 x 200 ml</p>
        <p class="right price"><b>3.69 €</b></p>
        <p class="right unitPrice">3.07 € per litre</p>
    </div>
    <div class="contButton">
    <a class="button bgRed white addToCart" href="#">Add</a>
</div>
</div><div class="left product prod64"
        data-name="Bevanda L'Angelica Cocco 500Ml"
        data-price="1.85"
        data-id="6954"
        data-available="yes"
        data-category="2887"
        data-bestselling="">
    <a href="../bevanda-langelica-cocco-500ml.html">
        <div style="background-image: url('../../cdn.spesati.com/images/products/000114447/langelica-health-drink-cocco-drink-original-500-ml-01.png')">
            <div class="hover"></div>
            
            <div class="stickers"></div>
        </div>
    </a>
    <div>
        <h4><a href="../bevanda-langelica-cocco-500ml.html"><b>Bevanda L'Angelica Cocco 500Ml</b></a></h4>
        <p class="description">L'Angelica Health Drink Cocco Drink Original 500 ml</p>
        <p class="right price"><b>1.85 €</b></p>
        <p class="right unitPrice">3.70 € per litre</p>
    </div>
    <div class="contButton">
    <a class="button bgRed white addToCart" href="#">Add</a>
</div>
</div><div class="left product prod65"
        data-name="Bev Rdg Lime/zenzer Bio 500 Ml"
        data-price="2.49"
        data-id="78411"
        data-available="yes"
        data-category="2887"
        data-bestselling="">
    <a href="../bev-rdg-limezenzer-bio-500-ml.html">
        <div style="background-image: url('../../cdn.spesati.com/images/products/missing-image/missing-image.jpg')">
            <div class="hover"></div>
            
            <div class="stickers"></div>
        </div>
    </a>
    <div>
        <h4><a href="../bev-rdg-limezenzer-bio-500-ml.html"><b>Bev Rdg Lime/zenzer Bio 500 Ml</b></a></h4>
        <p class="description">0.5 Lt</p>
        <p class="right price"><b>2.49 €</b></p>
        <p class="right unitPrice">4.98 € per litre</p>
    </div>
    <div class="contButton">
    <a class="button bgRed white addToCart" href="#">Add</a>
</div>
</div><div class="left product prod66"
        data-name="Suc Rdg Melag/mel/uva Bio 50cl"
        data-price="2.19"
        data-id="78414"
        data-available="yes"
        data-category="2887"
        data-bestselling="">
    <a href="../suc-rdg-melagmeluva-bio-50cl.html">
        <div style="background-image: url('../../cdn.spesati.com/images/products/missing-image/missing-image.jpg')">
            <div class="hover"></div>
            
            <div class="stickers"></div>
        </div>
    </a>
    <div>
        <h4><a href="../suc-rdg-melagmeluva-bio-50cl.html"><b>Suc Rdg Melag/mel/uva Bio 50cl</b></a></h4>
        <p class="description">0.5 Lt</p>
        <p class="right price"><b>2.19 €</b></p>
        <p class="right unitPrice">4.38 € per litre</p>
    </div>
    <div class="contButton">
    <a class="button bgRed white addToCart" href="#">Add</a>
</div>
</div><div class="left product prod67"
        data-name="Bev Rdg Aran/zenzer Bio 500 Ml"
        data-price="2.49"
        data-id="78417"
        data-available="yes"
        data-category="2887"
        data-bestselling="">
    <a href="../bev-rdg-aranzenzer-bio-500-ml.html">
        <div style="background-image: url('../../cdn.spesati.com/images/products/missing-image/missing-image.jpg')">
            <div class="hover"></div>
            
            <div class="stickers"></div>
        </div>
    </a>
    <div>
        <h4><a href="../bev-rdg-aranzenzer-bio-500-ml.html"><b>Bev Rdg Aran/zenzer Bio 500 Ml</b></a></h4>
        <p class="description">0.5 Lt</p>
        <p class="right price"><b>2.49 €</b></p>
        <p class="right unitPrice">4.98 € per litre</p>
    </div>
    <div class="contButton">
    <a class="button bgRed white addToCart" href="#">Add</a>
</div>
</div><div class="left product prod68"
        data-name="Pago Succo Pomodoro 100% 0.200Lt"
        data-price="1.39"
        data-id="6227"
        data-available="yes"
        data-category="2887"
        data-bestselling="">
    <a href="../pago-succo-pomodoro-100-0200lt.html">
        <div style="background-image: url('../../cdn.spesati.com/images/products/missing-image/missing-image.jpg')">
            <div class="hover"></div>
            
            <div class="stickers"></div>
        </div>
    </a>
    <div>
        <h4><a href="../pago-succo-pomodoro-100-0200lt.html"><b>Pago Succo Pomodoro 100% 0.200Lt</b></a></h4>
        <p class="description">0.2 Lt</p>
        <p class="right price"><b>1.39 €</b></p>
        <p class="right unitPrice">6.95 € per litre</p>
    </div>
    <div class="contButton">
    <a class="button bgRed white addToCart" href="#">Add</a>
</div>
</div><div class="left product prod69"
        data-name="Pago Nettare Pesca 0.200Lt"
        data-price="1.24"
        data-id="6229"
        data-available="yes"
        data-category="2887"
        data-bestselling="">
    <a href="../pago-nettare-pesca-0200lt.html">
        <div style="background-image: url('../../cdn.spesati.com/images/products/missing-image/missing-image.jpg')">
            <div class="hover"></div>
            
            <div class="stickers"></div>
        </div>
    </a>
    <div>
        <h4><a href="../pago-nettare-pesca-0200lt.html"><b>Pago Nettare Pesca 0.200Lt</b></a></h4>
        <p class="description">0.2 Lt</p>
        <p class="right price"><b>1.24 €</b></p>
        <p class="right unitPrice">6.20 € per litre</p>
    </div>
    <div class="contButton">
    <a class="button bgRed white addToCart" href="#">Add</a>
</div>
</div><div class="left product prod70"
        data-name="Succo Polpa Pera Viviland 200Ml"
        data-price="0.87"
        data-id="6273"
        data-available="yes"
        data-category="2887"
        data-bestselling="">
    <a href="../succo-polpa-pera-viviland-200ml.html">
        <div style="background-image: url('../../cdn.spesati.com/images/products/missing-image/missing-image.jpg')">
            <div class="hover"></div>
            
            <div class="stickers"></div>
        </div>
    </a>
    <div>
        <h4><a href="../succo-polpa-pera-viviland-200ml.html"><b>Succo Polpa Pera Viviland 200Ml</b></a></h4>
        <p class="description">0.2 Lt</p>
        <p class="right price"><b>0.87 €</b></p>
        <p class="right unitPrice">4.34 € per litre</p>
    </div>
    <div class="contButton">
    <a class="button bgRed white addToCart" href="#">Add</a>
</div>
</div><div class="left product prod71"
        data-name="Pago Nettare Albicocca 020lt"
        data-price="1.24"
        data-id="28000"
        data-available="yes"
        data-category="2887"
        data-bestselling="">
    <a href="../pago-nettare-albicocca-020lt.html">
        <div style="background-image: url('../../cdn.spesati.com/images/products/missing-image/missing-image.jpg')">
            <div class="hover"></div>
            
            <div class="stickers"></div>
        </div>
    </a>
    <div>
        <h4><a href="../pago-nettare-albicocca-020lt.html"><b>Pago Nettare Albicocca 020lt</b></a></h4>
        <p class="description">0.2 Lt</p>
        <p class="right price"><b>1.24 €</b></p>
        <p class="right unitPrice">6.20 € per litre</p>
    </div>
    <div class="contButton">
    <a class="button bgRed white addToCart" href="#">Add</a>
</div>
</div><div class="left product prod72"
        data-name="Pago Nettare Banana 020lt"
        data-price="1.44"
        data-id="28001"
        data-available="yes"
        data-category="2887"
        data-bestselling="">
    <a href="../pago-nettare-banana-020lt.html">
        <div style="background-image: url('../../cdn.spesati.com/images/products/missing-image/missing-image.jpg')">
            <div class="hover"></div>
            
            <div class="stickers"></div>
        </div>
    </a>
    <div>
        <h4><a href="../pago-nettare-banana-020lt.html"><b>Pago Nettare Banana 020lt</b></a></h4>
        <p class="description">0.2 Lt</p>
        <p class="right price"><b>1.44 €</b></p>
        <p class="right unitPrice">7.21 € per litre</p>
    </div>
    <div class="contButton">
    <a class="button bgRed white addToCart" href="#">Add</a>
</div>
</div><div class="left product prod73"
        data-name="Pago Nettare Mirtillo 020lt"
        data-price="1.87"
        data-id="28003"
        data-available="yes"
        data-category="2887"
        data-bestselling="">
    <a href="../pago-nettare-mirtillo-020lt.html">
        <div style="background-image: url('../../cdn.spesati.com/images/products/missing-image/missing-image.jpg')">
            <div class="hover"></div>
            
            <div class="stickers"></div>
        </div>
    </a>
    <div>
        <h4><a href="../pago-nettare-mirtillo-020lt.html"><b>Pago Nettare Mirtillo 020lt</b></a></h4>
        <p class="description">0.2 Lt</p>
        <p class="right price"><b>1.87 €</b></p>
        <p class="right unitPrice">9.35 € per litre</p>
    </div>
    <div class="contButton">
    <a class="button bgRed white addToCart" href="#">Add</a>
</div>
</div><div class="left product prod74"
        data-name="Pago Succo Ananas 100% 020lt"
        data-price="1.14"
        data-id="28004"
        data-available="yes"
        data-category="2887"
        data-bestselling="">
    <a href="../pago-succo-ananas-100-020lt.html">
        <div style="background-image: url('../../cdn.spesati.com/images/products/missing-image/missing-image.jpg')">
            <div class="hover"></div>
            
            <div class="stickers"></div>
        </div>
    </a>
    <div>
        <h4><a href="../pago-succo-ananas-100-020lt.html"><b>Pago Succo Ananas 100% 020lt</b></a></h4>
        <p class="description">0.2 Lt</p>
        <p class="right price"><b>1.14 €</b></p>
        <p class="right unitPrice">5.71 € per litre</p>
    </div>
    <div class="contButton">
    <a class="button bgRed white addToCart" href="#">Add</a>
</div>
</div><div class="left product prod75"
        data-name="Pago Succo Pompelmo 100% 020lt"
        data-price="1.55"
        data-id="28005"
        data-available="yes"
        data-category="2887"
        data-bestselling="">
    <a href="../pago-succo-pompelmo-100-020lt.html">
        <div style="background-image: url('../../cdn.spesati.com/images/products/missing-image/missing-image.jpg')">
            <div class="hover"></div>
            
            <div class="stickers"></div>
        </div>
    </a>
    <div>
        <h4><a href="../pago-succo-pompelmo-100-020lt.html"><b>Pago Succo Pompelmo 100% 020lt</b></a></h4>
        <p class="description">0.2 Lt</p>
        <p class="right price"><b>1.55 €</b></p>
        <p class="right unitPrice">7.77 € per litre</p>
    </div>
    <div class="contButton">
    <a class="button bgRed white addToCart" href="#">Add</a>
</div>
</div><div class="left product prod76"
        data-name="Succo Fruttissima Pesca 200ml"
        data-price="0.87"
        data-id="28055"
        data-available="yes"
        data-category="2887"
        data-bestselling="">
    <a href="../succo-fruttissima-pesca-200ml.html">
        <div style="background-image: url('../../cdn.spesati.com/images/products/missing-image/missing-image.jpg')">
            <div class="hover"></div>
            
            <div class="stickers"></div>
        </div>
    </a>
    <div>
        <h4><a href="../succo-fruttissima-pesca-200ml.html"><b>Succo Fruttissima Pesca 200ml</b></a></h4>
        <p class="description">0.2 Lt</p>
        <p class="right price"><b>0.87 €</b></p>
        <p class="right unitPrice">4.34 € per litre</p>
    </div>
    <div class="contButton">
    <a class="button bgRed white addToCart" href="#">Add</a>
</div>
</div><div class="left product prod77"
        data-name="Succo Fruttissima Ace 200ml"
        data-price="0.87"
        data-id="28056"
        data-available="yes"
        data-category="2887"
        data-bestselling="">
    <a href="../succo-fruttissima-ace-200ml.html">
        <div style="background-image: url('../../cdn.spesati.com/images/products/missing-image/missing-image.jpg')">
            <div class="hover"></div>
            
            <div class="stickers"></div>
        </div>
    </a>
    <div>
        <h4><a href="../succo-fruttissima-ace-200ml.html"><b>Succo Fruttissima Ace 200ml</b></a></h4>
        <p class="description">0.2 Lt</p>
        <p class="right price"><b>0.87 €</b></p>
        <p class="right unitPrice">4.34 € per litre</p>
    </div>
    <div class="contButton">
    <a class="button bgRed white addToCart" href="#">Add</a>
</div>
</div><div class="left product prod78"
        data-name="Succo Fruttissima Ananas 200ml"
        data-price="0.92"
        data-id="28057"
        data-available="yes"
        data-category="2887"
        data-bestselling="">
    <a href="../succo-fruttissima-ananas-200ml.html">
        <div style="background-image: url('../../cdn.spesati.com/images/products/missing-image/missing-image.jpg')">
            <div class="hover"></div>
            
            <div class="stickers"></div>
        </div>
    </a>
    <div>
        <h4><a href="../succo-fruttissima-ananas-200ml.html"><b>Succo Fruttissima Ananas 200ml</b></a></h4>
        <p class="description">0.2 Lt</p>
        <p class="right price"><b>0.92 €</b></p>
        <p class="right unitPrice">4.60 € per litre</p>
    </div>
    <div class="contButton">
    <a class="button bgRed white addToCart" href="#">Add</a>
</div>
</div><div class="left product prod79"
        data-name="Pago Succo Mela 020lt"
        data-price="1.29"
        data-id="28069"
        data-available="yes"
        data-category="2887"
        data-bestselling="">
    <a href="../pago-succo-mela-020lt.html">
        <div style="background-image: url('../../cdn.spesati.com/images/products/missing-image/missing-image.jpg')">
            <div class="hover"></div>
            
            <div class="stickers"></div>
        </div>
    </a>
    <div>
        <h4><a href="../pago-succo-mela-020lt.html"><b>Pago Succo Mela 020lt</b></a></h4>
        <p class="description">0.2 Lt</p>
        <p class="right price"><b>1.29 €</b></p>
        <p class="right unitPrice">6.45 € per litre</p>
    </div>
    <div class="contButton">
    <a class="button bgRed white addToCart" href="#">Add</a>
</div>
</div><div class="left product prod80"
        data-name="Succo Di Pomodoro Natys Lt 1"
        data-price="5.66"
        data-id="28388"
        data-available="yes"
        data-category="2887"
        data-bestselling="">
    <a href="../succo-di-pomodoro-natys-lt-1.html">
        <div style="background-image: url('../../cdn.spesati.com/images/products/missing-image/missing-image.jpg')">
            <div class="hover"></div>
            
            <div class="stickers"></div>
        </div>
    </a>
    <div>
        <h4><a href="../succo-di-pomodoro-natys-lt-1.html"><b>Succo Di Pomodoro Natys Lt 1</b></a></h4>
        <p class="description">1 Lt</p>
        <p class="right price"><b>5.66 €</b></p>
        <p class="right unitPrice">5.66 € per litre</p>
    </div>
    <div class="contButton">
    <a class="button bgRed white addToCart" href="#">Add</a>
</div>
</div><div class="left product prod81"
        data-name="Bevanda Natys Cranberry Lt 1"
        data-price="6.70"
        data-id="28389"
        data-available="yes"
        data-category="2887"
        data-bestselling="">
    <a href="../bevanda-natys-cranberry-lt-1.html">
        <div style="background-image: url('../../cdn.spesati.com/images/products/missing-image/missing-image.jpg')">
            <div class="hover"></div>
            
            <div class="stickers"></div>
        </div>
    </a>
    <div>
        <h4><a href="../bevanda-natys-cranberry-lt-1.html"><b>Bevanda Natys Cranberry Lt 1</b></a></h4>
        <p class="description">1 Lt</p>
        <p class="right price"><b>6.70 €</b></p>
        <p class="right unitPrice">6.70 € per litre</p>
    </div>
    <div class="contButton">
    <a class="button bgRed white addToCart" href="#">Add</a>
</div>
</div><div class="left product prod82"
        data-name="Succo Rdg Ar/car/lim Bio 500ml"
        data-price="2.19"
        data-id="69828"
        data-available="yes"
        data-category="2887"
        data-bestselling="">
    <a href="../succo-rdg-arcarlim-bio-500ml.html">
        <div style="background-image: url('../../cdn.spesati.com/images/products/missing-image/missing-image.jpg')">
            <div class="hover"></div>
            
            <div class="stickers"></div>
        </div>
    </a>
    <div>
        <h4><a href="../succo-rdg-arcarlim-bio-500ml.html"><b>Succo Rdg Ar/car/lim Bio 500ml</b></a></h4>
        <p class="description">0.5 Kg</p>
        <p class="right price"><b>2.19 €</b></p>
        <p class="right unitPrice">4.38 € per kg</p>
    </div>
    <div class="contButton">
    <a class="button bgRed white addToCart" href="#">Add</a>
</div>
</div><div class="left product prod83"
        data-name="Succo Rdg Mirtillo Bio 500ml"
        data-price="3.29"
        data-id="69831"
        data-available="yes"
        data-category="2887"
        data-bestselling="">
    <a href="../succo-rdg-mirtillo-bio-500ml.html">
        <div style="background-image: url('../../cdn.spesati.com/images/products/missing-image/missing-image.jpg')">
            <div class="hover"></div>
            
            <div class="stickers"></div>
        </div>
    </a>
    <div>
        <h4><a href="../succo-rdg-mirtillo-bio-500ml.html"><b>Succo Rdg Mirtillo Bio 500ml</b></a></h4>
        <p class="description">0.5 Kg</p>
        <p class="right price"><b>3.29 €</b></p>
        <p class="right unitPrice">6.58 € per kg</p>
    </div>
    <div class="contButton">
    <a class="button bgRed white addToCart" href="#">Add</a>
</div>
</div><div class="left product prod84"
        data-name="Succo Rdg Mela Bio 500ml"
        data-price="2.29"
        data-id="69834"
        data-available="yes"
        data-category="2887"
        data-bestselling="">
    <a href="../succo-rdg-mela-bio-500ml.html">
        <div style="background-image: url('../../cdn.spesati.com/images/products/missing-image/missing-image.jpg')">
            <div class="hover"></div>
            
            <div class="stickers"></div>
        </div>
    </a>
    <div>
        <h4><a href="../succo-rdg-mela-bio-500ml.html"><b>Succo Rdg Mela Bio 500ml</b></a></h4>
        <p class="description">0.5 Kg</p>
        <p class="right price"><b>2.29 €</b></p>
        <p class="right unitPrice">4.58 € per kg</p>
    </div>
    <div class="contButton">
    <a class="button bgRed white addToCart" href="#">Add</a>
</div>
</div><div class="left product prod85"
        data-name="Nettare Rdg Arancia Bio 500 Ml"
        data-price="2.15"
        data-id="78408"
        data-available="yes"
        data-category="2887"
        data-bestselling="">
    <a href="../nettare-rdg-arancia-bio-500-ml.html">
        <div style="background-image: url('../../cdn.spesati.com/images/products/missing-image/missing-image.jpg')">
            <div class="hover"></div>
            
            <div class="stickers"></div>
        </div>
    </a>
    <div>
        <h4><a href="../nettare-rdg-arancia-bio-500-ml.html"><b>Nettare Rdg Arancia Bio 500 Ml</b></a></h4>
        <p class="description">0.5 Lt</p>
        <p class="right price"><b>2.15 €</b></p>
        <p class="right unitPrice">4.29 € per litre</p>
    </div>
    <div class="contButton">
    <a class="button bgRed white addToCart" href="#">Add</a>
</div>
</div><div class="left product prod86"
        data-name="Pago Bevanda Fragola 200Ml"
        data-price="1.50"
        data-id="6941"
        data-available="no"
        data-category="2887"
        data-bestselling="">
    <a href="../pago-bevanda-fragola-200ml.html">
        <div style="background-image: url('../../cdn.spesati.com/images/products/202747/pago-bevanda-fragola-01.jpg')">
            <div class="hover"></div>
            
            <div class="stickers"></div>
        </div>
    </a>
    <div>
        <h4><a href="../pago-bevanda-fragola-200ml.html"><b>Pago Bevanda Fragola 200Ml</b></a></h4>
        <p class="description">0.2 Lt</p>
        <p class="right price"><b>1.50 €</b></p>
        <p class="right unitPrice">7.49 € per litre</p>
    </div>
    <div class="notAvailable">
    <a class="button bgDarkGrey white" href="../pago-bevanda-fragola-200ml.html">Not available</a>
</div>
</div><div class="left product prod87"
        data-name="Prunolax Nat Nuova Active 100g"
        data-price="1.17"
        data-id="61134"
        data-available="no"
        data-category="2887"
        data-bestselling="">
    <a href="../prunolax-nat-nuova-active-100g.html">
        <div style="background-image: url('../../cdn.spesati.com/images/products/000474850/natura-nuova-prunolax-active-frullato-di-prugna-e-fibre-vegetali-100-g-01.png')">
            <div class="hover"></div>
            
            <div class="stickers"></div>
        </div>
    </a>
    <div>
        <h4><a href="../prunolax-nat-nuova-active-100g.html"><b>Prunolax Nat Nuova Active 100g</b></a></h4>
        <p class="description">Natura Nuova Prunolax active frullato di prugna e fibre vegetali 100 g</p>
        <p class="right price"><b>1.17 €</b></p>
        <p class="right unitPrice">11.72 € per kg</p>
    </div>
    <div class="notAvailable">
    <a class="button bgDarkGrey white" href="../prunolax-nat-nuova-active-100g.html">Not available</a>
</div>
</div><div class="left product prod88"
        data-name="Frulla' Nat Nuova Ban/per 100g"
        data-price="0.88"
        data-id="61131"
        data-available="no"
        data-category="2887"
        data-bestselling="">
    <a href="../frulla-nat-nuova-banper-100g.html">
        <div style="background-image: url('../../cdn.spesati.com/images/products/000474849/frulla-classico-pera-banana-100-g-01.png')">
            <div class="hover"></div>
            
            <div class="stickers"></div>
        </div>
    </a>
    <div>
        <h4><a href="../frulla-nat-nuova-banper-100g.html"><b>Frulla' Nat Nuova Ban/per 100g</b></a></h4>
        <p class="description">Frullà Classico Pera / Banana 100 g</p>
        <p class="right price"><b>0.88 €</b></p>
        <p class="right unitPrice">8.77 € per kg</p>
    </div>
    <div class="notAvailable">
    <a class="button bgDarkGrey white" href="../frulla-nat-nuova-banper-100g.html">Not available</a>
</div>
</div><div class="left product prod89"
        data-name="Frulla' Nat Nuova Mel/per 100g"
        data-price="0.88"
        data-id="61128"
        data-available="no"
        data-category="2887"
        data-bestselling="">
    <a href="../frulla-nat-nuova-melper-100g.html">
        <div style="background-image: url('../../cdn.spesati.com/images/products/000474848/frulla-classico-mela-pera-100-g-01.png')">
            <div class="hover"></div>
            
            <div class="stickers"></div>
        </div>
    </a>
    <div>
        <h4><a href="../frulla-nat-nuova-melper-100g.html"><b>Frulla' Nat Nuova Mel/per 100g</b></a></h4>
        <p class="description">Frullà Classico Mela / Pera 100 g</p>
        <p class="right price"><b>0.88 €</b></p>
        <p class="right unitPrice">8.77 € per kg</p>
    </div>
    <div class="notAvailable">
    <a class="button bgDarkGrey white" href="../frulla-nat-nuova-melper-100g.html">Not available</a>
</div>
</div><div class="left product prod90"
        data-name="Frulla Nat Nuova Fra/mirt 100g"
        data-price="0.88"
        data-id="61125"
        data-available="no"
        data-category="2887"
        data-bestselling="">
    <a href="../frulla-nat-nuova-framirt-100g.html">
        <div style="background-image: url('../../cdn.spesati.com/images/products/000474847/frulla-classico-mela-fragola-mirtilli-100-g-01.png')">
            <div class="hover"></div>
            
            <div class="stickers"></div>
        </div>
    </a>
    <div>
        <h4><a href="../frulla-nat-nuova-framirt-100g.html"><b>Frulla Nat Nuova Fra/mirt 100g</b></a></h4>
        <p class="description">Frullà Classico Mela / Fragola / Mirtilli 100 g</p>
        <p class="right price"><b>0.88 €</b></p>
        <p class="right unitPrice">8.77 € per kg</p>
    </div>
    <div class="notAvailable">
    <a class="button bgDarkGrey white" href="../frulla-nat-nuova-framirt-100g.html">Not available</a>
</div>
</div><div class="left product prod91"
        data-name="Nettare Jolly Albic Mix Bk 1l"
        data-price="1.39"
        data-id="88727"
        data-available="no"
        data-category="2887"
        data-bestselling="">
    <a href="../nettare-jolly-albic-mix-bk-1l.html">
        <div style="background-image: url('../../cdn.spesati.com/images/products/000432820/jolly-colombani-albicocca-mix-succo-e-polpa-1000-ml-01.png')">
            <div class="hover"></div>
            
            <div class="stickers"></div>
        </div>
    </a>
    <div>
        <h4><a href="../nettare-jolly-albic-mix-bk-1l.html"><b>Nettare Jolly Albic Mix Bk 1l</b></a></h4>
        <p class="description">Jolly Colombani Albicocca Mix Succo e Polpa 1000 ml</p>
        <p class="right price"><b>1.39 €</b></p>
        <p class="right unitPrice">1.39 € per litre</p>
    </div>
    <div class="notAvailable">
    <a class="button bgDarkGrey white" href="../nettare-jolly-albic-mix-bk-1l.html">Not available</a>
</div>
</div><div class="left product prod92"
        data-name="Frull Val Prt Man/pesc/mand 1l"
        data-price="2.69"
        data-id="81818"
        data-available="no"
        data-category="2887"
        data-bestselling="">
    <a href="../frull-val-prt-manpescmand-1l.html">
        <div style="background-image: url('../../cdn.spesati.com/images/products/000432489/valfrutta-frullato-proteico-mango-pesca-mandorla-1000-ml-01.png')">
            <div class="hover"></div>
            
            <div class="stickers"></div>
        </div>
    </a>
    <div>
        <h4><a href="../frull-val-prt-manpescmand-1l.html"><b>Frull Val Prt Man/pesc/mand 1l</b></a></h4>
        <p class="description">Valfrutta Frullato Proteico Mango Pesca Mandorla 1000 ml</p>
        <p class="right price"><b>2.69 €</b></p>
        <p class="right unitPrice">2.70 € per litre</p>
    </div>
    <div class="notAvailable">
    <a class="button bgDarkGrey white" href="../frull-val-prt-manpescmand-1l.html">Not available</a>
</div>
</div><div class="left product prod93"
        data-name="Succhi Santal Pera/avena 1l"
        data-price="2.48"
        data-id="81815"
        data-available="no"
        data-category="2887"
        data-bestselling="">
    <a href="../succhi-santal-peraavena-1l.html">
        <div style="background-image: url('../../cdn.spesati.com/images/products/000432488/santal-ricco-di-natura-pera-avena-senza-zuccheri-aggiunti-1000-ml-01.png')">
            <div class="hover"></div>
            
            <div class="stickers"></div>
        </div>
    </a>
    <div>
        <h4><a href="../succhi-santal-peraavena-1l.html"><b>Succhi Santal Pera/avena 1l</b></a></h4>
        <p class="description">Santàl Ricco di Natura Pera & Avena Senza Zuccheri Aggiunti 1000 ml</p>
        <p class="right price"><b>2.48 €</b></p>
        <p class="right unitPrice">2.48 € per litre</p>
    </div>
    <div class="notAvailable">
    <a class="button bgDarkGrey white" href="../succhi-santal-peraavena-1l.html">Not available</a>
</div>
</div><div class="left product prod94"
        data-name="Brik Jolly S.ace S.zucc 3x200m"
        data-price="1.19"
        data-id="67509"
        data-available="no"
        data-category="2887"
        data-bestselling="">
    <a href="../brik-jolly-sace-szucc-3x200m.html">
        <div style="background-image: url('../../cdn.spesati.com/images/products/000203388/jolly-colombani-ace-senza-zuccheri-aggiunti-3-x-200-ml-01.png')">
            <div class="hover"></div>
            
            <div class="stickers"></div>
        </div>
    </a>
    <div>
        <h4><a href="../brik-jolly-sace-szucc-3x200m.html"><b>Brik Jolly S.ace S.zucc 3x200m</b></a></h4>
        <p class="description">Jolly Colombani ACE Senza Zuccheri Aggiunti* 3 x 200 ml</p>
        <p class="right price"><b>1.19 €</b></p>
        <p class="right unitPrice">1.98 € per litre</p>
    </div>
    <div class="notAvailable">
    <a class="button bgDarkGrey white" href="../brik-jolly-sace-szucc-3x200m.html">Not available</a>
</div>
</div><div class="left product prod95"
        data-name="Succo Derby Blu Pompelmo 1Lt"
        data-price="3.20"
        data-id="6505"
        data-available="no"
        data-category="2887"
        data-bestselling="">
    <a href="../succo-derby-blu-pompelmo-1lt.html">
        <div style="background-image: url('../../cdn.spesati.com/images/products/000202840/derby-blue-pompelmo-100-1-litro-01.png')">
            <div class="hover"></div>
            
            <div class="stickers"></div>
        </div>
    </a>
    <div>
        <h4><a href="../succo-derby-blu-pompelmo-1lt.html"><b>Succo Derby Blu Pompelmo 1Lt</b></a></h4>
        <p class="description">Derby blue Pompelmo 100% 1 litro</p>
        <p class="right price"><b>3.20 €</b></p>
        <p class="right unitPrice">3.20 € per litre</p>
    </div>
    <div class="notAvailable">
    <a class="button bgDarkGrey white" href="../succo-derby-blu-pompelmo-1lt.html">Not available</a>
</div>
</div><div class="left product prod96"
        data-name="Nettare Jolly Albicocca Brik 1Lt"
        data-price="1.60"
        data-id="6500"
        data-available="no"
        data-category="2887"
        data-bestselling="">
    <a href="../nettare-jolly-albicocca-brik-1lt.html">
        <div style="background-image: url('../../cdn.spesati.com/images/products/000202400/jolly-colombani-albicocca-succo-e-polpa-1000-ml-01.png')">
            <div class="hover"></div>
            
            <div class="stickers"></div>
        </div>
    </a>
    <div>
        <h4><a href="../nettare-jolly-albicocca-brik-1lt.html"><b>Nettare Jolly Albicocca Brik 1Lt</b></a></h4>
        <p class="description">Jolly Colombani Albicocca Succo e Polpa 1000 ml</p>
        <p class="right price"><b>1.60 €</b></p>
        <p class="right unitPrice">1.60 € per litre</p>
    </div>
    <div class="notAvailable">
    <a class="button bgDarkGrey white" href="../nettare-jolly-albicocca-brik-1lt.html">Not available</a>
</div>
</div><div class="left product prod97"
        data-name="Jolly Succo Albicocca Brik Ml 200X3"
        data-price="1.40"
        data-id="5675"
        data-available="no"
        data-category="2887"
        data-bestselling="">
    <a href="../jolly-succo-albicocca-brik-ml-200x3.html">
        <div style="background-image: url('../../cdn.spesati.com/images/products/000202391/jolly-colombani-albicocca-succo-e-polpa-3-x-200-ml-01.png')">
            <div class="hover"></div>
            
            <div class="stickers"></div>
        </div>
    </a>
    <div>
        <h4><a href="../jolly-succo-albicocca-brik-ml-200x3.html"><b>Jolly Succo Albicocca Brik Ml 200X3</b></a></h4>
        <p class="description">Jolly Colombani Albicocca Succo e Polpa 3 x 200 ml</p>
        <p class="right price"><b>1.40 €</b></p>
        <p class="right unitPrice">2.33 € per litre</p>
    </div>
    <div class="notAvailable">
    <a class="button bgDarkGrey white" href="../jolly-succo-albicocca-brik-ml-200x3.html">Not available</a>
</div>
</div><div class="left product prod98"
        data-name="Succo Ortoromi Mirtillo 250ml"
        data-price="2.55"
        data-id="27562"
        data-available="no"
        data-category="2887"
        data-bestselling="">
    <a href="../succo-ortoromi-mirtillo-250ml.html">
        <div style="background-image: url('../../cdn.spesati.com/images/products/000135898/insalarte-love-mirtillo-250-ml-01.png')">
            <div class="hover"></div>
            
            <div class="stickers"></div>
        </div>
    </a>
    <div>
        <h4><a href="../succo-ortoromi-mirtillo-250ml.html"><b>Succo Ortoromi Mirtillo 250ml</b></a></h4>
        <p class="description">Insal'Arte Love Mirtillo 250 ml</p>
        <p class="right price"><b>2.55 €</b></p>
        <p class="right unitPrice">10.20 € per litre</p>
    </div>
    <div class="notAvailable">
    <a class="button bgDarkGrey white" href="../succo-ortoromi-mirtillo-250ml.html">Not available</a>
</div>
</div><div class="left product prod99"
        data-name="Succo Ortoromi Melagrana 250ml"
        data-price="2.55"
        data-id="27561"
        data-available="no"
        data-category="2887"
        data-bestselling="">
    <a href="../succo-ortoromi-melagrana-250ml.html">
        <div style="background-image: url('../../cdn.spesati.com/images/products/000135897/insalarte-love-melagrana-250-ml-01.png')">
            <div class="hover"></div>
            
            <div class="stickers"></div>
        </div>
    </a>
    <div>
        <h4><a href="../succo-ortoromi-melagrana-250ml.html"><b>Succo Ortoromi Melagrana 250ml</b></a></h4>
        <p class="description">Insal'Arte Love Melagrana 250 ml</p>
        <p class="right price"><b>2.55 €</b></p>
        <p class="right unitPrice">10.20 € per litre</p>
    </div>
    <div class="notAvailable">
    <a class="button bgDarkGrey white" href="../succo-ortoromi-melagrana-250ml.html">Not available</a>
</div>
</div><div class="left product prod100"
        data-name="Succo Ortorom Mango 250ml"
        data-price="2.55"
        data-id="27560"
        data-available="no"
        data-category="2887"
        data-bestselling="">
    <a href="../succo-ortorom-mango-250ml.html">
        <div style="background-image: url('../../cdn.spesati.com/images/products/000135895/ortoromi-estratto-di-mango-arancia-e-mela-500-ml-01.png')">
            <div class="hover"></div>
            
            <div class="stickers"></div>
        </div>
    </a>
    <div>
        <h4><a href="../succo-ortorom-mango-250ml.html"><b>Succo Ortorom Mango 250ml</b></a></h4>
        <p class="description">OrtoRomi Estratto di Mango arancia e mela 500 ml</p>
        <p class="right price"><b>2.55 €</b></p>
        <p class="right unitPrice">10.20 € per litre</p>
    </div>
    <div class="notAvailable">
    <a class="button bgDarkGrey white" href="../succo-ortorom-mango-250ml.html">Not available</a>
</div>
</div><div class="left product prod101"
        data-name="Succo Ortoromi Kale 250ml"
        data-price="2.25"
        data-id="27559"
        data-available="no"
        data-category="2887"
        data-bestselling="">
    <a href="../succo-ortoromi-kale-250ml.html">
        <div style="background-image: url('../../cdn.spesati.com/images/products/000135893/insalarte-green-kale-250-ml-01.png')">
            <div class="hover"></div>
            
            <div class="stickers"></div>
        </div>
    </a>
    <div>
        <h4><a href="../succo-ortoromi-kale-250ml.html"><b>Succo Ortoromi Kale 250ml</b></a></h4>
        <p class="description">Insal'Arte Green Kale 250 ml</p>
        <p class="right price"><b>2.25 €</b></p>
        <p class="right unitPrice">9.00 € per litre</p>
    </div>
    <div class="notAvailable">
    <a class="button bgDarkGrey white" href="../succo-ortoromi-kale-250ml.html">Not available</a>
</div>
</div><div class="left product prod102"
        data-name="Succo Ortoromi Frutti Rs 250ml"
        data-price="2.55"
        data-id="27558"
        data-available="no"
        data-category="2887"
        data-bestselling="">
    <a href="../succo-ortoromi-frutti-rs-250ml.html">
        <div style="background-image: url('../../cdn.spesati.com/images/products/000135892/insalarte-love-frutti-rossi-250-ml-01.png')">
            <div class="hover"></div>
            
            <div class="stickers"></div>
        </div>
    </a>
    <div>
        <h4><a href="../succo-ortoromi-frutti-rs-250ml.html"><b>Succo Ortoromi Frutti Rs 250ml</b></a></h4>
        <p class="description">Insal'Arte Love Frutti Rossi 250 ml</p>
        <p class="right price"><b>2.55 €</b></p>
        <p class="right unitPrice">10.20 € per litre</p>
    </div>
    <div class="notAvailable">
    <a class="button bgDarkGrey white" href="../succo-ortoromi-frutti-rs-250ml.html">Not available</a>
</div>
</div><div class="left product prod103"
        data-name="Succo Ortoromi Fragola 250ml"
        data-price="2.55"
        data-id="27557"
        data-available="no"
        data-category="2887"
        data-bestselling="">
    <a href="../succo-ortoromi-fragola-250ml.html">
        <div style="background-image: url('../../cdn.spesati.com/images/products/000135891/insalarte-love-fragola-250-ml-01.png')">
            <div class="hover"></div>
            
            <div class="stickers"></div>
        </div>
    </a>
    <div>
        <h4><a href="../succo-ortoromi-fragola-250ml.html"><b>Succo Ortoromi Fragola 250ml</b></a></h4>
        <p class="description">Insal'Arte Love Fragola 250 ml</p>
        <p class="right price"><b>2.55 €</b></p>
        <p class="right unitPrice">10.20 € per litre</p>
    </div>
    <div class="notAvailable">
    <a class="button bgDarkGrey white" href="../succo-ortoromi-fragola-250ml.html">Not available</a>
</div>
</div><div class="left product prod104"
        data-name="Succo Ortoromi Avocado 250ml"
        data-price="2.35"
        data-id="27556"
        data-available="no"
        data-category="2887"
        data-bestselling="">
    <a href="../succo-ortoromi-avocado-250ml.html">
        <div style="background-image: url('../../cdn.spesati.com/images/products/000135889/insalarte-green-avocado-250-ml-01.png')">
            <div class="hover"></div>
            
            <div class="stickers"></div>
        </div>
    </a>
    <div>
        <h4><a href="../succo-ortoromi-avocado-250ml.html"><b>Succo Ortoromi Avocado 250ml</b></a></h4>
        <p class="description">Insal'Arte Green Avocado 250 ml</p>
        <p class="right price"><b>2.35 €</b></p>
        <p class="right unitPrice">9.39 € per litre</p>
    </div>
    <div class="notAvailable">
    <a class="button bgDarkGrey white" href="../succo-ortoromi-avocado-250ml.html">Not available</a>
</div>
</div><div class="left product prod105"
        data-name="Succo Ortoromi Spirulina250ml"
        data-price="2.45"
        data-id="27563"
        data-available="no"
        data-category="2887"
        data-bestselling="">
    <a href="../succo-ortoromi-spirulina250ml.html">
        <div style="background-image: url('../../cdn.spesati.com/images/products/missing-image/missing-image.jpg')">
            <div class="hover"></div>
            
            <div class="stickers"></div>
        </div>
    </a>
    <div>
        <h4><a href="../succo-ortoromi-spirulina250ml.html"><b>Succo Ortoromi Spirulina250ml</b></a></h4>
        <p class="description">0.25 Lt</p>
        <p class="right price"><b>2.45 €</b></p>
        <p class="right unitPrice">9.80 € per litre</p>
    </div>
    <div class="notAvailable">
    <a class="button bgDarkGrey white" href="../succo-ortoromi-spirulina250ml.html">Not available</a>
</div>
</div><div class="left product prod106"
        data-name="Succo Ortoromi Vaniglia 250ml"
        data-price="2.38"
        data-id="27564"
        data-available="no"
        data-category="2887"
        data-bestselling="">
    <a href="../succo-ortoromi-vaniglia-250ml.html">
        <div style="background-image: url('../../cdn.spesati.com/images/products/missing-image/missing-image.jpg')">
            <div class="hover"></div>
            
            <div class="stickers"></div>
        </div>
    </a>
    <div>
        <h4><a href="../succo-ortoromi-vaniglia-250ml.html"><b>Succo Ortoromi Vaniglia 250ml</b></a></h4>
        <p class="description">0.25 Lt</p>
        <p class="right price"><b>2.38 €</b></p>
        <p class="right unitPrice">9.50 € per litre</p>
    </div>
    <div class="notAvailable">
    <a class="button bgDarkGrey white" href="../succo-ortoromi-vaniglia-250ml.html">Not available</a>
</div>
</div><div class="left product prod107"
        data-name="Cocco Da Bere"
        data-price="4.19"
        data-id="32974"
        data-available="no"
        data-category="2887"
        data-bestselling="">
    <a href="../cocco-da-bere.html">
        <div style="background-image: url('../../cdn.spesati.com/images/products/missing-image/missing-image.jpg')">
            <div class="hover"></div>
            
            <div class="stickers"></div>
        </div>
    </a>
    <div>
        <h4><a href="../cocco-da-bere.html"><b>Cocco Da Bere</b></a></h4>
        <p class="description">1 piece</p>
        <p class="right price"><b>4.19 €</b></p>
        <p class="right unitPrice">4.19 € per piece</p>
    </div>
    <div class="notAvailable">
    <a class="button bgDarkGrey white" href="../cocco-da-bere.html">Not available</a>
</div>
</div><div class="left product prod108"
        data-name="Succo Ortoromi  Lim Ment 250ml"
        data-price="2.35"
        data-id="68634"
        data-available="no"
        data-category="2887"
        data-bestselling="">
    <a href="../succo-ortoromi-lim-ment-250ml.html">
        <div style="background-image: url('../../cdn.spesati.com/images/products/missing-image/missing-image.jpg')">
            <div class="hover"></div>
            
            <div class="stickers"></div>
        </div>
    </a>
    <div>
        <h4><a href="../succo-ortoromi-lim-ment-250ml.html"><b>Succo Ortoromi  Lim Ment 250ml</b></a></h4>
        <p class="description">0.25 Lt</p>
        <p class="right price"><b>2.35 €</b></p>
        <p class="right unitPrice">9.39 € per litre</p>
    </div>
    <div class="notAvailable">
    <a class="button bgDarkGrey white" href="../succo-ortoromi-lim-ment-250ml.html">Not available</a>
</div>
</div><div class="left product prod109"
        data-name="Succo Ortoromi Zenzero 250ml"
        data-price="2.55"
        data-id="68637"
        data-available="no"
        data-category="2887"
        data-bestselling="">
    <a href="../succo-ortoromi-zenzero-250ml.html">
        <div style="background-image: url('../../cdn.spesati.com/images/products/missing-image/missing-image.jpg')">
            <div class="hover"></div>
            
            <div class="stickers"></div>
        </div>
    </a>
    <div>
        <h4><a href="../succo-ortoromi-zenzero-250ml.html"><b>Succo Ortoromi Zenzero 250ml</b></a></h4>
        <p class="description">0.25 Lt</p>
        <p class="right price"><b>2.55 €</b></p>
        <p class="right unitPrice">10.20 € per litre</p>
    </div>
    <div class="notAvailable">
    <a class="button bgDarkGrey white" href="../succo-ortoromi-zenzero-250ml.html">Not available</a>
</div>
</div>        </div>
    </div>
</section>
<div class="footer">
    <div class="bgDarkGrey"></div>
    <footer>
        <div class="left bgDarkGrey">
            <a id="logoFooter" href="../index.html" class="estDynamic">
                <img src="../../cdn.spesati.com/images/layout/logo-eng.png" alt="Spesati.com" />
                <h2 class="red">Grocery Delivery</h2>
            </a>
            <a class="button bgRed white mobile" href="tel:390707968318">Phone order</a>
            <a class="button bgRed white desktop" href="../news/2020-04-07/news-on-spesati-the-telephone-order-service-is-active.html">Phone order</a>
            <a class="button bgRed white" href="../cdn-cgi/l/email-protection.html#761f181019360506130517021f5815191b">Send mail</a>
            <div id="social">
                <a class="left" href="https://www.facebook.com/spesati/" rel="external" target="_blank">
                    <span class="facebook bgRed fa-stack fa-lg">
                        <i class="fa fa-facebook fa-stack-1x "></i>
                    </span>
                </a>
                <a class="right" href="https://twitter.com/spesati" rel="external" target="_blank">
                    <span class="twitter bgRed fa-stack fa-lg">
                        <i class="fa fa-twitter fa-stack-1x "></i>
                    </span>
                </a>
            </div>
            <p>Copyright 2024 Spesati.com </p>
            
                    <p>All rights reserved</p>
                    <p>SPESATI SRL</p>
                    <p>Corso Vittorio Veneto 15/I, 07026, Olbia</p>
                    <p>CF e P.Iva: 02772380909</p>
                        </div>
        <div class="center bgRed">
            <div class="top">
                <h3>Categories</h3>
                <div class="col">
                    <ul>
                        <li>
                            <a href="#" class="estDynamic">On sale</a>
                        </li>
                        <li>
                            <a href="../fruit-and-vegetables.html" class="estDynamic">Fruit and vegetables</a>
                        </li>
                        <li>
                            <a href="../fresh-products.html" class="estDynamic">Fresh products</a>
                        </li>
                        <li>
                            <a href="../frozen-foods.html" class="estDynamic">Frozen foods</a>
                        </li>
                        <li>
                            <a href="../bread-and-pasta.html" class="estDynamic">Bread and pasta</a>
                        </li>
                        <li>
                            <a href="../meat.html" class="estDynamic">Meat</a>
                        </li>
                        <li>
                            <a href="../fish.html" class="estDynamic">Fish</a>
                        </li>
                    </ul>
                </div>
                <div class="col">
                    <ul>
                        <li>
                            <a href="../wine-beer-and-spirits.html" class="estDynamic">Wine beer and spirits</a>
                        </li>
                        <li>
                            <a href="../water-and-drinks.html" class="estDynamic">Water and drinks</a>
                        </li>
                        <li>
                            <a href="../sweets.html" class="estDynamic">Sweets</a>
                        </li>
                        <li>
                            <a href="../shelf.html" class="estDynamic">Cupboard</a>
                        </li>
                        <li>
                            <a href="../personal-care.html" class="estDynamic">Personal care</a>
                        </li>
                        <li>
                            <a href="../household-and-outdoors.html" class="estDynamic">Home and outdoors</a>
                        </li>
                        <li>
                            <a href="../pet.html" class="estDynamic">Pets</a>
                        </li>
                    </ul>
                </div>
                <div class="col">
                    <ul>
                        <li>
                            <a href="../technology.html" class="estDynamic">Technology</a>
                        </li>
                        <li>
                            <a href="../gluten-free.html" class="estDynamic">Gluten free</a>
                        </li>
                        <li>
                            <a href="../lactose-free.html" class="estDynamic">Lactose free</a>
                        </li>
                        <li>
                            <a href="../special.html" class="estDynamic">Special</a>
                        </li>
                        <li>
                            <a href="../sardinian-products.html" class="estDynamic">Sardinian products</a>
                        </li>
                    </ul>
                </div>
            </div>
            <div class="bottom bgRed">
                <div class="left">
                    <h3>Delivery payment</h3>
                    <div>
                        <i class="fa fa-money fa-3x" aria-hidden="true"></i>
                        <p>Cash</p>
                    </div>
                    <div>
                        <i class="fa fa-credit-card fa-3x" aria-hidden="true"></i>
                        <p>Bancomat or card</p>
                    </div>
                </div>
                <div class="right">
                    <h3>Online payment</h3>
                    <div>
                        <i class="fa fa-credit-card fa-3x" aria-hidden="true"></i>
                        <p>Credit or debit card <span class="red">online</span></p>
                    </div>
                    <div>
                        <i class="fa fa-paypal fa-3x" aria-hidden="true"></i>
                        <p>PayPal</p>
                    </div>
                    <div>
                        <i class="fa fa-university fa-3x" aria-hidden="true"></i>
                        <p>Bank transfer</p>
                    </div>
                </div>
            </div>
        </div>
        <div class="right bgRed">
            <div>
                <i class="fa fa-truck fa-flip-horizontal"></i>
                <a class="button bgYellow white" href="../delivery-prices.html">Delivery prices</a>
                
                    <h3>Home delivery:</h3>
                    <p><b>Monday to Saturday</b></p>
                    <p><b>9:00 to 20:00</b></p>
                    <p><b>Minimum order:</b> 29€</p>
                    <p><b>Delivery starting from:</b> 3,50€</p>
                            </div>
            <ul>
                <li>
                    <a href="../delivery-prices.html">Delivery prices</a>
                </li>
                <li>
                    <a href="../about.html">About</a>
                </li>
                <li>
                    <a href="../faq.html">Faq</a>
                </li>
                <li>
                    <a href="../customer-care.html">Support</a>
                </li>
                <li>
                    <a href="../news.html">Blog</a>
                </li>
                <li>
                    <a href="../terms-and-conditions.html">Conditions</a>
                </li>
                <li>
                    <a href="../privacy-policy.html">Privacy policy</a>
                </li>
                <li>
                    <a href="../legal-warranty.html">Legal guarantee</a>
                </li>
            </ul>
        </div>
    </footer>
    <div class="bgRed"></div>
</div>
<!--Start of Tawk.to Script-->
<script data-cfasync="false" src="../cdn-cgi/scripts/5c5dd728/cloudflare-static/email-decode.min.js"></script><script type="text/javascript">
var Tawk_API=Tawk_API||{}, Tawk_LoadStart=new Date();
(function(){
var s1=document.createElement("script"),s0=document.getElementsByTagName("script")[0];
s1.async=true;
s1.src='https://embed.tawk.to/59e86945c28eca75e4626ed9/default';
s1.charset='UTF-8';
s1.setAttribute('crossorigin','*');
s0.parentNode.insertBefore(s1,s0);
})();
</script>
<!--End of Tawk.to Script-->

<!-- Here are parked a few translatable strings, useful for Javascript rendering -->
<div id="js-texts" hidden>
    <input type="hidden" name="save_cart_notice" value="Saving your cart it will be possible to reload it next time you come for shopping">
    <input type="hidden" name="save_cart_notice_title" value="Want to save your cart?">
    <input type="hidden" name="save_cart_ok" value="Save">
    <input type="hidden" name="save_cart_ko" value="Don't Save">
    <input type="hidden" name="reload_cart" value="The Reload Order function allows you to top up your last cart to make a New Order. Warning: do not use this function to add products to the last order. At this time it is not possible to modify an order placed previously.">
</div>

<!-- new site and login popup -->
</body>
<!-- Mirrored from www.spesati.com/water-and-drinks/juice by HTTrack Website Copier/3.x [XR&CO'2014], Fri, 23 Feb 2024 18:25:39 GMT -->
</html>