<!DOCTYPE html><html lang="en">
<!-- Mirrored from www.spesati.com/sardinian-products/bread-and-pasta by HTTrack Website Copier/3.x [XR&CO'2014], Fri, 23 Feb 2024 18:50:20 GMT -->
<!-- Added by HTTrack --><meta http-equiv="content-type" content="text/html;charset=utf-8" /><!-- /Added by HTTrack -->
<head>
    <title>Bread and pasta - Sardinian products - Spesati.com</title>
    <meta http-equiv="Content-Type" content="text/html; charset=UTF-8" />
    <meta name="description" content="" />
    <meta name="keywords" content="" />
    <link href="https://www.spesati.com/images/favicon.ico" rel="shortcut icon" type="image/x-icon" />
    <meta name="author" content="www.dodify.com" /><link rel="canonical" href="https://www.spesati.com/sardinian-products/bread-and-pasta" /><link rel="alternate" hreflang="en" href="https://www.spesati.com/sardinian-products/bread-and-pasta" /><link rel="alternate" hreflang="it" href="https://www.spesati.it/prodotti-sardi/pane-e-pasta" /><link href="https://cdnjs.cloudflare.com/ajax/libs/meyer-reset/2.0/reset.min.css" rel="stylesheet" type="text/css" /><link href="https://cdnjs.cloudflare.com/ajax/libs/font-awesome/6.5.1/css/all.min.css" rel="stylesheet" type="text/css" /><link href="https://fonts.googleapis.com/css?family=Montserrat:400,700" rel="stylesheet" type="text/css" /><link href="http://cdnjs.cloudflare.com/ajax/libs/fancybox/2.1.5/jquery.fancybox.min.css" rel="stylesheet" type="text/css" /><link href="https://www.spesati.com/style/main.css?v=7" rel="stylesheet" type="text/css" /><link href="https://www.spesati.com/style/lightslider.css" rel="stylesheet" type="text/css" /><link href="https://www.spesati.com/style/categories.css" rel="stylesheet" type="text/css" /><script src="https://cdnjs.cloudflare.com/ajax/libs/jquery/3.6.1/jquery.min.js" type="text/javascript"></script><script src="http://ajax.googleapis.com/ajax/libs/jquery/1.11.0/jquery.min.js" type="text/javascript"></script><script src="http://unpkg.com/@floating-ui/core@0.4.0" type="text/javascript"></script><script src="http://unpkg.com/@floating-ui/dom@0.2.0" type="text/javascript"></script><script src="http://cdnjs.cloudflare.com/ajax/libs/fancybox/2.1.5/jquery.fancybox.min.js" type="text/javascript"></script><script src="https://www.spesati.com/js/menu.js" type="text/javascript"></script><script src="https://www.spesati.com/js/interface.js?v=10" type="text/javascript"></script><script src="https://www.spesati.com/js/spesati.lightslider.min.js" type="text/javascript"></script><meta name="viewport" content="width=device-width, initial-scale=1, maximum-scale=1" /><meta name = "format-detection" content = "telephone=no">
<!-- Facebook Pixel Code -->
<script>
  !function(f,b,e,v,n,t,s)
  {if(f.fbq)return;n=f.fbq=function(){n.callMethod?
  n.callMethod.apply(n,arguments):n.queue.push(arguments)};
  if(!f._fbq)f._fbq=n;n.push=n;n.loaded=!0;n.version='2.0';
  n.queue=[];t=b.createElement(e);t.async=!0;
  t.src=v;s=b.getElementsByTagName(e)[0];
  s.parentNode.insertBefore(t,s)}(window, document,'script',
  'https://connect.facebook.net/en_US/fbevents.js');
  fbq('init', '792335014180667');
  fbq('track', 'PageView');
</script>
<noscript>
    <img height="1" width="1" style="display:none" src="https://www.facebook.com/tr?id=792335014180667&amp;ev=PageView&amp;noscript=1" />
</noscript>
<!-- End Facebook Pixel Code -->

<!-- GA4 -->
<script async src="https://www.googletagmanager.com/gtag/js?id=G-SSS6NRNXL0"></script>
<script>
  window.dataLayer = window.dataLayer || [];
  function gtag(){dataLayer.push(arguments);}
  gtag('js', new Date());
  gtag('config', 'AW-976671669');
  gtag('config', 'G-SSS6NRNXL0');
</script>
<!-- Elements for PWA deploy -->
<link rel="manifest" href="https://www.spesati.com/manifest.json">
<meta name="theme-color" media="(prefers-color-scheme: light)" content="white">
<meta name="theme-color" media="(prefers-color-scheme: dark)"  content="black">
<link href=https://www.spesati.com/images/icon-192.png rel=apple-touch-icon sizes="192x192">
<!-- Establishment logic -->
<script>var pageEstablishment = "Olbia"; var estDefaultPages = true</script>
    <!--[if lt IE 9]>
        <script src="https://cdnjs.cloudflare.com/ajax/libs/html5shiv/3.7.3/html5shiv.min.js" type="text/javascript"></script>
    <![endif]--><script type="text/javascript">
$(document).ready(function() {
    // Check if exists cookie
    if(document.cookie.indexOf("cookieAccepted") < 0) {
        var cookieText = '<div id=\"cookie\"><p>This site uses cookies. Cookies are used for ads personalisation. <a href=\"/privacy-policy\">More info</a></p><button id=\"cookieConsent\" type=\"button\">Accept</button></div>';
        $("body").append($(
            cookieText
        ));
        $('#cookie').css({
            'width'           : '100%',
            'text-align'      : 'center',
            'color'           : '#FFFFFF',
            'background-color': '#000000', 
            'opacity'         : '.8', 
            'position'        : 'fixed', 
            'bottom'          : '0',
            'padding'         : '.5em 0',
            'z-index'         : '999'
        });
        $('#cookie > *').css({
            'display': 'inline'
        });
        $('#cookie a').css({
            'color'          : '#FFFFFF',
            'text-decoration': 'underline',
            'margin-right'   : '2%'
        });
        $('#cookieConsent').click(function() {
            // Set cookie
            var expiry = new Date();
            expiry.setTime(expiry.getTime() + (365 * 24 * 60 * 60 * 1000));
            document.cookie = "cookieAccepted=yes; expires=" + expiry.toGMTString() + "; path=/; domain=.spesati.com";
            $('#cookie').css({'display': 'none'});
        });
    }
});
</script></head><body><script type="text/javascript">
    var addText = "Add";
    var slider  = null;
    $(document).ready(function() {
        slider = $('#cartSlider').lightSlider({
            controls: false,
            item:13,
            loop:false,
            slideMove:1,
            easing: 'cubic-bezier(0.25, 0, 0.25, 1)',
            speed:600,
            responsive : [
                {
                    breakpoint:1400,
                    settings: {
                        item:12,
                        slideMove:1,
                    }
                },
                {
                    breakpoint:1200,
                    settings: {
                        item:11,
                        slideMove:1,
                    }
                },
                {
                    breakpoint:1080,
                    settings: {
                        item:14,
                        slideMove:1,
                    }
                },
                {
                    breakpoint:800,
                    settings: {
                        item:12,
                        slideMove:1,
                    }
                }
            ]
        });
        $('.lSPager').css("display","none");
        $('.lSAction').css("display","block");
        $('#goToPrevSlide').on('click', function () {
            slider.goToPrevSlide();
        });
        $('#goToNextSlide').on('click', function () {
            slider.goToNextSlide();
        });
    });

</script>
<div id="header" class="bgYellow">
    <header>
        <a class="menu" href="#"><i class="fa red fa-bars fa-2x"></i></a>
        <a id="logo" class="colLeft estDynamic" href="https://www.spesati.com/">
            <img src="http://cdn.spesati.com/images/layout/logo-eng.png" alt="Spesati.com" />
            <h2 class="red">Grocery Delivery</h2>
        </a>
        <div class="colRight">
            <div id="controls" class="right">
                <p id="establishmentControls">
                    <span class="establishmentWarning"><i class="fa-solid fa-triangle-exclamation red" title="Stai visualizzando i prodotti disponibili in una zona diversa. Se vuoi cambiare zona, cliccan qui"></i>&nbsp;&nbsp;</span>
                    Shopping from <b><a id="establishment" href="#"></a></b> <span id="estAddress">for </span> <a href="https://www.spesati.com/change-establishment">(<i class="fa-solid fa-pencil"></i> Change)</a> <span class="establishmentWarning">but viewing <b>Olbia</b></span>
                </p>
                <p><a href="https://www.spesati.it/prodotti-sardi/pane-e-pasta" class="black switch-site">Versione italiana</a></p>                
            </div>
            <div>
                <form id="search" action="https://www.spesati.com/search" method="post" class="left">
                    <fieldset>
                        <div>
                            <input type="text" name="searchBox" id="searchBox" placeholder="Search for a product"></input>
                            <input id="searchButton" type="submit" name="searchButton" class="button bgRed white left" value="Find" />
                        </div>
                    </fieldset>
                </form>
                <div class="center left">
                    <a class="button bgRed white log-in" href="https://www.spesati.com/login">Login</a>
                    <a class="button bgRed white sign-up" href="https://www.spesati.com/sign-up">Sign up</a>
                    <a class="button bgRed white profile" href="https://www.spesati.com/profile">Profile</a>
                    <a class="button bgRed white log-out" href="https://www.spesati.com/logout" data-endpoint-check-cart="https://api.spesati.com/cart/check">Logout</a>
                </div>
                <div class="right user-function-icons">
                    <a class="red left account"><i class="fa fa-user fa-3x"></i></a>
                    <div id="dropdown">
                        <a class="log-in button bgRed white" href="https://www.spesati.com/login">Login</a>
                        <a class="sign-up button bgRed white" href="https://www.spesati.com/sign-up">Sign up</a>
                        <a class="profile button bgRed white" href="https://www.spesati.com/profile">Profile</a>
                        <a class="log-out button bgRed white" href="https://www.spesati.com/logout">Logout</a>
                    </div>

                    <div class="cart left">
                        <i class="fa fa-sm fa-shopping-cart red" aria-hidden="true" id="shipping-cart-button"></i>
                        <p id="cartQuantity"></p>
                    </div>

                    <a class="right" href="https://www.spesati.com/cart"><p class="black" id="cartTotal"></p></a>
                </div>
            </div>
                            <div id="previewCart">
                    <i id="goToPrevSlide" class="yellow fa fa-angle-left fa-2x" aria-hidden="true"></i>
                    <div><ul id="cartSlider"></ul></div>
                    <i id="goToNextSlide" class="yellow fa fa-angle-right fa-2x" aria-hidden="true"></i>
                </div>
                    </div>
    </header>

    <div id="shipping-cart-options" data-inited="false">
        <a href="https://www.spesati.com/cart" class="goto-cart">checkout</a>
        <a href="#" data-endpoint-auth="https://api.spesati.com/cart/save" data-endpoint-noauth="/login" class="save-cart">save</a>
        <a href="#" data-endpoint-auth="https://api.spesati.com/cart/load" class="load-cart">load</a>
    </div>
</div>
<div id="menuCategoriesMobile" class="mobile bgRed">
    <div class="closeMenu">
        <i class="fa fa-times fa-2x white"></i>
        Close
    </div>
    <ul class="bgRed white">
        <div id="langMobile" class="right">
        <a href="https://www.spesati.it/prodotti-sardi/pane-e-pasta" class="white switch-site"><p>Versione italiana</p></a>    </div>
        <li><a>Categories</a>
            <ul class="bgWhite">
                <li>
                    <img src="http://cdn.spesati.com/images/menu/on-sale.png"/>
                    On sale                    <i class="fa fa-angle-down" aria-hidden="true"></i>
                    <ul class="sub-menu">
                    <li>
    <a href="https://www.spesati.com/tacchino-fesa-a-fette">Tacchino Fesa A Fette</a>
</li><li>
    <a href="https://www.spesati.com/amaro-montenegro-15lt">Amaro Montenegro 1,5lt</a>
</li><li>
    <a href="https://www.spesati.com/carbone-di-legna-sacco-10kg">Carbone Di Legna Sacco 10Kg</a>
</li><li>
    <a href="https://www.spesati.com/filu-e-ferru-silvio-carta-70cl">Filu E Ferru Silvio Carta 70Cl</a>
</li><li>
    <a href="https://www.spesati.com/braciole-suino-con-cotenna">Braciole Suino Con Cotenna</a>
</li><li>
    <a href="https://www.spesati.com/bovino-adulto-polpa">Bovino Adulto Polpa</a>
</li><li>
    <a href="https://www.spesati.com/vino-la-palma-cannonau-le-bombarde">Vino La Palma Cannonau Le Bombarde</a>
</li><li>
    <a href="https://www.spesati.com/fettine-sceltissime-bovino-adulto">Fettine Sceltissime Bovino Adulto</a>
</li><li>
    <a href="https://www.spesati.com/suino-fettine-scelte">Suino Fettine Scelte</a>
</li><li>
    <a href="https://www.spesati.com/lavazza-caffe-qualita-rossa-2x250gr">Lavazza Caffé Qualità Rossa 2x250gr</a>
</li>                        <li>
                            <a class="estDynamic" href="https://www.spesati.com/on-offer">All products on sale</a>
                        </li>
                    </ul>
                </li>
                <li>
                    <img src="http://cdn.spesati.com/images/menu/gift.png"/>
                    Gifts                    <i class="fa fa-angle-down" aria-hidden="true"></i>
                    <ul class="sub-menu">
                        <li>
    <a href="https://www.spesati.com/gift-card-da-150">Gift Card Da 150</a>
</li><li>
    <a href="https://www.spesati.com/gift-card-da-100">Gift Card Da 100</a>
</li><li>
    <a href="https://www.spesati.com/gift-card-da-50">Gift Card Da 50</a>
</li><li>
    <a href="https://www.spesati.com/gift-card-da-25">Gift Card Da 25</a>
</li>                        <li>
                            <a class="estDynamic" href="https://www.spesati.com/gift">All products in the gifts category</a>
                        </li>
                    </ul>
                </li>
                <li>
                    <img src="http://cdn.spesati.com/images/menu/gift-card.png"/>
                    Gift card and discounts                    <i class="fa fa-angle-down" aria-hidden="true"></i>
                    <ul class="sub-menu">
                        <li>
    <a href="https://www.spesati.com/gift-card-da-150">Gift Card Da 150</a>
</li><li>
    <a href="https://www.spesati.com/gift-card-da-100">Gift Card Da 100</a>
</li><li>
    <a href="https://www.spesati.com/gift-card-da-50">Gift Card Da 50</a>
</li><li>
    <a href="https://www.spesati.com/gift-card-da-25">Gift Card Da 25</a>
</li>                    </ul>
                </li>
                <li>
                    <img src="http://cdn.spesati.com/images/menu/fuit-and-vegetables.png"/>
                    Fruit and vegetables                    <i class="fa fa-angle-down" aria-hidden="true"></i>
                    <ul class="sub-menu">
                        <li>
                            <a class="estDynamic" href="https://www.spesati.com/fruit-and-vegetables/pulses-and-beans">Cereals and pulses and beans</a>
                        </li>
                        <li>
                            <a class="estDynamic" href="https://www.spesati.com/fruit-and-vegetables/fruit">Fruit</a>
                        </li>
                        <li>
                            <a class="estDynamic" href="https://www.spesati.com/fruit-and-vegetables/canned-fruit">Canned fruit</a>
                        </li>
                        <li>
                            <a class="estDynamic" href="https://www.spesati.com/fruit-and-vegetables/dried-fruit">Dried fruit</a>
                        </li>
                        <li>
                            <a class="estDynamic" href="https://www.spesati.com/fruit-and-vegetables/ready-salads">Ready salads</a>
                        </li>
                        <li>
                            <a class="estDynamic" href="https://www.spesati.com/fruit-and-vegetables/fresh-spices">Fresh spices</a>
                        </li>
                        <li>
                            <a class="estDynamic" href="https://www.spesati.com/fruit-and-vegetables/vegetables">Vegetables and soy</a>
                        </li>
                    </ul>
                </li>
                <li>
                    <img src="http://cdn.spesati.com/images/menu/fresh-products.png"/>
                    Fresh products                    <i class="fa fa-angle-down" aria-hidden="true"></i>
                    <ul class="sub-menu">
                        <li>
                            <a class="estDynamic" href="https://www.spesati.com/fresh-products/margarine-and-butter">Butter and margarine</a>
                        </li>
                        <li>
                            <a class="estDynamic" href="https://www.spesati.com/fresh-products/danone">Danone</a>
                        </li>
                        <li>
                            <a class="estDynamic" href="https://www.spesati.com/fresh-products/dessert">Dessert</a>
                        </li>
                        <li>
                            <a class="estDynamic" href="https://www.spesati.com/fresh-products/sweets">Sweets</a>
                        </li>
                        <li>
                            <a class="estDynamic" href="https://www.spesati.com/fresh-products/dairy-products">Dairy product</a>
                        </li>
                        <li>
                            <a class="estDynamic" href="https://www.spesati.com/fresh-products/bakery">Yeast</a>
                        </li>
                        <li>
                            <a class="estDynamic" href="https://www.spesati.com/fresh-products/mascarpone">Mascarpone</a>
                        </li>
                        <li>
                            <a class="estDynamic" href="https://www.spesati.com/fresh-products/snacks">Snacks</a>
                        </li>
                        <li>
                            <a class="estDynamic" href="https://www.spesati.com/fresh-products/mozzarella">Mozzarella</a>
                        </li>
                        <li>
                            <a class="estDynamic" href="https://www.spesati.com/fresh-products/pasta">Pasta</a>
                        </li>
                        <li>
                            <a class="estDynamic" href="https://www.spesati.com/fresh-products/pesto-and-sauces">Pesto and sauces</a>
                        </li>
                        <li>
                            <a class="estDynamic" href="https://www.spesati.com/fresh-products/ricotta-and-cheese">Ricotta and cheese</a>
                        </li>
                        <li>
                            <a class="estDynamic" href="https://www.spesati.com/fresh-products/cured-meat">Cured meat</a>
                        </li>
                        <li>
                            <a class="estDynamic" href="https://www.spesati.com/fresh-products/wurstel">Würstel</a>
                        </li>
                        <li>
                            <a class="estDynamic" href="https://www.spesati.com/fresh-products/yogurt">Yogurt</a>
                        </li>
                    </ul>
                </li>
                <li>
                    <img src="http://cdn.spesati.com/images/menu/frozen-foods.png"/>
                    Frozen foods                    <i class="fa fa-angle-down" aria-hidden="true"></i>
                    <ul class="sub-menu">
                        <li>
                            <a class="estDynamic" href="https://www.spesati.com/frozen-foods/meat">Meat</a>
                        </li>
                        <li>
                            <a class="estDynamic" href="https://www.spesati.com/frozen-foods/ice-creams">Ice cream and sweet</a>
                        </li>
                        <li>
                            <a class="estDynamic" href="https://www.spesati.com/frozen-foods/pasta">Pasta</a>
                        </li>
                        <li>
                            <a class="estDynamic" href="https://www.spesati.com/frozen-foods/fish">Fish</a>
                        </li>
                        <li>
                            <a class="estDynamic" href="https://www.spesati.com/frozen-foods/ready-meals">Ready meals</a>
                        </li>
                        <li>
                            <a class="estDynamic" href="https://www.spesati.com/frozen-foods/pizzas">Pizzas</a>
                        </li>
                        <li>
                            <a class="estDynamic" href="https://www.spesati.com/frozen-foods/vegetables">Vegetables and soy</a>
                        </li>
                    </ul>
                </li>
                <li>
                    <img src="http://cdn.spesati.com/images/menu/bread-and-pasta.png"/>
                    Bread and pasta                    <i class="fa fa-angle-down" aria-hidden="true"></i>
                    <ul class="sub-menu">
                        <li>
                            <a class="estDynamic" href="https://www.spesati.com/bread-and-pasta/crackers">Crackers</a>
                        </li>
                        <li>
                            <a class="estDynamic" href="https://www.spesati.com/bread-and-pasta/rusks">Rusks</a>
                        </li>
                        <li>
                            <a class="estDynamic" href="https://www.spesati.com/bread-and-pasta/white-bread">White bread</a>
                        </li>
                        <li>
                            <a class="estDynamic" href="https://www.spesati.com/bread-and-pasta/local-bread">Local bread</a>
                        </li>
                        <li>
                            <a class="estDynamic" href="https://www.spesati.com/bread-and-pasta/soft-bread">Soft bread</a>
                        </li>
                        <li>
                            <a class="estDynamic" href="https://www.spesati.com/bread-and-pasta/sardinian-bread">Sardinian bread</a>
                        </li>
                        <li>
                            <a class="estDynamic" href="https://www.spesati.com/bread-and-pasta/bakery">Bakery</a>
                        </li>
                        <li>
                            <a class="estDynamic" href="https://www.spesati.com/bread-and-pasta/pasta">Pasta</a>
                        </li>
                        <li>
                            <a class="estDynamic" href="https://www.spesati.com/bread-and-pasta/fresh-pasta">Fresh pasta</a>
                        </li>
                    </ul>
                </li>
                <li>
                    <img src="http://cdn.spesati.com/images/menu/meat.png"/>
                    Meat                    <i class="fa fa-angle-down" aria-hidden="true"></i>
                    <ul class="sub-menu">
                        <li>
                            <a class="estDynamic" href="https://www.spesati.com/meat/beef">Beef</a>
                        </li>
                        <li>
                            <a class="estDynamic" href="https://www.spesati.com/meat/goat">Goat</a>
                        </li>
                        <li>
                            <a class="estDynamic" href="https://www.spesati.com/meat/packaged-meat">Packaged meat</a>
                        </li>
                        <li>
                            <a class="estDynamic" href="https://www.spesati.com/meat/rabbit">Rabbit</a>
                        </li>
                        <li>
                            <a class="estDynamic" href="https://www.spesati.com/meat/horse">Horse</a>
                        </li>
                        <li>
                            <a class="estDynamic" href="https://www.spesati.com/meat/pork">Pork</a>
                        </li>
                        <li>
                            <a class="estDynamic" href="https://www.spesati.com/meat/lamb">Lamb</a>
                        </li>
                        <li>
                            <a class="estDynamic" href="https://www.spesati.com/meat/poultry">Poultry</a>
                        </li>
                    </ul>
                </li>
                <li>
                    <img src="http://cdn.spesati.com/images/menu/fish.png"/>
                    Fish                    <i class="fa fa-angle-down" aria-hidden="true"></i>
                    <ul class="sub-menu">
                        <li>
                            <a class="estDynamic" href="https://www.spesati.com/fish/fresh-water">Fresh water</a>
                        </li>
                        <li>
                            <a class="estDynamic" href="https://www.spesati.com/fish/salt-water">Salt water</a>
                        </li>
                        <li>
                            <a class="estDynamic" href="https://www.spesati.com/fish/mussels">Mussels</a>
                        </li>
                        <li>
                            <a class="estDynamic" href="https://www.spesati.com/fish/dried-and-salted">Dried and salted</a>
                        </li>
                        <li>
                            <a class="estDynamic" href="https://www.spesati.com/fish/seafood-salad">Seafood salad</a>
                        </li>
                        <li>
                            <a class="estDynamic" href="https://www.spesati.com/fish/prepared">Prepared</a>
                        </li>
                        <li>
                            <a class="estDynamic" href="https://www.spesati.com/fish/specialty">Specialty</a>
                        </li>   
                        <li>
                            <a class="estDynamic" href="https://www.spesati.com/fish/tuna-and-salmon">Tuna and salmon</a>
                        </li>
                    </ul>
                </li>
                <li>
                    <img src="http://cdn.spesati.com/images/menu/alcohol.png"/>
                    Wine beer and spirits                    <i class="fa fa-angle-down" aria-hidden="true"></i>
                    <ul class="sub-menu">
                        <li>
                            <a class="estDynamic" href="https://www.spesati.com/wine-beer-and-spirits/spirits-and-liquors">Alcohol</a>
                        </li>
                        <li>
                            <a class="estDynamic" href="https://www.spesati.com/wine-beer-and-spirits/bitters">Bitters</a>
                        </li>
                        <li>
                            <a class="estDynamic" href="https://www.spesati.com/wine-beer-and-spirits/aperatif">Aperatifs</a>
                        </li>
                        <li>
                            <a class="estDynamic" href="https://www.spesati.com/wine-beer-and-spirits/beer">Beer</a>
                        </li>
                        <li>
                            <a class="estDynamic" href="https://www.spesati.com/wine-beer-and-spirits/creams">Creams</a>
                        </li>
                        <li>
                            <a class="estDynamic" href="https://www.spesati.com/wine-beer-and-spirits/spirits">Spirits</a>
                        </li>
                        <li>
                            <a class="estDynamic" href="https://www.spesati.com/wine-beer-and-spirits/liquors">Liquors</a>
                        </li>
                        <li>
                            <a class="estDynamic" href="https://www.spesati.com/wine-beer-and-spirits/white-wine">White wine</a>
                        </li>
                        <li>
                            <a class="estDynamic" href="https://www.spesati.com/wine-beer-and-spirits/prosecco-wine">Prosecco wine</a>
                        </li>
                        <li>
                            <a class="estDynamic" href="https://www.spesati.com/wine-beer-and-spirits/rose-wine">Rose wine</a>
                        </li>
                        <li>
                            <a class="estDynamic" href="https://www.spesati.com/wine-beer-and-spirits/red-wine">Red wine</a>
                        </li>
                        <li>
                            <a class="estDynamic" href="https://www.spesati.com/wine-beer-and-spirits/specialty-wine">Special wine</a>
                        </li>
                        <li>
                            <a class="estDynamic" href="https://www.spesati.com/wine-beer-and-spirits/sparkling-wine">Sparkling wine</a>
                        </li>
                        <li>
                            <a class="estDynamic" href="https://www.spesati.com/wine-beer-and-spirits/vermentino-wine">Vermentino wine</a>
                        </li>
                    </ul>
                </li>
                <li>
                    <img src="http://cdn.spesati.com/images/menu/water-and-drinks.png"/>
                    Water and drinks                    <i class="fa fa-angle-down" aria-hidden="true"></i>
                    <ul class="sub-menu">
                        <li>
                            <a class="estDynamic" href="https://www.spesati.com/water-and-drinks/san-martino">San Martino</a>
                        </li>
                        <li>
                            <a class="estDynamic" href="https://www.spesati.com/water-and-drinks/water">Water</a>
                        </li>
                        <li>
                            <a class="estDynamic" href="https://www.spesati.com/water-and-drinks/alpro">Alpro</a>
                        </li>
                        <li>
                            <a class="estDynamic" href="https://www.spesati.com/water-and-drinks/fizzy-drinks">Fizzy drinks</a>
                        </li>
                        <li>
                            <a class="estDynamic" href="https://www.spesati.com/water-and-drinks/coca-cola">Coca-Cola</a>
                        </li>
                        <li>
                            <a class="estDynamic" href="https://www.spesati.com/water-and-drinks/energy-drink">Energy drink</a>
                        </li>
                        <li>
                            <a class="estDynamic" href="https://www.spesati.com/water-and-drinks/syrups">Syrups</a>
                        </li>
                        <li>
                            <a class="estDynamic" href="https://www.spesati.com/water-and-drinks/supplements">Supplements</a>
                        </li>
                        <li>
                            <a class="estDynamic" href="https://www.spesati.com/water-and-drinks/instant-drinks">Instant drinks</a>
                        </li>
                        <li>
                            <a class="estDynamic" href="https://www.spesati.com/water-and-drinks/juice">Juice</a>
                        </li>
                        <li>
                            <a class="estDynamic" href="https://www.spesati.com/water-and-drinks/tea">Tea</a>
                        </li>
                    </ul>
                </li>
                <li>
                    <img src="http://cdn.spesati.com/images/menu/sweets.png"/>
                    Sweets                    <i class="fa fa-angle-down" aria-hidden="true"></i>
                    <ul class="sub-menu">
                        <li>
                            <a class="estDynamic" href="https://www.spesati.com/sweets/bars-and-snacks">Bars and snacks</a>
                        </li>
                        <li>
                            <a class="estDynamic" href="https://www.spesati.com/sweets/biscuits">Biscuits</a>
                        </li>
                        <li>
                            <a class="estDynamic" href="https://www.spesati.com/sweets/brioches">Brioches</a>
                        </li>
                        <li>
                            <a class="estDynamic" href="https://www.spesati.com/sweets/candy-and-chewing-gum">Candy and chewing gum</a>
                        </li>
                        <li>
                            <a class="estDynamic" href="https://www.spesati.com/sweets/cereals">Cereals</a>
                        </li>
                        <li>
                            <a class="estDynamic" href="https://www.spesati.com/sweets/chocolate">Chocolate</a>
                        </li>
                        <li>
                            <a class="estDynamic" href="https://www.spesati.com/sweets/spreadable-creams">Spreads</a>
                        </li>
                        <li>
                            <a class="estDynamic" href="https://www.spesati.com/sweets/dessert-toppings">Dessert toppings</a>
                        </li>
                        <li>
                            <a class="estDynamic" href="https://www.spesati.com/sweets/jam">Jam</a>
                        </li>
                        <li>
                            <a class="estDynamic" href="https://www.spesati.com/sweets/honey">Honey</a>
                        </li>
                        <li>
                            <a class="estDynamic" href="https://www.spesati.com/sweets/panettoni-and-pandoro">Panettone and pandoro</a>
                        </li>
                        <li>
                            <a class="estDynamic" href="https://www.spesati.com/sweets/pastry">Pastry</a>
                        </li>
                        <li>
                            <a class="estDynamic" href="https://www.spesati.com/sweets/instant-dessert">Prepared</a>
                        </li>
                        <li>
                            <a class="estDynamic" href="https://www.spesati.com/sweets/cakes-and-pies">Cakes and pies</a>
                        </li>
                        <li>
                            <a class="estDynamic" href="https://www.spesati.com/sweets/easter-eggs-and-doves">Easter eggs and doves</a>
                        </li>
                    </ul>
                </li>
                <li>
                    <img src="http://cdn.spesati.com/images/menu/shelf.png"/>
                    Cupboard                    <i class="fa fa-angle-down" aria-hidden="true"></i>
                    <ul class="sub-menu">
                        <li>
                            <a class="estDynamic" href="https://www.spesati.com/shelf/coffee">Coffee</a>
                        </li>
                        <li>
                            <a class="estDynamic" href="https://www.spesati.com/shelf/gift-baskets">Gift baskets</a>
                        </li>
                        <li>
                            <a class="estDynamic" href="https://www.spesati.com/shelf/stock-cubes">Nuts and preparations</a>
                        </li>
                        <li>
                            <a class="estDynamic" href="https://www.spesati.com/shelf/flour-and-baking">Flour and baking</a>
                        </li>
                        <li>
                            <a class="estDynamic" href="https://www.spesati.com/shelf/milk">Milk</a>
                        </li>
                        <li>
                            <a class="estDynamic" href="https://www.spesati.com/shelf/oil-salt-vinegar">Oil, vinegar and salt</a>
                        </li>
                        <li>
                            <a class="estDynamic" href="https://www.spesati.com/shelf/cream-and-bechamel">Cream and bechamel</a>
                        </li>
                        <li>
                            <a class="estDynamic" href="https://www.spesati.com/shelf/crisps-and-pretzels">Crisps and pretzels</a>
                        </li>
                        <li>
                            <a class="estDynamic" href="https://www.spesati.com/shelf/baby-and-infants-products">Early childhood products</a>
                        </li>
                        <li>
                            <a class="estDynamic" href="https://www.spesati.com/shelf/rice">Rice</a>
                        </li>
                        <li>
                            <a class="estDynamic" href="https://www.spesati.com/shelf/tins-and-preserves">Tins and Preserves</a>
                        </li>
                        <li>
                            <a class="estDynamic" href="https://www.spesati.com/shelf/spices">Spices</a>
                        </li>
                        <li>
                            <a class="estDynamic" href="https://www.spesati.com/shelf/sauces">Sauces</a>
                        </li>
                        <li>
                            <a class="estDynamic" href="https://www.spesati.com/shelf/tea-and-infusions">Tea and infusions</a>
                        </li>
                        <li>
                            <a class="estDynamic" href="https://www.spesati.com/shelf/eggs">Eggs</a>
                        </li>
                        <li>
                            <a class="estDynamic" href="https://www.spesati.com/shelf/sugar-and-sweeteners">Sugar and sweeteners</a>
                        </li>
                    </ul>
                </li>
                <li>
                    <img src="http://cdn.spesati.com/images/menu/personal-care.png"/>
                    Personal care                    <i class="fa fa-angle-down" aria-hidden="true"></i>
                    <ul class="sub-menu">
                        <li>
                            <a class="estDynamic" href="https://www.spesati.com/personal-care/accessories-and-cotton">Accessories and cotton</a>
                        </li>
                        <li>
                            <a class="estDynamic" href="https://www.spesati.com/personal-care/feminine-care-incontinence-and-baby-diapers">Feminine incontinence and diapers</a>
                        </li>
                        <li>
                            <a class="estDynamic" href="https://www.spesati.com/personal-care/shower-gel">Shower gel</a>
                        </li>
                        <li>
                            <a class="estDynamic" href="https://www.spesati.com/personal-care/creams">Creams</a>
                        </li>
                        <li>
                            <a class="estDynamic" href="https://www.spesati.com/personal-care/deodorant">Deodorant</a>
                        </li>
                        <li>
                            <a class="estDynamic" href="https://www.spesati.com/personal-care/hair-removal">Hair removal</a>
                        </li>
                        <li>
                            <a class="estDynamic" href="https://www.spesati.com/personal-care/disinfectants">Disinfectants</a>
                        </li>
                        <li>
                            <a class="estDynamic" href="https://www.spesati.com/personal-care/oral-hygiene">Oral hygiene</a>
                        </li>
                        <li>
                            <a class="estDynamic" href="https://www.spesati.com/personal-care/supplements-and-multivitamins">Supplements and multivitamins</a>
                        </li>
                        <li>
                            <a class="estDynamic" href="https://www.spesati.com/personal-care/first-aid">First aid label</a>
                        </li>
                        <li>
                            <a class="estDynamic" href="https://www.spesati.com/personal-care/beard-products">Beard products</a>
                        </li>
                        <li>
                            <a class="estDynamic" href="https://www.spesati.com/personal-care/hairs-products">Hair products</a>
                        </li>
                        <li>
                            <a class="estDynamic" href="https://www.spesati.com/personal-care/perfume">Perfumes</a>
                        </li>
                        <li>
                            <a class="estDynamic" href="https://www.spesati.com/personal-care/wipes">Wipes</a>
                        </li>
                        <li>
                            <a class="estDynamic" href="https://www.spesati.com/personal-care/soaps-and-body-wash">Soaps and body wash</a>
                        </li>
                        <li>
                            <a class="estDynamic" href="https://www.spesati.com/personal-care/shampoo-and-conditioner">Shampoo and conditioner</a>
                        </li>
                    </ul>
                </li>
                <li>
                    <img src="http://cdn.spesati.com/images/menu/pellet-and-home.png"/>
                    Home and outdoors                    <i class="fa fa-angle-down" aria-hidden="true"></i>
                    <ul class="sub-menu">
                        <li>
                            <a class="estDynamic" href="https://www.spesati.com/household-and-outdoors/distilled-water">Distilled water</a>
                        </li>
                        <li>
                            <a class="estDynamic" href="https://www.spesati.com/household-and-outdoors/car-products">Cars</a>
                        </li>
                        <li>
                            <a class="estDynamic" href="https://www.spesati.com/household-and-outdoors/bin-bags-and-buckets">Bin bags and buckets</a>
                        </li>
                        <li>
                            <a class="estDynamic" href="https://www.spesati.com/household-and-outdoors/bleach-and-stain-removers">Bleach and stain removers</a>
                        </li>
                        <li>
                            <a class="estDynamic" href="https://www.spesati.com/household-and-outdoors/candles">Candles</a>
                        </li>
                        <li>
                            <a class="estDynamic" href="https://www.spesati.com/household-and-outdoors/kitchen-roll">Kitchen roll</a>
                        </li>
                        <li>
                            <a class="estDynamic" href="https://www.spesati.com/household-and-outdoors/air-fresheners">Air fresheners</a>
                        </li>
                        <li>
                            <a class="estDynamic" href="https://www.spesati.com/household-and-outdoors/laundry-accessories-and-detergent">Laundry detergent</a>
                        </li>
                        <li>
                            <a class="estDynamic" href="https://www.spesati.com/household-and-outdoors/dishwasher-and-washing-up">Dishwasher and washing up</a>
                        </li>
                        <li>
                            <a class="estDynamic" href="https://www.spesati.com/household-and-outdoors/gardening">Gardening</a>
                        </li>
                        <li>
                            <a class="estDynamic" href="https://www.spesati.com/household-and-outdoors/light-bulbs-and-batteries">Lightbulbs and batteries</a>
                        </li>
                        <li>
                            <a class="estDynamic" href="https://www.spesati.com/household-and-outdoors/pellet-and-bbq">Pellet and BBQ</a>
                        </li>
                        <li>
                            <a class="estDynamic" href="https://www.spesati.com/household-and-outdoors/bathroom-products">Bathroom products</a>
                        </li>
                        <li>
                            <a class="estDynamic" href="https://www.spesati.com/household-and-outdoors/home-and-furniture-products">Home and furniture products</a>
                        </li>
                        <li>
                            <a class="estDynamic" href="https://www.spesati.com/household-and-outdoors/kitchen-products">Kitchen products</a>
                        </li>
                        <li>
                            <a class="estDynamic" href="https://www.spesati.com/household-and-outdoors/window-and-floor-cleaners">Window and floor cleaner</a>
                        </li>
                        <li>
                            <a class="estDynamic" href="https://www.spesati.com/household-and-outdoors/repellents">Repellents</a>
                        </li>
                        <li>
                            <a class="estDynamic" href="https://www.spesati.com/household-and-outdoors/disposable-tableware">Disposable tableware</a>
                        </li>
                    </ul>
                </li>
                <li>
                    <img src="http://cdn.spesati.com/images/menu/animals.png"/>
                    Pets                    <i class="fa fa-angle-down" aria-hidden="true"></i>
                    <ul class="sub-menu">
                        <li>
                            <a class="estDynamic" href="https://www.spesati.com/pets/pet-food-other-animals">Other animals pet food</a>
                        </li>
                        <li>
                            <a class="estDynamic" href="https://www.spesati.com/pets/pet-food-dogs">Pet food dogs</a>
                        </li>
                        <li>
                            <a class="estDynamic" href="https://www.spesati.com/pets/pet-food-cats">Pet food cats</a>
                        </li>
                        <li>
                            <a class="estDynamic" href="https://www.spesati.com/pets/hygiene-and-cleaning">Hygiene and cleaning</a>
                        </li>
                    </ul>
                </li>
                <li>
                    <img src="http://cdn.spesati.com/images/menu/technology.png"/>
                    Technology                    <i class="fa fa-angle-down" aria-hidden="true"></i>
                    <ul class="sub-menu">
                        <li>
                            <a class="estDynamic" href="https://www.spesati.com/technology/accessories">Accessories</a>
                        </li>
                        <li>
                            <a class="estDynamic" href="https://www.spesati.com/technology/computer">Computer</a>
                        </li>
                        <li>
                            <a class="estDynamic" href="https://www.spesati.com/technology/telephones">Telephones</a>
                        </li>
                        <li>
                            <a class="estDynamic" href="https://www.spesati.com/technology/tv">TV</a>
                        </li>
                    </ul>
                </li>
                <li>
                    <img src="http://cdn.spesati.com/images/menu/gluten-free.png"/>
                    Gluten free                    <i class="fa fa-angle-down" aria-hidden="true"></i>
                    <ul class="sub-menu">
                        <li>
                            <a class="estDynamic" href="https://www.spesati.com/gluten-free/frozen-foods">Frozen foods</a>
                        </li>
                        <li>
                            <a class="estDynamic" href="https://www.spesati.com/gluten-free/beer">Beer</a>
                        </li>
                        <li>
                            <a class="estDynamic" href="https://www.spesati.com/gluten-free/sweets">Sweets</a>
                        </li>
                        <li>
                            <a class="estDynamic" href="https://www.spesati.com/gluten-free/bread-and-pasta">Bread and pasta</a>
                        </li>
                        <li>
                            <a class="estDynamic" href="https://www.spesati.com/gluten-free/shelf">Cupboard</a>
                        </li>
                    </ul>
                </li>
                <li>
                    <img src="http://cdn.spesati.com/images/menu/lactose-free.png"/>
                    Lactose free                    <i class="fa fa-angle-down" aria-hidden="true"></i>
                    <ul class="sub-menu">
                        <li>
                            <a class="estDynamic" href="https://www.spesati.com/lactose-free/frozen-foods">Frozen foods</a>
                        </li>
                        <li>
                            <a class="estDynamic" href="https://www.spesati.com/lactose-free/sweets">Sweets</a>
                        </li>
                        <li>
                            <a class="estDynamic" href="https://www.spesati.com/lactose-free/dairy-product">Dairy product</a>
                        </li>
                        <li>
                            <a class="estDynamic" href="https://www.spesati.com/lactose-free/shelf">Cupboard</a>
                        </li>
                    </ul>
                </li>
                <li>
                    <img src="http://cdn.spesati.com/images/menu/special.png"/>
                    Special                    <i class="fa fa-angle-down" aria-hidden="true"></i>
                    <ul class="sub-menu">
                        <li>
                            <a class="estDynamic" href="https://www.spesati.com/special/alpro">Alpro</a>
                        </li>
                        <li>
                            <a class="estDynamic" href="https://www.spesati.com/special/organic">Biological</a>
                        </li>
                        <li>
                            <a class="estDynamic" href="https://www.spesati.com/special/meat">Meat</a>
                        </li>
                        <li>
                            <a class="estDynamic" href="https://www.spesati.com/special/wholegrain">Wholegrain</a>
                        </li>
                        <li>
                            <a class="estDynamic" href="https://www.spesati.com/special/bread-and-pasta">Bread and pasta</a>
                        </li>
                        <li>
                            <a class="estDynamic" href="https://www.spesati.com/special/vegan">Vegan</a>
                        </li>
                    </ul>
                </li>
                <li>
                    <img src="http://cdn.spesati.com/images/menu/sardinian-products.png"/>
                    Sardinian products                    <i class="fa fa-angle-down" aria-hidden="true"></i>
                    <ul class="sub-menu">
                        <li>
                            <a class="estDynamic" href="https://www.spesati.com/sardinian-products/drinks">Drinks</a>
                        </li>
                        <li>
                            <a class="estDynamic" href="https://www.spesati.com/sardinian-products/meat">Meat</a>
                        </li>
                        <li>
                            <a class="estDynamic" href="https://www.spesati.com/sardinian-products/sweets">Sweets</a>
                        </li>
                        <li>
                            <a class="estDynamic" href="https://www.spesati.com/sardinian-products/fruit-and-vegetables">Fruit and vegetables</a>
                        </li>
                        <li>
                            <a class="estDynamic" href="https://www.spesati.com/sardinian-products/ichnusa">Ichnusa</a>
                        </li>
                        <li>
                            <a class="estDynamic" href="https://www.spesati.com/sardinian-products/dairy-product">Dairy product</a>
                        </li>
                        <li>
                            <a class="estDynamic" href="https://www.spesati.com/sardinian-products/bread-and-pasta">Bread and pasta</a>
                        </li>
                        <li>
                            <a class="estDynamic" href="https://www.spesati.com/sardinian-products/fish">Fish</a>
                        </li>
                        <li>
                            <a class="estDynamic" href="https://www.spesati.com/sardinian-products/cured-meat">Cured meat</a>
                        </li>
                        <li>
                            <a class="estDynamic" href="https://www.spesati.com/sardinian-products/shelf">Cupboard</a>
                        </li>
                        <li>
                            <a class="estDynamic" href="https://www.spesati.com/sardinian-products/vermentino-wine">Vermentino wine</a>
                        </li>
                        <li>
                            <a class="estDynamic" href="https://www.spesati.com/sardinian-products/wine-beer-and-spirits">Wine beer and spirits</a>
                        </li>
                    </ul>
                </li>
            </ul>
        </li>
        <li>
            <a href="https://www.spesati.com/about">About</a>
        </li>
        <li>
            <a href="https://www.spesati.com/faq">Faq</a>
        </li>
        <li>
            <a href="https://www.spesati.com/customer-care">Support</a>
        </li>
        <li>
            <a href="https://www.spesati.com/news">Blog</a>
        </li>
        <li>
            <a href="https://www.spesati.com/terms-and-conditions">Conditions</a>
        </li>
        <li>
            <a href="https://www.spesati.com/privacy-policy">Privacy policy</a>
        </li>
        <li>
            <a href="https://www.spesati.com/login">Login</a>
        </li>
        <li>
             <a href="https://www.spesati.com/sign-up">Sign up</a>
        </li>
    </ul>
</div><section class="first">
    <div id="menuCategories" class="colLeft">
    <ul id="main_nav" >
        <li>
            <a class="estDynamic" href="https://www.spesati.com/on-offer">
               <img src="http://cdn.spesati.com/images/menu/on-sale.png"/>
               On sale            </a>
            <i class="fa fa-angle-right" aria-hidden="true"></i>
            <ul class="sub-menu">
                <li>
    <a href="https://www.spesati.com/tacchino-fesa-a-fette" class="estDynamic">Tacchino Fesa A Fette</a>
</li><li>
    <a href="https://www.spesati.com/amaro-montenegro-15lt" class="estDynamic">Amaro Montenegro 1,5lt</a>
</li><li>
    <a href="https://www.spesati.com/carbone-di-legna-sacco-10kg" class="estDynamic">Carbone Di Legna Sacco 10Kg</a>
</li><li>
    <a href="https://www.spesati.com/filu-e-ferru-silvio-carta-70cl" class="estDynamic">Filu E Ferru Silvio Carta 70Cl</a>
</li><li>
    <a href="https://www.spesati.com/braciole-suino-con-cotenna" class="estDynamic">Braciole Suino Con Cotenna</a>
</li><li>
    <a href="https://www.spesati.com/bovino-adulto-polpa" class="estDynamic">Bovino Adulto Polpa</a>
</li><li>
    <a href="https://www.spesati.com/vino-la-palma-cannonau-le-bombarde" class="estDynamic">Vino La Palma Cannonau Le Bombarde</a>
</li><li>
    <a href="https://www.spesati.com/fettine-sceltissime-bovino-adulto" class="estDynamic">Fettine Sceltissime Bovino Adulto</a>
</li><li>
    <a href="https://www.spesati.com/suino-fettine-scelte" class="estDynamic">Suino Fettine Scelte</a>
</li><li>
    <a href="https://www.spesati.com/lavazza-caffe-qualita-rossa-2x250gr" class="estDynamic">Lavazza Caffé Qualità Rossa 2x250gr</a>
</li>                <li>
                    <a class="estDynamic" href="https://www.spesati.com/on-offer">All products on sale</a>
                </li>
            </ul>
        </li>
        <li>
            <a class="estDynamic" href="https://www.spesati.com/gift">
               <img src="http://cdn.spesati.com/images/menu/gift.png"/>
               Gifts            </a>
            <i class="fa fa-angle-right" aria-hidden="true"></i>
            <ul class="sub-menu">
                <li>
    <a href="https://www.spesati.com/gift-card-da-150" class="estDynamic">Gift Card Da 150</a>
</li><li>
    <a href="https://www.spesati.com/gift-card-da-100" class="estDynamic">Gift Card Da 100</a>
</li><li>
    <a href="https://www.spesati.com/gift-card-da-50" class="estDynamic">Gift Card Da 50</a>
</li><li>
    <a href="https://www.spesati.com/gift-card-da-25" class="estDynamic">Gift Card Da 25</a>
</li>                <li>
                    <a class="estDynamic" href="https://www.spesati.com/gift">All products in the gifts category</a>
                </li>
            </ul>
        </li>
        <li>
            <a class="estDynamic" href="https://www.spesati.com/gift-card">
               <img src="http://cdn.spesati.com/images/menu/gift-card.png"/>
               Gift card and discounts            </a>
            <i class="fa fa-angle-right" aria-hidden="true"></i>
            <ul class="sub-menu">
                <li>
    <a href="https://www.spesati.com/gift-card-da-150">Gift Card Da 150</a>
</li><li>
    <a href="https://www.spesati.com/gift-card-da-100">Gift Card Da 100</a>
</li><li>
    <a href="https://www.spesati.com/gift-card-da-50">Gift Card Da 50</a>
</li><li>
    <a href="https://www.spesati.com/gift-card-da-25">Gift Card Da 25</a>
</li>            </ul>
        </li>
        <li>
            <a class="estDynamic" href="https://www.spesati.com/fruit-and-vegetables">
               <img src="http://cdn.spesati.com/images/menu/fuit-and-vegetables.png"/>
               Fruit and vegetables           </a>
            <i class="fa fa-angle-right" aria-hidden="true"></i>
            <ul class="sub-menu">
                <li>
                    <a class="estDynamic" href="https://www.spesati.com/fruit-and-vegetables/pulses-and-beans">Cereals and pulses and beans</a>
                </li>
                <li>
                    <a class="estDynamic" href="https://www.spesati.com/fruit-and-vegetables/fruit">Fruit</a>
                </li>
                <li>
                    <a class="estDynamic" href="https://www.spesati.com/fruit-and-vegetables/canned-fruit">Canned fruit</a>
                </li>
                <li>
                    <a class="estDynamic" href="https://www.spesati.com/fruit-and-vegetables/dried-fruit">Dried fruit</a>
                </li>
                <li>
                    <a class="estDynamic" href="https://www.spesati.com/fruit-and-vegetables/ready-salads">Ready salads</a>
                </li>
                <li>
                    <a class="estDynamic" href="https://www.spesati.com/fruit-and-vegetables/fresh-spices">Fresh spices</a>
                </li>
                <li>
                    <a class="estDynamic" href="https://www.spesati.com/fruit-and-vegetables/vegetables">Vegetables and soy</a>
                </li>
            </ul>
        </li>
        <li>
            <a class="estDynamic" href="https://www.spesati.com/fresh-products">
                <img src="http://cdn.spesati.com/images/menu/fresh-products.png"/>
                Fresh products            </a>
            <i class="fa fa-angle-right" aria-hidden="true"></i>
            <ul class="sub-menu">
                <li>
                    <a class="estDynamic" href="https://www.spesati.com/fresh-products/margarine-and-butter">Butter and margarine</a>
                </li>
                <li>
                    <a class="estDynamic" href="https://www.spesati.com/fresh-products/danone">Danone</a>
                </li>
                <li>
                    <a class="estDynamic" href="https://www.spesati.com/fresh-products/dessert">Dessert</a>
                </li>
                <li>
                    <a class="estDynamic" href="https://www.spesati.com/fresh-products/sweets">Sweets</a>
                </li>
                <li>
                    <a class="estDynamic" href="https://www.spesati.com/fresh-products/dairy-products">Dairy product</a>
                </li>
                <li>
                    <a class="estDynamic" href="https://www.spesati.com/fresh-products/bakery">Yeast</a>
                </li>
                <li>
                    <a class="estDynamic" href="https://www.spesati.com/fresh-products/mascarpone">Mascarpone</a>
                </li>
                <li>
                    <a class="estDynamic" href="https://www.spesati.com/fresh-products/snacks">Snacks</a>
                </li>
                <li>
                    <a class="estDynamic" href="https://www.spesati.com/fresh-products/mozzarella">Mozzarella</a>
                </li>
                <li>
                    <a class="estDynamic" href="https://www.spesati.com/fresh-products/pasta">Pasta</a>
                </li>
                <li>
                    <a class="estDynamic" href="https://www.spesati.com/fresh-products/pesto-and-sauces">Pesto and sauces</a>
                </li>
                <li>
                    <a class="estDynamic" href="https://www.spesati.com/fresh-products/ricotta-and-cheese">Ricotta and cheese</a>
                </li>
                <li>
                    <a class="estDynamic" href="https://www.spesati.com/fresh-products/cured-meat">Cured meat</a>
                </li>
                <li>
                    <a class="estDynamic" href="https://www.spesati.com/fresh-products/wurstel">Würstel</a>
                </li>
                <li>
                    <a class="estDynamic" href="https://www.spesati.com/fresh-products/yogurt">Yogurt</a>
                </li>
            </ul>
        </li>
        <li>
            <a class="estDynamic" href="https://www.spesati.com/frozen-foods">
                <img src="http://cdn.spesati.com/images/menu/frozen-foods.png"/>
                Frozen foods            </a>
            <i class="fa fa-angle-right" aria-hidden="true"></i>
            <ul class="sub-menu">
                <li>
                    <a class="estDynamic" href="https://www.spesati.com/frozen-foods/meat">Meat</a>
                </li>
                <li>
                    <a class="estDynamic" href="https://www.spesati.com/frozen-foods/ice-creams">Ice cream and sweet</a>
                </li>
                <li>
                    <a class="estDynamic" href="https://www.spesati.com/frozen-foods/pasta">Pasta</a>
                </li>
                <li>
                    <a class="estDynamic" href="https://www.spesati.com/frozen-foods/fish">Fish</a>
                </li>
                <li>
                    <a class="estDynamic" href="https://www.spesati.com/frozen-foods/ready-meals">Ready meals</a>
                </li>
                <li>
                    <a class="estDynamic" href="https://www.spesati.com/frozen-foods/pizzas">Pizzas</a>
                </li>
                <li>
                    <a class="estDynamic" href="https://www.spesati.com/frozen-foods/vegetables">Vegetables and soy</a>
                </li>
            </ul>
        </li>
        <li>
            <a class="estDynamic" href="https://www.spesati.com/bread-and-pasta">
                <img src="http://cdn.spesati.com/images/menu/bread-and-pasta.png"/>
                Bread and pasta            </a>
            <i class="fa fa-angle-right" aria-hidden="true"></i>
            <ul class="sub-menu">
                <li>
                    <a class="estDynamic" href="https://www.spesati.com/bread-and-pasta/crackers">Crackers</a>
                </li>
                <li>
                    <a class="estDynamic" href="https://www.spesati.com/bread-and-pasta/rusks">Rusks</a>
                </li>
                <li>
                    <a class="estDynamic" href="https://www.spesati.com/bread-and-pasta/white-bread">White bread</a>
                </li>
                <li>
                    <a class="estDynamic" href="https://www.spesati.com/bread-and-pasta/local-bread">Local bread</a>
                </li>
                <li>
                    <a class="estDynamic" href="https://www.spesati.com/bread-and-pasta/soft-bread">Soft bread</a>
                </li>
                <li>
                    <a class="estDynamic" href="https://www.spesati.com/bread-and-pasta/sardinian-bread">Sardinian bread</a>
                </li>
                <li>
                    <a class="estDynamic" href="https://www.spesati.com/bread-and-pasta/bakery">Bakery</a>
                </li>
                <li>
                    <a class="estDynamic" href="https://www.spesati.com/bread-and-pasta/pasta">Pasta</a>
                </li>
                <li>
                    <a class="estDynamic" href="https://www.spesati.com/bread-and-pasta/fresh-pasta">Fresh pasta</a>
                </li>
            </ul>
        </li>
        <li>
            <a class="estDynamic" href="https://www.spesati.com/meat">
                <img src="http://cdn.spesati.com/images/menu/meat.png"/>
                Meat            </a>
            <i class="fa fa-angle-right" aria-hidden="true"></i>
            <ul class="sub-menu">
                <li>
                    <a class="estDynamic" href="https://www.spesati.com/meat/beef">Beef</a>
                </li>
                <li>
                    <a class="estDynamic" href="https://www.spesati.com/meat/goat">Goat</a>
                </li>
                <li>
                    <a class="estDynamic" href="https://www.spesati.com/meat/packaged-meat">Packaged meat</a>
                </li>
                <li>
                    <a class="estDynamic" href="https://www.spesati.com/meat/rabbit">Rabbit</a>
                </li>
                <li>
                    <a class="estDynamic" href="https://www.spesati.com/meat/horse">Horse</a>
                </li>
                <li>
                    <a class="estDynamic" href="https://www.spesati.com/meat/pork">Pork</a>
                </li>
                <li>
                    <a class="estDynamic" href="https://www.spesati.com/meat/lamb">Lamb</a>
                </li>
                <li>
                    <a class="estDynamic" href="https://www.spesati.com/meat/poultry">Poultry</a>
                </li>
            </ul>
        </li>
        <li>
            <a class="estDynamic" href="https://www.spesati.com/fish">
                <img src="http://cdn.spesati.com/images/menu/fish.png"/>
                Fish            </a>
            <i class="fa fa-angle-right" aria-hidden="true"></i>
            <ul class="sub-menu">
                <li>
                    <a class="estDynamic" href="https://www.spesati.com/fish/fresh-water">Fresh water</a>
                </li>
                <li>
                    <a class="estDynamic" href="https://www.spesati.com/fish/salt-water">Salt water</a>
                </li>
                <li>
                    <a class="estDynamic" href="https://www.spesati.com/fish/mussels">Mussels</a>
                </li>
                <li>
                    <a class="estDynamic" href="https://www.spesati.com/fish/dried-and-salted">Dried and salted</a>
                </li>
                <li>
                    <a class="estDynamic" href="https://www.spesati.com/fish/seafood-salad">Seafood salad</a>
                </li>
                <li>
                    <a class="estDynamic" href="https://www.spesati.com/fish/prepared">Prepared</a>
                </li>
                <li>
                    <a class="estDynamic" href="https://www.spesati.com/fish/specialty">Specialty</a>
                </li>   
                <li>
                    <a class="estDynamic" href="https://www.spesati.com/fish/tuna-and-salmon">Tuna and salmon</a>
                </li>
            </ul>
        </li>
        <li>
            <a class="estDynamic" href="https://www.spesati.com/wine-beer-and-spirits">
                <img src="http://cdn.spesati.com/images/menu/alcohol.png"/>
                Wine beer and spirits            </a>
            <i class="fa fa-angle-right" aria-hidden="true"></i>
            <ul class="sub-menu">
                <li>
                    <a class="estDynamic" href="https://www.spesati.com/wine-beer-and-spirits/spirits-and-liquors">Alcohol</a>
                </li>
                <li>
                    <a class="estDynamic" href="https://www.spesati.com/wine-beer-and-spirits/bitters">Bitters</a>
                </li>
                <li>
                    <a class="estDynamic" href="https://www.spesati.com/wine-beer-and-spirits/aperatif">Aperatifs</a>
                </li>
                <li>
                    <a class="estDynamic" href="https://www.spesati.com/wine-beer-and-spirits/beer">Beer</a>
                </li>
                <li>
                    <a class="estDynamic" href="https://www.spesati.com/wine-beer-and-spirits/creams">Creams</a>
                </li>
                <li>
                    <a class="estDynamic" href="https://www.spesati.com/wine-beer-and-spirits/spirits">Spirits</a>
                </li>
                <li>
                    <a class="estDynamic" href="https://www.spesati.com/wine-beer-and-spirits/liquors">Liquors</a>
                </li>
                <li>
                    <a class="estDynamic" href="https://www.spesati.com/wine-beer-and-spirits/white-wine">White wine</a>
                </li>
                <li>
                    <a class="estDynamic" href="https://www.spesati.com/wine-beer-and-spirits/prosecco-wine">Prosecco wine</a>
                </li>
                <li>
                    <a class="estDynamic" href="https://www.spesati.com/wine-beer-and-spirits/rose-wine">Rose wine</a>
                </li>
                <li>
                    <a class="estDynamic" href="https://www.spesati.com/wine-beer-and-spirits/red-wine">Red wine</a>
                </li>
                <li>
                    <a class="estDynamic" href="https://www.spesati.com/wine-beer-and-spirits/specialty-wine">Special wine</a>
                </li>
                <li>
                    <a class="estDynamic" href="https://www.spesati.com/wine-beer-and-spirits/sparkling-wine">Sparkling wine</a>
                </li>
                <li>
                    <a class="estDynamic" href="https://www.spesati.com/wine-beer-and-spirits/vermentino-wine">Vermentino wine</a>
                </li>
            </ul>
        </li>
        <li>
            <a class="estDynamic" href="https://www.spesati.com/water-and-drinks">
                <img src="http://cdn.spesati.com/images/menu/water-and-drinks.png"/>
                Water and drinks            </a>
            <i class="fa fa-angle-right" aria-hidden="true"></i>
            <ul class="sub-menu">
                <li>
                    <a class="estDynamic" href="https://www.spesati.com/water-and-drinks/san-martino">San Martino</a>
                </li>
                <li>
                    <a class="estDynamic" href="https://www.spesati.com/water-and-drinks/water">Water</a>
                </li>
                <li>
                    <a class="estDynamic" href="https://www.spesati.com/water-and-drinks/alpro">Alpro</a>
                </li>
                <li>
                    <a class="estDynamic" href="https://www.spesati.com/water-and-drinks/fizzy-drinks">Fizzy drinks</a>
                </li>
                <li>
                    <a class="estDynamic" href="https://www.spesati.com/water-and-drinks/coca-cola">Coca-Cola</a>
                </li>
                <li>
                    <a class="estDynamic" href="https://www.spesati.com/water-and-drinks/energy-drink">Energy drink</a>
                </li>
                <li>
                    <a class="estDynamic" href="https://www.spesati.com/water-and-drinks/syrups">Syrups</a>
                </li>
                <li>
                    <a class="estDynamic" href="https://www.spesati.com/water-and-drinks/supplements">Supplements</a>
                </li>
                <li>
                    <a class="estDynamic" href="https://www.spesati.com/water-and-drinks/instant-drinks">Instant drinks</a>
                </li>
                <li>
                    <a class="estDynamic" href="https://www.spesati.com/water-and-drinks/juice">Juice</a>
                </li>
                <li>
                    <a class="estDynamic" href="https://www.spesati.com/water-and-drinks/tea">Tea</a>
                </li>
            </ul>
        </li>
        <li>
            <a class="estDynamic" href="https://www.spesati.com/sweets">
                <img src="http://cdn.spesati.com/images/menu/sweets.png"/>
                Sweets            </a>
            <i class="fa fa-angle-right" aria-hidden="true"></i>
            <ul class="sub-menu">
                <li>
                    <a class="estDynamic" href="https://www.spesati.com/sweets/bars-and-snacks">Bars and snacks</a>
                </li>
                <li>
                    <a class="estDynamic" href="https://www.spesati.com/sweets/biscuits">Biscuits</a>
                </li>
                <li>
                    <a class="estDynamic" href="https://www.spesati.com/sweets/brioches">Brioches</a>
                </li>
                <li>
                    <a class="estDynamic" href="https://www.spesati.com/sweets/candy-and-chewing-gum">Candy and chewing gum</a>
                </li>
                <li>
                    <a class="estDynamic" href="https://www.spesati.com/sweets/cereals">Cereals</a>
                </li>
                <li>
                    <a class="estDynamic" href="https://www.spesati.com/sweets/chocolate">Chocolate</a>
                </li>
                <li>
                    <a class="estDynamic" href="https://www.spesati.com/sweets/spreadable-creams">Spreads</a>
                </li>
                <li>
                    <a class="estDynamic" href="https://www.spesati.com/sweets/dessert-toppings">Dessert toppings</a>
                </li>
                <li>
                    <a class="estDynamic" href="https://www.spesati.com/sweets/jam">Jam</a>
                </li>
                <li>
                    <a class="estDynamic" href="https://www.spesati.com/sweets/honey">Honey</a>
                </li>
                <li>
                    <a class="estDynamic" href="https://www.spesati.com/sweets/panettoni-and-pandoro">Panettone and pandoro</a>
                </li>
                <li>
                    <a class="estDynamic" href="https://www.spesati.com/sweets/pastry">Pastry</a>
                </li>
                <li>
                    <a class="estDynamic" href="https://www.spesati.com/sweets/instant-dessert">Prepared</a>
                </li>
                <li>
                    <a class="estDynamic" href="https://www.spesati.com/sweets/cakes-and-pies">Cakes and pies</a>
                </li>
                <li>
                    <a class="estDynamic" href="https://www.spesati.com/sweets/easter-eggs-and-doves">Easter eggs and doves</a>
                </li>
            </ul>
        </li>
        <li>
            <a class="estDynamic" href="https://www.spesati.com/shelf">
                <img src="http://cdn.spesati.com/images/menu/shelf.png"/>
                Cupboard            </a>
            <i class="fa fa-angle-right" aria-hidden="true"></i>
            <ul class="sub-menu">
                <li>
                    <a class="estDynamic" href="https://www.spesati.com/shelf/coffee">Coffee</a>
                </li>
                <li>
                    <a class="estDynamic" href="https://www.spesati.com/shelf/gift-baskets">Gift baskets</a>
                </li>
                <li>
                    <a class="estDynamic" href="https://www.spesati.com/shelf/stock-cubes">Nuts and preparations</a>
                </li>
                <li>
                    <a class="estDynamic" href="https://www.spesati.com/shelf/flour-and-baking">Flour and baking</a>
                </li>
                <li>
                    <a class="estDynamic" href="https://www.spesati.com/shelf/milk">Milk</a>
                </li>
                <li>
                    <a class="estDynamic" href="https://www.spesati.com/shelf/oil-salt-vinegar">Oil, vinegar and salt</a>
                </li>
                <li>
                    <a class="estDynamic" href="https://www.spesati.com/shelf/cream-and-bechamel">Cream and bechamel</a>
                </li>
                <li>
                    <a class="estDynamic" href="https://www.spesati.com/shelf/crisps-and-pretzels">Crisps and pretzels</a>
                </li>
                <li>
                    <a class="estDynamic" href="https://www.spesati.com/shelf/baby-and-infants-products">Early childhood products</a>
                </li>
                <li>
                    <a class="estDynamic" href="https://www.spesati.com/shelf/rice">Rice</a>
                </li>
                <li>
                    <a class="estDynamic" href="https://www.spesati.com/shelf/tins-and-preserves">Tins and Preserves</a>
                </li>
                <li>
                    <a class="estDynamic" href="https://www.spesati.com/shelf/spices">Spices</a>
                </li>
                <li>
                    <a class="estDynamic" href="https://www.spesati.com/shelf/sauces">Sauces</a>
                </li>
                <li>
                    <a class="estDynamic" href="https://www.spesati.com/shelf/tea-and-infusions">Tea and infusions</a>
                </li>
                <li>
                    <a class="estDynamic" href="https://www.spesati.com/shelf/eggs">Eggs</a>
                </li>
                <li>
                    <a class="estDynamic" href="https://www.spesati.com/shelf/sugar-and-sweeteners">Sugar and sweeteners</a>
                </li>
            </ul>
        </li>
        <li>
            <a class="estDynamic" href="https://www.spesati.com/personal-care">
                <img src="http://cdn.spesati.com/images/menu/personal-care.png"/>
                Personal care            </a>
            <i class="fa fa-angle-right" aria-hidden="true"></i>
            <ul class="sub-menu">
                <li>
                    <a class="estDynamic" href="https://www.spesati.com/personal-care/accessories-and-cotton">Accessories and cotton</a>
                </li>
                <li>
                    <a class="estDynamic" href="https://www.spesati.com/personal-care/feminine-care-incontinence-and-baby-diapers">Feminine incontinence and diapers</a>
                </li>
                <li>
                    <a class="estDynamic" href="https://www.spesati.com/personal-care/shower-gel">Shower gel</a>
                </li>
                <li>
                    <a class="estDynamic" href="https://www.spesati.com/personal-care/creams">Creams</a>
                </li>
                <li>
                    <a class="estDynamic" href="https://www.spesati.com/personal-care/deodorant">Deodorant</a>
                </li>
                <li>
                    <a class="estDynamic" href="https://www.spesati.com/personal-care/hair-removal">Hair removal</a>
                </li>
                <li>
                    <a class="estDynamic" href="https://www.spesati.com/personal-care/disinfectants">Disinfectants</a>
                </li>
                <li>
                    <a class="estDynamic" href="https://www.spesati.com/personal-care/oral-hygiene">Oral hygiene</a>
                </li>
                <li>
                    <a class="estDynamic" href="https://www.spesati.com/personal-care/supplements-and-multivitamins">Supplements and multivitamins</a>
                </li>
                <li>
                    <a class="estDynamic" href="https://www.spesati.com/personal-care/first-aid">First aid label</a>
                </li>
                <li>
                    <a class="estDynamic" href="https://www.spesati.com/personal-care/beard-products">Beard products</a>
                </li>
                <li>
                    <a class="estDynamic" href="https://www.spesati.com/personal-care/hairs-products">Hair products</a>
                </li>
                <li>
                    <a class="estDynamic" href="https://www.spesati.com/personal-care/perfume">Perfumes</a>
                </li>
                <li>
                    <a class="estDynamic" href="https://www.spesati.com/personal-care/wipes">Wipes</a>
                </li>
                <li>
                    <a class="estDynamic" href="https://www.spesati.com/personal-care/soaps-and-body-wash">Soaps and body wash</a>
                </li>
                <li>
                    <a class="estDynamic" href="https://www.spesati.com/personal-care/shampoo-and-conditioner">Shampoo and conditioner</a>
                </li>
            </ul>
        </li>
        <li>
            <a class="estDynamic" href="https://www.spesati.com/household-and-outdoors">
                <img src="http://cdn.spesati.com/images/menu/pellet-and-home.png"/>
                Home and outdoors 
            </a>
            <i class="fa fa-angle-right" aria-hidden="true"></i>
            <ul class="sub-menu">
                <li>
                    <a class="estDynamic" href="https://www.spesati.com/household-and-outdoors/distilled-water">Distilled water</a>
                </li>
                <li>
                    <a class="estDynamic" href="https://www.spesati.com/household-and-outdoors/car-products">Cars</a>
                </li>
                <li>
                    <a class="estDynamic" href="https://www.spesati.com/household-and-outdoors/bin-bags-and-buckets">Bin bags and buckets</a>
                </li>
                <li>
                    <a class="estDynamic" href="https://www.spesati.com/household-and-outdoors/bleach-and-stain-removers">Bleach and stain removers</a>
                </li>
                <li>
                    <a class="estDynamic" href="https://www.spesati.com/household-and-outdoors/candles">Candles</a>
                </li>
                <li>
                    <a class="estDynamic" href="https://www.spesati.com/household-and-outdoors/kitchen-roll">Kitchen roll</a>
                </li>
                <li>
                    <a class="estDynamic" href="https://www.spesati.com/household-and-outdoors/air-fresheners">Air fresheners</a>
                </li>
                <li>
                    <a class="estDynamic" href="https://www.spesati.com/household-and-outdoors/laundry-accessories-and-detergent">Laundry detergent</a>
                </li>
                <li>
                    <a class="estDynamic" href="https://www.spesati.com/household-and-outdoors/dishwasher-and-washing-up">Dishwasher and washing up</a>
                </li>
                <li>
                    <a class="estDynamic" href="https://www.spesati.com/household-and-outdoors/gardening">Gardening</a>
                </li>
                <li>
                    <a class="estDynamic" href="https://www.spesati.com/household-and-outdoors/light-bulbs-and-batteries">Lightbulbs and batteries</a>
                </li>
                <li>
                    <a class="estDynamic" href="https://www.spesati.com/household-and-outdoors/pellet-and-bbq">Pellet and BBQ</a>
                </li>
                <li>
                    <a class="estDynamic" href="https://www.spesati.com/household-and-outdoors/bathroom-products">Bathroom products</a>
                </li>
                <li>
                    <a class="estDynamic" href="https://www.spesati.com/household-and-outdoors/home-and-furniture-products">Home and furniture products</a>
                </li>
                <li>
                    <a class="estDynamic" href="https://www.spesati.com/household-and-outdoors/kitchen-products">Kitchen products</a>
                </li>
                <li>
                    <a class="estDynamic" href="https://www.spesati.com/household-and-outdoors/window-and-floor-cleaners">Window and floor cleaner</a>
                </li>
                <li>
                    <a class="estDynamic" href="https://www.spesati.com/household-and-outdoors/repellents">Repellents</a>
                </li>
                <li>
                    <a class="estDynamic" href="https://www.spesati.com/household-and-outdoors/disposable-tableware">Disposable tableware</a>
                </li>
            </ul>
        </li>
        <li>
            <a class="estDynamic" href="https://www.spesati.com/pet">
                <img src="http://cdn.spesati.com/images/menu/animals.png"/>
                Pets            </a>
            <i class="fa fa-angle-right" aria-hidden="true"></i>
            <ul class="sub-menu">
                <li>
                    <a class="estDynamic" href="https://www.spesati.com/pets/pet-food-other-animals">Other animals pet food</a>
                </li>
                <li>
                    <a class="estDynamic" href="https://www.spesati.com/pets/pet-food-dogs">Pet food dogs</a>
                </li>
                <li>
                    <a class="estDynamic" href="https://www.spesati.com/pets/pet-food-cats">Pet food cats</a>
                </li>
                <li>
                    <a class="estDynamic" href="https://www.spesati.com/pets/hygiene-and-cleaning">Hygiene and cleaning</a>
                </li>
            </ul>
        </li>
        <li>
            <a class="estDynamic" href="https://www.spesati.com/technology">
                <img src="http://cdn.spesati.com/images/menu/technology.png"/>
                Technology            </a>
            <i class="fa fa-angle-right" aria-hidden="true"></i>
            <ul class="sub-menu">
                <li>
                    <a class="estDynamic" href="https://www.spesati.com/technology/accessories">Accessories</a>
                </li>
                <li>
                    <a class="estDynamic" href="https://www.spesati.com/technology/computer">Computer</a>
                </li>
                <li>
                    <a class="estDynamic" href="https://www.spesati.com/technology/telephones">Telephones</a>
                </li>
                <li>
                    <a class="estDynamic" href="https://www.spesati.com/technology/tv">TV</a>
                </li>
            </ul>
        </li>
        <li>
            <a class="estDynamic" href="https://www.spesati.com/gluten-free">
                <img src="http://cdn.spesati.com/images/menu/gluten-free.png"/>
                Gluten free            </a>
            <i class="fa fa-angle-right" aria-hidden="true"></i>
            <ul class="sub-menu">
                <li>
                    <a class="estDynamic" href="https://www.spesati.com/gluten-free/frozen-foods">Frozen foods</a>
                </li>
                <li>
                    <a class="estDynamic" href="https://www.spesati.com/gluten-free/beer">Beer</a>
                </li>
                <li>
                    <a class="estDynamic" href="https://www.spesati.com/gluten-free/sweets">Sweets</a>
                </li>
                <li>
                    <a class="estDynamic" href="https://www.spesati.com/gluten-free/bread-and-pasta">Bread and pasta</a>
                </li>
                <li>
                    <a class="estDynamic" href="https://www.spesati.com/gluten-free/shelf">Cupboard</a>
                </li>
            </ul>
        </li>
        <li>
            <a class="estDynamic" href="https://www.spesati.com/lactose-free">
                <img src="http://cdn.spesati.com/images/menu/lactose-free.png"/>
                Lactose free            </a>
            <i class="fa fa-angle-right" aria-hidden="true"></i>
            <ul class="sub-menu">
                <li>
                    <a class="estDynamic" href="https://www.spesati.com/lactose-free/frozen-foods">Frozen foods</a>
                </li>
                <li>
                    <a class="estDynamic" href="https://www.spesati.com/lactose-free/sweets">Sweets</a>
                </li>
                <li>
                    <a class="estDynamic" href="https://www.spesati.com/lactose-free/dairy-product">Dairy product</a>
                </li>
                <li>
                    <a class="estDynamic" href="https://www.spesati.com/lactose-free/shelf">Cupboard</a>
                </li>
            </ul>
        </li>
        <li>
            <a class="estDynamic" href="https://www.spesati.com/special">
                <img src="http://cdn.spesati.com/images/menu/special.png"/>
                Special            </a>
            <i class="fa fa-angle-right" aria-hidden="true"></i>
            <ul class="sub-menu">
                <li>
                    <a class="estDynamic" href="https://www.spesati.com/special/alpro">Alpro</a>
                </li>
                <li>
                    <a class="estDynamic" href="https://www.spesati.com/special/organic">Biological</a>
                </li>
                <li>
                    <a class="estDynamic" href="https://www.spesati.com/special/meat">Meat</a>
                </li>
                <li>
                    <a class="estDynamic" href="https://www.spesati.com/special/wholegrain">Wholegrain</a>
                </li>
                <li>
                    <a class="estDynamic" href="https://www.spesati.com/special/bread-and-pasta">Bread and pasta</a>
                </li>
                <li>
                    <a class="estDynamic" href="https://www.spesati.com/special/vegan">Vegan</a>
                </li>
            </ul>
        </li>
        <li>
            <a class="estDynamic" href="https://www.spesati.com/sardinian-products">
                <img src="http://cdn.spesati.com/images/menu/sardinian-products.png"/>
                Sardinian products            </a>
            <i class="fa fa-angle-right" aria-hidden="true"></i>
            <ul class="sub-menu">
                <li>
                    <a class="estDynamic" href="https://www.spesati.com/sardinian-products/drinks">Drinks</a>
                </li>
                <li>
                    <a class="estDynamic" href="https://www.spesati.com/sardinian-products/meat">Meat</a>
                </li>
                <li>
                    <a class="estDynamic" href="https://www.spesati.com/sardinian-products/sweets">Sweets</a>
                </li>
                <li>
                    <a class="estDynamic" href="https://www.spesati.com/sardinian-products/fruit-and-vegetables">Fruit and vegetables</a>
                </li>
                <li>
                    <a class="estDynamic" href="https://www.spesati.com/sardinian-products/ichnusa">Ichnusa</a>
                </li>
                <li>
                    <a class="estDynamic" href="https://www.spesati.com/sardinian-products/dairy-product">Dairy product</a>
                </li>
                <li>
                    <a class="estDynamic" href="https://www.spesati.com/sardinian-products/bread-and-pasta">Bread and pasta</a>
                </li>
                <li>
                    <a class="estDynamic" href="https://www.spesati.com/sardinian-products/fish">Fish</a>
                </li>
                <li>
                    <a class="estDynamic" href="https://www.spesati.com/sardinian-products/cured-meat">Cured meat</a>
                </li>
                <li>
                    <a class="estDynamic" href="https://www.spesati.com/sardinian-products/shelf">Cupboard</a>
                </li>
                <li>
                    <a class="estDynamic" href="https://www.spesati.com/sardinian-products/vermentino-wine">Vermentino wine</a>
                </li>
                <li>
                    <a class="estDynamic" href="https://www.spesati.com/sardinian-products/wine-beer-and-spirits">Wine beer and spirits</a>
                </li>
            </ul>
        </li>
    </ul>
</div>    <div class="colRight">
        <div class="title mobile">
	<a href="https://www.spesati.com/sardinian-products"><i class="fa red fa-angle-left fa-3x mobile" aria-hidden="true"></i></a>
	<h2>
		<b>
			bread and pasta		</b>
	</h2>
</div>

<div class="breadcrumb bgGrey internal">
	<p>
		<b>
			<a href="https://www.spesati.com/">Home</a>
												&gt; <a href="https://www.spesati.com/sardinian-products">Sardinian products</a>
																&gt; Bread and pasta									</b>
	</p>
	<div>
		<p>Order by</p>
		<select name="orderProd" id="orderProd">
			<option disabled="disabled" selected="selected">- Choose -</option>
			<option value="nameAsc">Name (A - Z)</option>
			<option value="nameDes">Name (Z - A)</option>
			<option value="priceHigh">Price - High to low</option>
			<option value="priceLow">Price - Low to high</option>
			<option value="soldAsc">Best Selling</option>
			<option value="available">Availability</option>
		</select>
	</div>
</div>
        <div class="containerProduct">
            <script type='text/javascript'>var track = '{"event":"ViewContent", "type":"category", "id":"Panificio", "subids":["Pane Sardo","Pastificio"], "url":"https://www.spesati.com/sardinian-products/bread-and-pasta"}';</script>
<script>
gtag('event', 'select_content', {content_type: 'category', item_id: 'Panificio'});gtag('event', 'select_content', {content_type: 'category', item_id: 'Pane Sardo'});gtag('event', 'select_content', {content_type: 'category', item_id: 'Pastificio'});
</script>
<div class="left product prod1"
        data-name="Spianatina Sarda"
        data-price="3.92"
        data-id="2369"
        data-available="yes"
        data-category="424"
        data-bestselling="17">
    <a href="https://www.spesati.com/spianatina-sarda">
        <div style="background-image: url('https://cdn.spesati.com/images/products/fl900/spianata-sarda-450gr-01.jpg')">
            <div class="hover"></div>
            <p class="arrow bgRed white">Best Seller</p>
            <div class="stickers"><img class="left" src="http://cdn.spesati.com/images/layout/sardinian.png" /></div>
        </div>
    </a>
    <div>
        <h4><a href="https://www.spesati.com/spianatina-sarda"><b>Spianatina Sarda</b></a></h4>
        <p class="description">0.45 Kg</p>
        <p class="right price"><b>3.92 €</b></p>
        <p class="right unitPrice">8.72 € per kg</p>
    </div>
    <div class="contButton">
    <a class="button bgRed white addToCart" href="#">Add</a>
</div>
</div><div class="left product prod2"
        data-name="Pranteddu Ravioli Ricotta Spinaci 500Gr"
        data-price="3.07"
        data-id="7019"
        data-available="yes"
        data-category="434"
        data-bestselling="1">
    <a href="https://www.spesati.com/pranteddu-ravioli-ricotta-spinaci-500gr">
        <div style="background-image: url('https://cdn.spesati.com/images/products/504752/pranteddu-ravioli-ricotta-01.jpg')">
            <div class="hover"></div>
            <p class="arrow bgRed white">Best Seller</p>
            <div class="stickers"><img class="left" src="http://cdn.spesati.com/images/layout/sardinian.png" /></div>
        </div>
    </a>
    <div>
        <h4><a href="https://www.spesati.com/pranteddu-ravioli-ricotta-spinaci-500gr"><b>Pranteddu Ravioli Ricotta Spinaci 500Gr</b></a></h4>
        <p class="description">0.5 Kg</p>
        <p class="right price"><b>3.07 €</b></p>
        <p class="right unitPrice">6.14 € per kg</p>
    </div>
    <div class="contButton">
    <a class="button bgRed white addToCart" href="#">Add</a>
</div>
</div><div class="left product prod3"
        data-name="Sini Gnocchetti Sardi Medi"
        data-price="1.55"
        data-id="2483"
        data-available="yes"
        data-category="434"
        data-bestselling="">
    <a href="https://www.spesati.com/sini-gnocchetti-sardi-medi">
        <div style="background-image: url('https://cdn.spesati.com/images/products/4181302/sini-gnocchetti-sardi.jpg')">
            <div class="hover"></div>
            
            <div class="stickers"><img class="left" src="http://cdn.spesati.com/images/layout/sardinian.png" /></div>
        </div>
    </a>
    <div>
        <h4><a href="https://www.spesati.com/sini-gnocchetti-sardi-medi"><b>Sini Gnocchetti Sardi Medi</b></a></h4>
        <p class="description">0.5 Kg</p>
        <p class="right price"><b>1.55 €</b></p>
        <p class="right unitPrice">3.10 € per kg</p>
    </div>
    <div class="contButton">
    <a class="button bgRed white addToCart" href="#">Add</a>
</div>
</div><div class="left product prod4"
        data-name="Malloreddus Cuore Dell'Isola Tre Sapori 500Gr"
        data-price="2.45"
        data-id="6918"
        data-available="yes"
        data-category="434"
        data-bestselling="">
    <a href="https://www.spesati.com/malloreddus-cuore-dellisola-tre-sapori-500gr">
        <div style="background-image: url('https://cdn.spesati.com/images/products/398536/malloreddus-cuore-dellisola-01.jpg')">
            <div class="hover"></div>
            
            <div class="stickers"><img class="left" src="http://cdn.spesati.com/images/layout/sardinian.png" /></div>
        </div>
    </a>
    <div>
        <h4><a href="https://www.spesati.com/malloreddus-cuore-dellisola-tre-sapori-500gr"><b>Malloreddus Cuore Dell'Isola Tre Sapori 500Gr</b></a></h4>
        <p class="description">0.5 Kg</p>
        <p class="right price"><b>2.45 €</b></p>
        <p class="right unitPrice">4.90 € per kg</p>
    </div>
    <div class="contButton">
    <a class="button bgRed white addToCart" href="#">Add</a>
</div>
</div><div class="left product prod5"
        data-name="Fregula Tostata Cuore Dell'Isola 500Gr"
        data-price="2.55"
        data-id="6917"
        data-available="yes"
        data-category="434"
        data-bestselling="">
    <a href="https://www.spesati.com/fregula-tostata-cuore-dellisola-500gr">
        <div style="background-image: url('https://cdn.spesati.com/images/products/398511/fregula-tostata-cuore-01.jpg')">
            <div class="hover"></div>
            
            <div class="stickers"><img class="left" src="http://cdn.spesati.com/images/layout/sardinian.png" /></div>
        </div>
    </a>
    <div>
        <h4><a href="https://www.spesati.com/fregula-tostata-cuore-dellisola-500gr"><b>Fregula Tostata Cuore Dell'Isola 500Gr</b></a></h4>
        <p class="description">0.5 Kg</p>
        <p class="right price"><b>2.55 €</b></p>
        <p class="right unitPrice">5.10 € per kg</p>
    </div>
    <div class="contButton">
    <a class="button bgRed white addToCart" href="#">Add</a>
</div>
</div><div class="left product prod6"
        data-name="Pasta Cicioneddos Cuore dell'Isola 500Gr"
        data-price="2.35"
        data-id="6916"
        data-available="yes"
        data-category="434"
        data-bestselling="">
    <a href="https://www.spesati.com/pasta-cicioneddos-cuore-dellisola-500gr">
        <div style="background-image: url('https://cdn.spesati.com/images/products/398510/pasta-cicioneddos-cuore-01.jpg')">
            <div class="hover"></div>
            
            <div class="stickers"><img class="left" src="http://cdn.spesati.com/images/layout/sardinian.png" /></div>
        </div>
    </a>
    <div>
        <h4><a href="https://www.spesati.com/pasta-cicioneddos-cuore-dellisola-500gr"><b>Pasta Cicioneddos Cuore dell'Isola 500Gr</b></a></h4>
        <p class="description">0.5 Kg</p>
        <p class="right price"><b>2.35 €</b></p>
        <p class="right unitPrice">4.71 € per kg</p>
    </div>
    <div class="contButton">
    <a class="button bgRed white addToCart" href="#">Add</a>
</div>
</div><div class="left product prod7"
        data-name="Pane Carasau Cuore Dell'Isola Fine 500Gr"
        data-price="5.99"
        data-id="5901"
        data-available="yes"
        data-category="424"
        data-bestselling="">
    <a href="https://www.spesati.com/pane-carasau-cuore-dellisola-fine-500gr">
        <div style="background-image: url('https://cdn.spesati.com/images/products/398504/pane-carasau-cuore-01.jpg')">
            <div class="hover"></div>
            
            <div class="stickers"></div>
        </div>
    </a>
    <div>
        <h4><a href="https://www.spesati.com/pane-carasau-cuore-dellisola-fine-500gr"><b>Pane Carasau Cuore Dell'Isola Fine 500Gr</b></a></h4>
        <p class="description">0.5 Kg</p>
        <p class="right price"><b>5.99 €</b></p>
        <p class="right unitPrice">11.98 € per kg</p>
    </div>
    <div class="contButton">
    <a class="button bgRed white addToCart" href="#">Add</a>
</div>
</div><div class="left product prod8"
        data-name="Frau Pane Grattugiato 500gr"
        data-price="1.59"
        data-id="26323"
        data-available="yes"
        data-category="424"
        data-bestselling="1">
    <a href="https://www.spesati.com/frau-pane-grattugiato-500gr">
        <div style="background-image: url('https://cdn.spesati.com/images/products/115684/frau-pane-grattugiato-01.jpg')">
            <div class="hover"></div>
            <p class="arrow bgRed white">Best Seller</p>
            <div class="stickers"><img class="left" src="http://cdn.spesati.com/images/layout/sardinian.png" /></div>
        </div>
    </a>
    <div>
        <h4><a href="https://www.spesati.com/frau-pane-grattugiato-500gr"><b>Frau Pane Grattugiato 500gr</b></a></h4>
        <p class="description">0.5 Kg</p>
        <p class="right price"><b>1.59 €</b></p>
        <p class="right unitPrice">3.18 € per kg</p>
    </div>
    <div class="contButton">
    <a class="button bgRed white addToCart" href="#">Add</a>
</div>
</div><div class="left product prod9"
        data-name="Pane Guttiau Eleonora 500Gr"
        data-price="4.29"
        data-id="6399"
        data-available="yes"
        data-category="424"
        data-bestselling="1">
    <a href="https://www.spesati.com/pane-guttiau-eleonora-500gr">
        <div style="background-image: url('https://cdn.spesati.com/images/products/115650/pane-guttiau-eleonora-01.jpg')">
            <div class="hover"></div>
            <p class="arrow bgRed white">Best Seller</p>
            <div class="stickers"></div>
        </div>
    </a>
    <div>
        <h4><a href="https://www.spesati.com/pane-guttiau-eleonora-500gr"><b>Pane Guttiau Eleonora 500Gr</b></a></h4>
        <p class="description">1 piece</p>
        <p class="right price"><b>4.29 €</b></p>
        <p class="right unitPrice">8.58 € per kg</p>
    </div>
    <div class="contButton">
    <a class="button bgRed white addToCart" href="#">Add</a>
</div>
</div><div class="left product prod10"
        data-name="Pane carasau madrigali senza glutine 250 gr"
        data-price="5.59"
        data-id="5212"
        data-available="yes"
        data-category="424"
        data-bestselling="">
    <a href="https://www.spesati.com/pane-carasau-madrigali-senza-glutine-250-gr">
        <div style="background-image: url('https://cdn.spesati.com/images/products/111676/pane-carasau-madrigali-01.jpg')">
            <div class="hover"></div>
            
            <div class="stickers"><img class="left" src="http://cdn.spesati.com/images/layout/gluten-free.png" /><img class="left" src="http://cdn.spesati.com/images/layout/sardinian.png" /></div>
        </div>
    </a>
    <div>
        <h4><a href="https://www.spesati.com/pane-carasau-madrigali-senza-glutine-250-gr"><b>Pane carasau madrigali senza glutine 250 gr</b></a></h4>
        <p class="description">0.25 Kg</p>
        <p class="right price"><b>5.59 €</b></p>
        <p class="right unitPrice">22.36 € per kg</p>
    </div>
    <div class="contButton">
    <a class="button bgRed white addToCart" href="#">Add</a>
</div>
</div><div class="left product prod11"
        data-name="Pan grattato madrigali senza glutine 300"
        data-price="3.99"
        data-id="5213"
        data-available="yes"
        data-category="424"
        data-bestselling="1">
    <a href="https://www.spesati.com/pan-grattato-madrigali-senza-glutine-300">
        <div style="background-image: url('https://cdn.spesati.com/images/products/111675/pan-grattati-madrigali-01.jpg')">
            <div class="hover"></div>
            <p class="arrow bgRed white">Best Seller</p>
            <div class="stickers"><img class="left" src="http://cdn.spesati.com/images/layout/gluten-free.png" /><img class="left" src="http://cdn.spesati.com/images/layout/sardinian.png" /></div>
        </div>
    </a>
    <div>
        <h4><a href="https://www.spesati.com/pan-grattato-madrigali-senza-glutine-300"><b>Pan grattato madrigali senza glutine 300</b></a></h4>
        <p class="description">0.3 Kg</p>
        <p class="right price"><b>3.99 €</b></p>
        <p class="right unitPrice">13.30 € per kg</p>
    </div>
    <div class="contButton">
    <a class="button bgRed white addToCart" href="#">Add</a>
</div>
</div><div class="left product prod12"
        data-name="Pasta Sini Gnocchetti N3 500Gr"
        data-price="1.55"
        data-id="6365"
        data-available="yes"
        data-category="434"
        data-bestselling="">
    <a href="https://www.spesati.com/pasta-sini-gnocchetti-n3-500gr">
        <div style="background-image: url('https://cdn.spesati.com/images/products/101352/pasta-sini-gnocchetti-01.jpg')">
            <div class="hover"></div>
            
            <div class="stickers"><img class="left" src="http://cdn.spesati.com/images/layout/sardinian.png" /></div>
        </div>
    </a>
    <div>
        <h4><a href="https://www.spesati.com/pasta-sini-gnocchetti-n3-500gr"><b>Pasta Sini Gnocchetti N3 500Gr</b></a></h4>
        <p class="description">0.5 Kg</p>
        <p class="right price"><b>1.55 €</b></p>
        <p class="right unitPrice">3.10 € per kg</p>
    </div>
    <div class="contButton">
    <a class="button bgRed white addToCart" href="#">Add</a>
</div>
</div><div class="left product prod13"
        data-name="Ravioli Cossu Ric-zaf 500gr"
        data-price="3.89"
        data-id="33890"
        data-available="yes"
        data-category="499989"
        data-bestselling="1">
    <a href="https://www.spesati.com/ravioli-cossu-ric-zaf-500gr">
        <div style="background-image: url('https://cdn.spesati.com/images/products/000503563/pastificio-cossu-antonio-ravioli-di-ricotta-allo-zafferano-500-g-01.png')">
            <div class="hover"></div>
            <p class="arrow bgRed white">Best Seller</p>
            <div class="stickers"><img class="left" src="http://cdn.spesati.com/images/layout/sardinian.png" /></div>
        </div>
    </a>
    <div>
        <h4><a href="https://www.spesati.com/ravioli-cossu-ric-zaf-500gr"><b>Ravioli Cossu Ric-zaf 500gr</b></a></h4>
        <p class="description">Pastificio Cossu Antonio Ravioli di ricotta allo zafferano 500 g</p>
        <p class="right price"><b>3.89 €</b></p>
        <p class="right unitPrice">7.78 € per kg</p>
    </div>
    <div class="contButton">
    <a class="button bgRed white addToCart" href="#">Add</a>
</div>
</div><div class="left product prod14"
        data-name="Cossu Ravioli Ricotta Spinaci G 500"
        data-price="3.65"
        data-id="4747"
        data-available="yes"
        data-category="434"
        data-bestselling="1">
    <a href="https://www.spesati.com/cossu-ravioli-ricotta-spinaci-g-500">
        <div style="background-image: url('https://cdn.spesati.com/images/products/000503561/pastificio-cossu-antonio-ravioli-di-ricotta-e-spinaci-500-g-01.png')">
            <div class="hover"></div>
            <p class="arrow bgRed white">Best Seller</p>
            <div class="stickers"><img class="left" src="http://cdn.spesati.com/images/layout/sardinian.png" /></div>
        </div>
    </a>
    <div>
        <h4><a href="https://www.spesati.com/cossu-ravioli-ricotta-spinaci-g-500"><b>Cossu Ravioli Ricotta Spinaci G 500</b></a></h4>
        <p class="description">Pastificio Cossu Antonio Ravioli di ricotta e spinaci 500 g</p>
        <p class="right price"><b>3.65 €</b></p>
        <p class="right unitPrice">7.30 € per kg</p>
    </div>
    <div class="contButton">
    <a class="button bgRed white addToCart" href="#">Add</a>
</div>
</div><div class="left product prod15"
        data-name="Pasta Di Sardegna Pennette N72 500Gr"
        data-price="1.12"
        data-id="5655"
        data-available="yes"
        data-category="434"
        data-bestselling="1">
    <a href="https://www.spesati.com/pasta-di-sardegna-pennette-n72-500gr">
        <div style="background-image: url('https://cdn.spesati.com/images/products/000165072/flli-cellino-pennette-rigate-72-500-g-01.png')">
            <div class="hover"></div>
            <p class="arrow bgRed white">Best Seller</p>
            <div class="stickers"><img class="left" src="http://cdn.spesati.com/images/layout/sardinian.png" /></div>
        </div>
    </a>
    <div>
        <h4><a href="https://www.spesati.com/pasta-di-sardegna-pennette-n72-500gr"><b>Pasta Di Sardegna Pennette N72 500Gr</b></a></h4>
        <p class="description">F.lli Cellino Pennette Rigate 72 500 g</p>
        <p class="right price"><b>1.12 €</b></p>
        <p class="right unitPrice">2.25 € per kg</p>
    </div>
    <div class="contButton">
    <a class="button bgRed white addToCart" href="#">Add</a>
</div>
</div><div class="left product prod16"
        data-name="Pasta Di Sardegna Mezze Penne N70 500Gr"
        data-price="1.12"
        data-id="5654"
        data-available="yes"
        data-category="434"
        data-bestselling="">
    <a href="https://www.spesati.com/pasta-di-sardegna-mezze-penne-n70-500gr">
        <div style="background-image: url('https://cdn.spesati.com/images/products/000165070/flli-cellino-mezze-penne-rigate-70-500-g-01.png')">
            <div class="hover"></div>
            
            <div class="stickers"><img class="left" src="http://cdn.spesati.com/images/layout/sardinian.png" /></div>
        </div>
    </a>
    <div>
        <h4><a href="https://www.spesati.com/pasta-di-sardegna-mezze-penne-n70-500gr"><b>Pasta Di Sardegna Mezze Penne N70 500Gr</b></a></h4>
        <p class="description">F.lli Cellino Mezze Penne Rigate 70 500 g</p>
        <p class="right price"><b>1.12 €</b></p>
        <p class="right unitPrice">2.25 € per kg</p>
    </div>
    <div class="contButton">
    <a class="button bgRed white addToCart" href="#">Add</a>
</div>
</div><div class="left product prod17"
        data-name="Pasta Di Sardegna Farfalle N65 500Gr"
        data-price="1.12"
        data-id="6045"
        data-available="yes"
        data-category="434"
        data-bestselling="1">
    <a href="https://www.spesati.com/pasta-di-sardegna-farfalle-n65-500gr">
        <div style="background-image: url('https://cdn.spesati.com/images/products/000165065/flli-cellino-farfalle-65-500-g-01.png')">
            <div class="hover"></div>
            <p class="arrow bgRed white">Best Seller</p>
            <div class="stickers"><img class="left" src="http://cdn.spesati.com/images/layout/sardinian.png" /></div>
        </div>
    </a>
    <div>
        <h4><a href="https://www.spesati.com/pasta-di-sardegna-farfalle-n65-500gr"><b>Pasta Di Sardegna Farfalle N65 500Gr</b></a></h4>
        <p class="description">F.lli Cellino Farfalle 65 500 g</p>
        <p class="right price"><b>1.12 €</b></p>
        <p class="right unitPrice">2.25 € per kg</p>
    </div>
    <div class="contButton">
    <a class="button bgRed white addToCart" href="#">Add</a>
</div>
</div><div class="left product prod18"
        data-name="Pasta Di Sardegna Gnocchi Sardi N60 500Gr"
        data-price="1.14"
        data-id="5653"
        data-available="yes"
        data-category="434"
        data-bestselling="">
    <a href="https://www.spesati.com/pasta-di-sardegna-gnocchi-sardi-n60-500gr">
        <div style="background-image: url('https://cdn.spesati.com/images/products/000165060/flli-cellino-gnocchetti-sardi-60-500-g-01.png')">
            <div class="hover"></div>
            
            <div class="stickers"><img class="left" src="http://cdn.spesati.com/images/layout/sardinian.png" /></div>
        </div>
    </a>
    <div>
        <h4><a href="https://www.spesati.com/pasta-di-sardegna-gnocchi-sardi-n60-500gr"><b>Pasta Di Sardegna Gnocchi Sardi N60 500Gr</b></a></h4>
        <p class="description">F.lli Cellino Gnocchetti Sardi 60 500 g</p>
        <p class="right price"><b>1.14 €</b></p>
        <p class="right unitPrice">2.28 € per kg</p>
    </div>
    <div class="contButton">
    <a class="button bgRed white addToCart" href="#">Add</a>
</div>
</div><div class="left product prod19"
        data-name="Pasta Di Sardegna Spaghetti N5 500Gr"
        data-price="1.12"
        data-id="5651"
        data-available="yes"
        data-category="434"
        data-bestselling="5">
    <a href="https://www.spesati.com/pasta-di-sardegna-spaghetti-n5-500gr">
        <div style="background-image: url('https://cdn.spesati.com/images/products/000165005/flli-cellino-spaghetti-5-500-g-01.png')">
            <div class="hover"></div>
            <p class="arrow bgRed white">Best Seller</p>
            <div class="stickers"><img class="left" src="http://cdn.spesati.com/images/layout/sardinian.png" /></div>
        </div>
    </a>
    <div>
        <h4><a href="https://www.spesati.com/pasta-di-sardegna-spaghetti-n5-500gr"><b>Pasta Di Sardegna Spaghetti N5 500Gr</b></a></h4>
        <p class="description">F.lli Cellino Spaghetti 5 500 g</p>
        <p class="right price"><b>1.12 €</b></p>
        <p class="right unitPrice">2.25 € per kg</p>
    </div>
    <div class="contButton">
    <a class="button bgRed white addToCart" href="#">Add</a>
</div>
</div><div class="left product prod20"
        data-name="Pane Pergamena Cherchi Nero 100Gr"
        data-price="3.49"
        data-id="6923"
        data-available="yes"
        data-category="424"
        data-bestselling="">
    <a href="https://www.spesati.com/pane-pergamena-cherchi-nero-100gr">
        <div style="background-image: url('https://cdn.spesati.com/images/products/000117296/cherchi-pergamena-nera-guttiau-100-g-01.png')">
            <div class="hover"></div>
            
            <div class="stickers"><img class="left" src="http://cdn.spesati.com/images/layout/sardinian.png" /><img class="left" src="http://cdn.spesati.com/images/layout/special.png"/></div>
        </div>
    </a>
    <div>
        <h4><a href="https://www.spesati.com/pane-pergamena-cherchi-nero-100gr"><b>Pane Pergamena Cherchi Nero 100Gr</b></a></h4>
        <p class="description">Cherchi Pergamena nera Guttiau 100 g</p>
        <p class="right price"><b>3.49 €</b></p>
        <p class="right unitPrice">34.90 € per kg</p>
    </div>
    <div class="contButton">
    <a class="button bgRed white addToCart" href="#">Add</a>
</div>
</div><div class="left product prod21"
        data-name="Pane Su Guttiau Class Pet 1kg"
        data-price="10.46"
        data-id="26580"
        data-available="yes"
        data-category="424"
        data-bestselling="">
    <a href="https://www.spesati.com/pane-su-guttiau-class-pet-1kg">
        <div style="background-image: url('https://cdn.spesati.com/images/products/000117227/su-guttiau-croccanti-sfogliatine-di-grano-gusto-classico-snack-1000-g-01.png')">
            <div class="hover"></div>
            
            <div class="stickers"></div>
        </div>
    </a>
    <div>
        <h4><a href="https://www.spesati.com/pane-su-guttiau-class-pet-1kg"><b>Pane Su Guttiau Class Pet 1kg</b></a></h4>
        <p class="description">su Guttiau croccanti Sfogliatine di Grano Gusto Classico Snack 1.000 g</p>
        <p class="right price"><b>10.46 €</b></p>
        <p class="right unitPrice">10.46 € per kg</p>
    </div>
    <div class="contButton">
    <a class="button bgRed white addToCart" href="#">Add</a>
</div>
</div><div class="left product prod22"
        data-name="Pane Carasau Eleonora 500 Gr"
        data-price="3.99"
        data-id="26340"
        data-available="yes"
        data-category="424"
        data-bestselling="">
    <a href="https://www.spesati.com/pane-carasau-eleonora-500-gr">
        <div style="background-image: url('https://cdn.spesati.com/images/products/000115817/panificio-eleonora-pane-carasau-500-g-01.png')">
            <div class="hover"></div>
            
            <div class="stickers"></div>
        </div>
    </a>
    <div>
        <h4><a href="https://www.spesati.com/pane-carasau-eleonora-500-gr"><b>Pane Carasau Eleonora 500 Gr</b></a></h4>
        <p class="description">Panificio Eleonora Pane Carasau 500 g</p>
        <p class="right price"><b>3.99 €</b></p>
        <p class="right unitPrice">7.98 € per kg</p>
    </div>
    <div class="contButton">
    <a class="button bgRed white addToCart" href="#">Add</a>
</div>
</div><div class="left product prod23"
        data-name="Pane Pistoccu Pan Dem Int 400g"
        data-price="2.95"
        data-id="26325"
        data-available="yes"
        data-category="424"
        data-bestselling="">
    <a href="https://www.spesati.com/pane-pistoccu-pan-dem-int-400g">
        <div style="background-image: url('https://cdn.spesati.com/images/products/000115698/panificio-demurtas-pistoccu-integrale-400-g-01.png')">
            <div class="hover"></div>
            
            <div class="stickers"><img class="left" src="http://cdn.spesati.com/images/layout/whole-grain.png" /></div>
        </div>
    </a>
    <div>
        <h4><a href="https://www.spesati.com/pane-pistoccu-pan-dem-int-400g"><b>Pane Pistoccu Pan Dem Int 400g</b></a></h4>
        <p class="description">Panificio Demurtas Pistoccu Integrale 400 g</p>
        <p class="right price"><b>2.95 €</b></p>
        <p class="right unitPrice">7.37 € per kg</p>
    </div>
    <div class="contButton">
    <a class="button bgRed white addToCart" href="#">Add</a>
</div>
</div><div class="left product prod24"
        data-name="Pane Carasau Santu Pedru 900Gr"
        data-price="6.80"
        data-id="5902"
        data-available="yes"
        data-category="424"
        data-bestselling="10">
    <a href="https://www.spesati.com/pane-carasau-santu-pedru-900gr">
        <div style="background-image: url('https://cdn.spesati.com/images/products/000115676/panificio-santu-predu-pane-carasau-900-g-01.png')">
            <div class="hover"></div>
            <p class="arrow bgRed white">Best Seller</p>
            <div class="stickers"></div>
        </div>
    </a>
    <div>
        <h4><a href="https://www.spesati.com/pane-carasau-santu-pedru-900gr"><b>Pane Carasau Santu Pedru 900Gr</b></a></h4>
        <p class="description">Panificio Santu Predu Pane Carasau 900 g</p>
        <p class="right price"><b>6.80 €</b></p>
        <p class="right unitPrice">7.55 € per kg</p>
    </div>
    <div class="contButton">
    <a class="button bgRed white addToCart" href="#">Add</a>
</div>
</div><div class="left product prod25"
        data-name="Pane Carasau Santu Predu 1800g"
        data-price="12.50"
        data-id="26322"
        data-available="yes"
        data-category="424"
        data-bestselling="1">
    <a href="https://www.spesati.com/pane-carasau-santu-predu-1800g">
        <div style="background-image: url('https://cdn.spesati.com/images/products/000115674/panificio-santu-predu-pane-carasau-1800-g-01.png')">
            <div class="hover"></div>
            <p class="arrow bgRed white">Best Seller</p>
            <div class="stickers"></div>
        </div>
    </a>
    <div>
        <h4><a href="https://www.spesati.com/pane-carasau-santu-predu-1800g"><b>Pane Carasau Santu Predu 1800g</b></a></h4>
        <p class="description">Panificio Santu Predu Pane Carasau 1800 g</p>
        <p class="right price"><b>12.50 €</b></p>
        <p class="right unitPrice">6.95 € per kg</p>
    </div>
    <div class="contButton">
    <a class="button bgRed white addToCart" href="#">Add</a>
</div>
</div><div class="left product prod26"
        data-name="Farser Guttiau Snack Classico"
        data-price="1.00"
        data-id="4283"
        data-available="yes"
        data-category="424"
        data-bestselling="3">
    <a href="https://www.spesati.com/farser-guttiau-snack-classico">
        <div style="background-image: url('https://cdn.spesati.com/images/products/000115670/guttiausnack-sfogliette-salate-classico-70-g-01.png')">
            <div class="hover"></div>
            <p class="arrow bgRed white">Best Seller</p>
            <div class="stickers"><img class="left" src="http://cdn.spesati.com/images/layout/sardinian.png" /></div>
        </div>
    </a>
    <div>
        <h4><a href="https://www.spesati.com/farser-guttiau-snack-classico"><b>Farser Guttiau Snack Classico</b></a></h4>
        <p class="description">GuttiauSnack Sfogliette Salate Classico 70 g</p>
        <p class="right price"><b>1.00 €</b></p>
        <p class="right unitPrice">1.43 € per kg</p>
    </div>
    <div class="contButton">
    <a class="button bgRed white addToCart" href="#">Add</a>
</div>
</div><div class="left product prod27"
        data-name="Pane Pistoccu Pan Dem 800gr"
        data-price="5.29"
        data-id="26282"
        data-available="yes"
        data-category="424"
        data-bestselling="1">
    <a href="https://www.spesati.com/pane-pistoccu-pan-dem-800gr">
        <div style="background-image: url('https://cdn.spesati.com/images/products/000115436/panificio-demurtas-pistoccu-800-g-01.png')">
            <div class="hover"></div>
            <p class="arrow bgRed white">Best Seller</p>
            <div class="stickers"></div>
        </div>
    </a>
    <div>
        <h4><a href="https://www.spesati.com/pane-pistoccu-pan-dem-800gr"><b>Pane Pistoccu Pan Dem 800gr</b></a></h4>
        <p class="description">Panificio Demurtas Pistoccu 800 g</p>
        <p class="right price"><b>5.29 €</b></p>
        <p class="right unitPrice">6.61 € per kg</p>
    </div>
    <div class="contButton">
    <a class="button bgRed white addToCart" href="#">Add</a>
</div>
</div><div class="left product prod28"
        data-name="Pane Pistoccu Pan Dem Int 800g"
        data-price="5.29"
        data-id="26281"
        data-available="yes"
        data-category="424"
        data-bestselling="">
    <a href="https://www.spesati.com/pane-pistoccu-pan-dem-int-800g">
        <div style="background-image: url('https://cdn.spesati.com/images/products/000115435/panificio-demurtas-pistoccu-integrale-800-g-01.png')">
            <div class="hover"></div>
            
            <div class="stickers"></div>
        </div>
    </a>
    <div>
        <h4><a href="https://www.spesati.com/pane-pistoccu-pan-dem-int-800g"><b>Pane Pistoccu Pan Dem Int 800g</b></a></h4>
        <p class="description">Panificio Demurtas Pistoccu Integrale 800 g</p>
        <p class="right price"><b>5.29 €</b></p>
        <p class="right unitPrice">6.61 € per kg</p>
    </div>
    <div class="contButton">
    <a class="button bgRed white addToCart" href="#">Add</a>
</div>
</div><div class="left product prod29"
        data-name="Snack Guttiau Farser Pizza 70g"
        data-price="1.00"
        data-id="26111"
        data-available="yes"
        data-category="424"
        data-bestselling="">
    <a href="https://www.spesati.com/snack-guttiau-farser-pizza-70g">
        <div style="background-image: url('https://cdn.spesati.com/images/products/000114686/guttiausnack-sfogliette-salate-pizza-70-g-01.png')">
            <div class="hover"></div>
            
            <div class="stickers"></div>
        </div>
    </a>
    <div>
        <h4><a href="https://www.spesati.com/snack-guttiau-farser-pizza-70g"><b>Snack Guttiau Farser Pizza 70g</b></a></h4>
        <p class="description">GuttiauSnack Sfogliette Salate Pizza 70 g</p>
        <p class="right price"><b>1.00 €</b></p>
        <p class="right unitPrice">14.26 € per kg</p>
    </div>
    <div class="contButton">
    <a class="button bgRed white addToCart" href="#">Add</a>
</div>
</div><div class="left product prod30"
        data-name="Farser Guttiau Snack Rosmarino 70 Gr"
        data-price="1.18"
        data-id="4446"
        data-available="yes"
        data-category="424"
        data-bestselling="">
    <a href="https://www.spesati.com/farser-guttiau-snack-rosmarino-70-gr">
        <div style="background-image: url('https://cdn.spesati.com/images/products/000114681/guttiausnack-sfogliette-salate-rosmarino-70-g-01.png')">
            <div class="hover"></div>
            
            <div class="stickers"><img class="left" src="http://cdn.spesati.com/images/layout/sardinian.png" /></div>
        </div>
    </a>
    <div>
        <h4><a href="https://www.spesati.com/farser-guttiau-snack-rosmarino-70-gr"><b>Farser Guttiau Snack Rosmarino 70 Gr</b></a></h4>
        <p class="description">GuttiauSnack Sfogliette Salate Rosmarino 70 g</p>
        <p class="right price"><b>1.18 €</b></p>
        <p class="right unitPrice">16.88 € per kg</p>
    </div>
    <div class="contButton">
    <a class="button bgRed white addToCart" href="#">Add</a>
</div>
</div><div class="left product prod31"
        data-name="Pane Bistoccu Fancellu 250gr"
        data-price="2.45"
        data-id="25969"
        data-available="yes"
        data-category="424"
        data-bestselling="">
    <a href="https://www.spesati.com/pane-bistoccu-fancellu-250gr">
        <div style="background-image: url('https://cdn.spesati.com/images/products/000112519/fancellu-bistoccu-di-montresta-classico-250-g-01.png')">
            <div class="hover"></div>
            
            <div class="stickers"></div>
        </div>
    </a>
    <div>
        <h4><a href="https://www.spesati.com/pane-bistoccu-fancellu-250gr"><b>Pane Bistoccu Fancellu 250gr</b></a></h4>
        <p class="description">Fancellu Bistoccu di Montresta Classico 250 g</p>
        <p class="right price"><b>2.45 €</b></p>
        <p class="right unitPrice">9.80 € per kg</p>
    </div>
    <div class="contButton">
    <a class="button bgRed white addToCart" href="#">Add</a>
</div>
</div><div class="left product prod32"
        data-name="Fregola Media Casa D Gran Int"
        data-price="2.89"
        data-id="73867"
        data-available="yes"
        data-category="434"
        data-bestselling="">
    <a href="https://www.spesati.com/fregola-media-casa-d-gran-int">
        <div style="background-image: url('https://cdn.spesati.com/images/products/000101326/la-casa-del-grano-le-integrali-della-casa-sa-fregula-sarda-media-500-g-01.png')">
            <div class="hover"></div>
            
            <div class="stickers"><img class="left" src="http://cdn.spesati.com/images/layout/whole-grain.png" /><img class="left" src="http://cdn.spesati.com/images/layout/sardinian.png" /></div>
        </div>
    </a>
    <div>
        <h4><a href="https://www.spesati.com/fregola-media-casa-d-gran-int"><b>Fregola Media Casa D Gran Int</b></a></h4>
        <p class="description">La Casa del Grano Le Integrali della Casa Sa Fregula Sarda Media 500 g</p>
        <p class="right price"><b>2.89 €</b></p>
        <p class="right unitPrice">5.78 € per kg</p>
    </div>
    <div class="contButton">
    <a class="button bgRed white addToCart" href="#">Add</a>
</div>
</div><div class="left product prod33"
        data-name="Casa Grano Malloreddus 4 Sapori 500Gr"
        data-price="2.99"
        data-id="6047"
        data-available="yes"
        data-category="434"
        data-bestselling="1">
    <a href="https://www.spesati.com/casa-grano-malloreddus-4-sapori-500gr">
        <div style="background-image: url('https://cdn.spesati.com/images/products/000101276/la-casa-del-grano-le-specialita-is-malloreddus-4-sapori-fini-500-g-01.png')">
            <div class="hover"></div>
            <p class="arrow bgRed white">Best Seller</p>
            <div class="stickers"><img class="left" src="http://cdn.spesati.com/images/layout/sardinian.png" /></div>
        </div>
    </a>
    <div>
        <h4><a href="https://www.spesati.com/casa-grano-malloreddus-4-sapori-500gr"><b>Casa Grano Malloreddus 4 Sapori 500Gr</b></a></h4>
        <p class="description">La Casa del Grano Le Specialità Is Malloreddus 4 Sapori Fini 500 g</p>
        <p class="right price"><b>2.99 €</b></p>
        <p class="right unitPrice">5.98 € per kg</p>
    </div>
    <div class="contButton">
    <a class="button bgRed white addToCart" href="#">Add</a>
</div>
</div><div class="left product prod34"
        data-name="Casa Grano Malloreddus Fini"
        data-price="2.49"
        data-id="2441"
        data-available="yes"
        data-category="434"
        data-bestselling="">
    <a href="https://www.spesati.com/casa-grano-malloreddus-fini">
        <div style="background-image: url('https://cdn.spesati.com/images/products/000101274/la-casa-del-grano-le-tradizionali-is-malloreddus-fini-500-g-01.png')">
            <div class="hover"></div>
            
            <div class="stickers"><img class="left" src="http://cdn.spesati.com/images/layout/sardinian.png" /></div>
        </div>
    </a>
    <div>
        <h4><a href="https://www.spesati.com/casa-grano-malloreddus-fini"><b>Casa Grano Malloreddus Fini</b></a></h4>
        <p class="description">La Casa del Grano Le Tradizionali Is Malloreddus Fini 500 g</p>
        <p class="right price"><b>2.49 €</b></p>
        <p class="right unitPrice">4.98 € per kg</p>
    </div>
    <div class="contButton">
    <a class="button bgRed white addToCart" href="#">Add</a>
</div>
</div><div class="left product prod35"
        data-name="Casa Grano Malloreddus Medi"
        data-price="2.49"
        data-id="4128"
        data-available="yes"
        data-category="434"
        data-bestselling="1">
    <a href="https://www.spesati.com/casa-grano-malloreddus-medi">
        <div style="background-image: url('https://cdn.spesati.com/images/products/000101273/la-casa-del-grano-le-tradizionali-is-malloreddus-medi-500-g-01.png')">
            <div class="hover"></div>
            <p class="arrow bgRed white">Best Seller</p>
            <div class="stickers"><img class="left" src="http://cdn.spesati.com/images/layout/sardinian.png" /></div>
        </div>
    </a>
    <div>
        <h4><a href="https://www.spesati.com/casa-grano-malloreddus-medi"><b>Casa Grano Malloreddus Medi</b></a></h4>
        <p class="description">La Casa del Grano Le Tradizionali Is Malloreddus Medi 500 g</p>
        <p class="right price"><b>2.49 €</b></p>
        <p class="right unitPrice">4.98 € per kg</p>
    </div>
    <div class="contButton">
    <a class="button bgRed white addToCart" href="#">Add</a>
</div>
</div><div class="left product prod36"
        data-name="Mallored Zaff Medi La Casa Del"
        data-price="3.45"
        data-id="24378"
        data-available="yes"
        data-category="434"
        data-bestselling="1">
    <a href="https://www.spesati.com/mallored-zaff-medi-la-casa-del">
        <div style="background-image: url('https://cdn.spesati.com/images/products/000101272/la-casa-del-grano-le-specialita-is-malloreddus-medi-500-g-01.png')">
            <div class="hover"></div>
            <p class="arrow bgRed white">Best Seller</p>
            <div class="stickers"><img class="left" src="http://cdn.spesati.com/images/layout/sardinian.png" /></div>
        </div>
    </a>
    <div>
        <h4><a href="https://www.spesati.com/mallored-zaff-medi-la-casa-del"><b>Mallored Zaff Medi La Casa Del</b></a></h4>
        <p class="description">La Casa del Grano Le Specialità Is Malloreddus Medi 500 g</p>
        <p class="right price"><b>3.45 €</b></p>
        <p class="right unitPrice">6.90 € per kg</p>
    </div>
    <div class="contButton">
    <a class="button bgRed white addToCart" href="#">Add</a>
</div>
</div><div class="left product prod37"
        data-name="Casa Grano Maccarrones De Busa"
        data-price="2.35"
        data-id="2440"
        data-available="yes"
        data-category="434"
        data-bestselling="1">
    <a href="https://www.spesati.com/casa-grano-maccarrones-de-busa">
        <div style="background-image: url('https://cdn.spesati.com/images/products/000101250/la-casa-del-grano-le-tradizionali-is-maccarronis-de-busa-500-g-01.png')">
            <div class="hover"></div>
            <p class="arrow bgRed white">Best Seller</p>
            <div class="stickers"><img class="left" src="http://cdn.spesati.com/images/layout/sardinian.png" /></div>
        </div>
    </a>
    <div>
        <h4><a href="https://www.spesati.com/casa-grano-maccarrones-de-busa"><b>Casa Grano Maccarrones De Busa</b></a></h4>
        <p class="description">La Casa del Grano Le Tradizionali Is Maccarronis de Busa 500 g</p>
        <p class="right price"><b>2.35 €</b></p>
        <p class="right unitPrice">4.70 € per kg</p>
    </div>
    <div class="contButton">
    <a class="button bgRed white addToCart" href="#">Add</a>
</div>
</div><div class="left product prod38"
        data-name="Fregola Grande Casa Del Grano 500Gr"
        data-price="2.69"
        data-id="6447"
        data-available="yes"
        data-category="434"
        data-bestselling="">
    <a href="https://www.spesati.com/fregola-grande-casa-del-grano-500gr">
        <div style="background-image: url('https://cdn.spesati.com/images/products/000101244/la-casa-del-grano-le-tradizionali-sa-fregula-sarda-grande-500-g-01.png')">
            <div class="hover"></div>
            
            <div class="stickers"><img class="left" src="http://cdn.spesati.com/images/layout/sardinian.png" /></div>
        </div>
    </a>
    <div>
        <h4><a href="https://www.spesati.com/fregola-grande-casa-del-grano-500gr"><b>Fregola Grande Casa Del Grano 500Gr</b></a></h4>
        <p class="description">La Casa del Grano Le Tradizionali Sa Fregula Sarda Grande 500 g</p>
        <p class="right price"><b>2.69 €</b></p>
        <p class="right unitPrice">5.38 € per kg</p>
    </div>
    <div class="contButton">
    <a class="button bgRed white addToCart" href="#">Add</a>
</div>
</div><div class="left product prod39"
        data-name="Fregola Piccola Casa Del Grano 500Gr"
        data-price="2.69"
        data-id="6445"
        data-available="yes"
        data-category="434"
        data-bestselling="">
    <a href="https://www.spesati.com/fregola-piccola-casa-del-grano-500gr">
        <div style="background-image: url('https://cdn.spesati.com/images/products/000101242/la-casa-del-grano-le-tradizionali-sa-fregula-sarda-piccola-500-g-01.png')">
            <div class="hover"></div>
            
            <div class="stickers"><img class="left" src="http://cdn.spesati.com/images/layout/sardinian.png" /></div>
        </div>
    </a>
    <div>
        <h4><a href="https://www.spesati.com/fregola-piccola-casa-del-grano-500gr"><b>Fregola Piccola Casa Del Grano 500Gr</b></a></h4>
        <p class="description">La Casa del Grano Le Tradizionali Sa Fregula Sarda Piccola 500 g</p>
        <p class="right price"><b>2.69 €</b></p>
        <p class="right unitPrice">5.38 € per kg</p>
    </div>
    <div class="contButton">
    <a class="button bgRed white addToCart" href="#">Add</a>
</div>
</div><div class="left product prod40"
        data-name="Fregola Media Casa Del Grano 500Gr"
        data-price="2.69"
        data-id="6446"
        data-available="yes"
        data-category="434"
        data-bestselling="">
    <a href="https://www.spesati.com/fregola-media-casa-del-grano-500gr">
        <div style="background-image: url('https://cdn.spesati.com/images/products/000101240/la-casa-del-grano-le-tradizionali-sa-fregula-sarda-media-500-g-01.png')">
            <div class="hover"></div>
            
            <div class="stickers"><img class="left" src="http://cdn.spesati.com/images/layout/sardinian.png" /></div>
        </div>
    </a>
    <div>
        <h4><a href="https://www.spesati.com/fregola-media-casa-del-grano-500gr"><b>Fregola Media Casa Del Grano 500Gr</b></a></h4>
        <p class="description">La Casa del Grano Le Tradizionali Sa Fregula Sarda Media 500 g</p>
        <p class="right price"><b>2.69 €</b></p>
        <p class="right unitPrice">5.38 € per kg</p>
    </div>
    <div class="contButton">
    <a class="button bgRed white addToCart" href="#">Add</a>
</div>
</div><div class="left product prod41"
        data-name="Pasta Sini Gnocchetti N4 500Gr"
        data-price="1.55"
        data-id="22726"
        data-available="yes"
        data-category="434"
        data-bestselling="">
    <a href="https://www.spesati.com/pasta-sini-gnocchetti-n4-500gr">
        <div style="background-image: url('https://cdn.spesati.com/images/products/missing-image/missing-image.jpg')">
            <div class="hover"></div>
            
            <div class="stickers"><img class="left" src="http://cdn.spesati.com/images/layout/sardinian.png" /></div>
        </div>
    </a>
    <div>
        <h4><a href="https://www.spesati.com/pasta-sini-gnocchetti-n4-500gr"><b>Pasta Sini Gnocchetti N4 500Gr</b></a></h4>
        <p class="description">0.5 Kg</p>
        <p class="right price"><b>1.55 €</b></p>
        <p class="right unitPrice">3.10 € per kg</p>
    </div>
    <div class="contButton">
    <a class="button bgRed white addToCart" href="#">Add</a>
</div>
</div><div class="left product prod42"
        data-name="Pasta Sini Gnocchetti N1 500gr"
        data-price="1.55"
        data-id="24380"
        data-available="yes"
        data-category="434"
        data-bestselling="">
    <a href="https://www.spesati.com/pasta-sini-gnocchetti-n1-500gr">
        <div style="background-image: url('https://cdn.spesati.com/images/products/missing-image/missing-image.jpg')">
            <div class="hover"></div>
            
            <div class="stickers"><img class="left" src="http://cdn.spesati.com/images/layout/sardinian.png" /></div>
        </div>
    </a>
    <div>
        <h4><a href="https://www.spesati.com/pasta-sini-gnocchetti-n1-500gr"><b>Pasta Sini Gnocchetti N1 500gr</b></a></h4>
        <p class="description">0.5 Kg</p>
        <p class="right price"><b>1.55 €</b></p>
        <p class="right unitPrice">3.10 € per kg</p>
    </div>
    <div class="contButton">
    <a class="button bgRed white addToCart" href="#">Add</a>
</div>
</div><div class="left product prod43"
        data-name="Fregola Media Corona 500 G"
        data-price="3.49"
        data-id="24382"
        data-available="yes"
        data-category="434"
        data-bestselling="">
    <a href="https://www.spesati.com/fregola-media-corona-500-g">
        <div style="background-image: url('https://cdn.spesati.com/images/products/missing-image/missing-image.jpg')">
            <div class="hover"></div>
            
            <div class="stickers"><img class="left" src="http://cdn.spesati.com/images/layout/sardinian.png" /></div>
        </div>
    </a>
    <div>
        <h4><a href="https://www.spesati.com/fregola-media-corona-500-g"><b>Fregola Media Corona 500 G</b></a></h4>
        <p class="description">0.5 Kg</p>
        <p class="right price"><b>3.49 €</b></p>
        <p class="right unitPrice">6.98 € per kg</p>
    </div>
    <div class="contButton">
    <a class="button bgRed white addToCart" href="#">Add</a>
</div>
</div><div class="left product prod44"
        data-name="Fregola Media Corona 1 Kg"
        data-price="6.03"
        data-id="24383"
        data-available="yes"
        data-category="434"
        data-bestselling="">
    <a href="https://www.spesati.com/fregola-media-corona-1-kg">
        <div style="background-image: url('https://cdn.spesati.com/images/products/missing-image/missing-image.jpg')">
            <div class="hover"></div>
            
            <div class="stickers"><img class="left" src="http://cdn.spesati.com/images/layout/sardinian.png" /></div>
        </div>
    </a>
    <div>
        <h4><a href="https://www.spesati.com/fregola-media-corona-1-kg"><b>Fregola Media Corona 1 Kg</b></a></h4>
        <p class="description">1 Kg</p>
        <p class="right price"><b>6.03 €</b></p>
        <p class="right unitPrice">6.03 € per kg</p>
    </div>
    <div class="contButton">
    <a class="button bgRed white addToCart" href="#">Add</a>
</div>
</div><div class="left product prod45"
        data-name="Fregola N Seppia Corona 500gr"
        data-price="4.36"
        data-id="24385"
        data-available="yes"
        data-category="434"
        data-bestselling="">
    <a href="https://www.spesati.com/fregola-n-seppia-corona-500gr">
        <div style="background-image: url('https://cdn.spesati.com/images/products/missing-image/missing-image.jpg')">
            <div class="hover"></div>
            
            <div class="stickers"><img class="left" src="http://cdn.spesati.com/images/layout/sardinian.png" /></div>
        </div>
    </a>
    <div>
        <h4><a href="https://www.spesati.com/fregola-n-seppia-corona-500gr"><b>Fregola N Seppia Corona 500gr</b></a></h4>
        <p class="description">0.5 Kg</p>
        <p class="right price"><b>4.36 €</b></p>
        <p class="right unitPrice">8.72 € per kg</p>
    </div>
    <div class="contButton">
    <a class="button bgRed white addToCart" href="#">Add</a>
</div>
</div><div class="left product prod46"
        data-name="Fregola Fine Cagliaritan 500gr"
        data-price="2.52"
        data-id="27796"
        data-available="yes"
        data-category="434"
        data-bestselling="">
    <a href="https://www.spesati.com/fregola-fine-cagliaritan-500gr">
        <div style="background-image: url('https://cdn.spesati.com/images/products/missing-image/missing-image.jpg')">
            <div class="hover"></div>
            
            <div class="stickers"><img class="left" src="http://cdn.spesati.com/images/layout/sardinian.png" /></div>
        </div>
    </a>
    <div>
        <h4><a href="https://www.spesati.com/fregola-fine-cagliaritan-500gr"><b>Fregola Fine Cagliaritan 500gr</b></a></h4>
        <p class="description">0.5 Kg</p>
        <p class="right price"><b>2.52 €</b></p>
        <p class="right unitPrice">5.03 € per kg</p>
    </div>
    <div class="contButton">
    <a class="button bgRed white addToCart" href="#">Add</a>
</div>
</div><div class="left product prod47"
        data-name="Pane guttiau madrigali senza glutine 150 gr"
        data-price="4.59"
        data-id="5325"
        data-available="yes"
        data-category="424"
        data-bestselling="">
    <a href="https://www.spesati.com/pane-guttiau-madrigali-senza-glutine-150-gr">
        <div style="background-image: url('https://cdn.spesati.com/images/products/missing-image/missing-image.jpg')">
            <div class="hover"></div>
            
            <div class="stickers"><img class="left" src="http://cdn.spesati.com/images/layout/gluten-free.png" /><img class="left" src="http://cdn.spesati.com/images/layout/sardinian.png" /></div>
        </div>
    </a>
    <div>
        <h4><a href="https://www.spesati.com/pane-guttiau-madrigali-senza-glutine-150-gr"><b>Pane guttiau madrigali senza glutine 150 gr</b></a></h4>
        <p class="description">0.15 Kg</p>
        <p class="right price"><b>4.59 €</b></p>
        <p class="right unitPrice">30.60 € per kg</p>
    </div>
    <div class="contButton">
    <a class="button bgRed white addToCart" href="#">Add</a>
</div>
</div><div class="left product prod48"
        data-name="Fregola Gros Cagliaritan 500gr"
        data-price="2.52"
        data-id="27797"
        data-available="yes"
        data-category="434"
        data-bestselling="">
    <a href="https://www.spesati.com/fregola-gros-cagliaritan-500gr">
        <div style="background-image: url('https://cdn.spesati.com/images/products/missing-image/missing-image.jpg')">
            <div class="hover"></div>
            
            <div class="stickers"><img class="left" src="http://cdn.spesati.com/images/layout/sardinian.png" /></div>
        </div>
    </a>
    <div>
        <h4><a href="https://www.spesati.com/fregola-gros-cagliaritan-500gr"><b>Fregola Gros Cagliaritan 500gr</b></a></h4>
        <p class="description">0.5 Kg</p>
        <p class="right price"><b>2.52 €</b></p>
        <p class="right unitPrice">5.03 € per kg</p>
    </div>
    <div class="contButton">
    <a class="button bgRed white addToCart" href="#">Add</a>
</div>
</div><div class="left product prod49"
        data-name="Fregola Medi Cagliaritan 500gr"
        data-price="2.52"
        data-id="27798"
        data-available="yes"
        data-category="434"
        data-bestselling="">
    <a href="https://www.spesati.com/fregola-medi-cagliaritan-500gr">
        <div style="background-image: url('https://cdn.spesati.com/images/products/missing-image/missing-image.jpg')">
            <div class="hover"></div>
            
            <div class="stickers"><img class="left" src="http://cdn.spesati.com/images/layout/sardinian.png" /></div>
        </div>
    </a>
    <div>
        <h4><a href="https://www.spesati.com/fregola-medi-cagliaritan-500gr"><b>Fregola Medi Cagliaritan 500gr</b></a></h4>
        <p class="description">0.5 Kg</p>
        <p class="right price"><b>2.52 €</b></p>
        <p class="right unitPrice">5.03 € per kg</p>
    </div>
    <div class="contButton">
    <a class="button bgRed white addToCart" href="#">Add</a>
</div>
</div><div class="left product prod50"
        data-name="Mallored Tradiz Cagliari 500gr"
        data-price="2.21"
        data-id="27799"
        data-available="yes"
        data-category="434"
        data-bestselling="">
    <a href="https://www.spesati.com/mallored-tradiz-cagliari-500gr">
        <div style="background-image: url('https://cdn.spesati.com/images/products/missing-image/missing-image.jpg')">
            <div class="hover"></div>
            
            <div class="stickers"><img class="left" src="http://cdn.spesati.com/images/layout/sardinian.png" /></div>
        </div>
    </a>
    <div>
        <h4><a href="https://www.spesati.com/mallored-tradiz-cagliari-500gr"><b>Mallored Tradiz Cagliari 500gr</b></a></h4>
        <p class="description">0.5 Kg</p>
        <p class="right price"><b>2.21 €</b></p>
        <p class="right unitPrice">4.42 € per kg</p>
    </div>
    <div class="contButton">
    <a class="button bgRed white addToCart" href="#">Add</a>
</div>
</div><div class="left product prod51"
        data-name="Mallored Primav Cagliari 500gr"
        data-price="2.59"
        data-id="27800"
        data-available="yes"
        data-category="434"
        data-bestselling="">
    <a href="https://www.spesati.com/mallored-primav-cagliari-500gr">
        <div style="background-image: url('https://cdn.spesati.com/images/products/missing-image/missing-image.jpg')">
            <div class="hover"></div>
            
            <div class="stickers"><img class="left" src="http://cdn.spesati.com/images/layout/sardinian.png" /></div>
        </div>
    </a>
    <div>
        <h4><a href="https://www.spesati.com/mallored-primav-cagliari-500gr"><b>Mallored Primav Cagliari 500gr</b></a></h4>
        <p class="description">0.5 Kg</p>
        <p class="right price"><b>2.59 €</b></p>
        <p class="right unitPrice">5.19 € per kg</p>
    </div>
    <div class="contButton">
    <a class="button bgRed white addToCart" href="#">Add</a>
</div>
</div><div class="left product prod52"
        data-name="Pasta C Isola Linguine N7 500g"
        data-price="1.49"
        data-id="32593"
        data-available="yes"
        data-category="434"
        data-bestselling="">
    <a href="https://www.spesati.com/pasta-c-isola-linguine-n7-500g">
        <div style="background-image: url('https://cdn.spesati.com/images/products/missing-image/missing-image.jpg')">
            <div class="hover"></div>
            
            <div class="stickers"><img class="left" src="http://cdn.spesati.com/images/layout/sardinian.png" /></div>
        </div>
    </a>
    <div>
        <h4><a href="https://www.spesati.com/pasta-c-isola-linguine-n7-500g"><b>Pasta C Isola Linguine N7 500g</b></a></h4>
        <p class="description">0.5 Kg</p>
        <p class="right price"><b>1.49 €</b></p>
        <p class="right unitPrice">2.98 € per kg</p>
    </div>
    <div class="contButton">
    <a class="button bgRed white addToCart" href="#">Add</a>
</div>
</div><div class="left product prod53"
        data-name="Pasta C Isola Mez Pen N26 500g"
        data-price="1.49"
        data-id="32594"
        data-available="yes"
        data-category="434"
        data-bestselling="">
    <a href="https://www.spesati.com/pasta-c-isola-mez-pen-n26-500g">
        <div style="background-image: url('https://cdn.spesati.com/images/products/missing-image/missing-image.jpg')">
            <div class="hover"></div>
            
            <div class="stickers"><img class="left" src="http://cdn.spesati.com/images/layout/sardinian.png" /></div>
        </div>
    </a>
    <div>
        <h4><a href="https://www.spesati.com/pasta-c-isola-mez-pen-n26-500g"><b>Pasta C Isola Mez Pen N26 500g</b></a></h4>
        <p class="description">0.5 Kg</p>
        <p class="right price"><b>1.49 €</b></p>
        <p class="right unitPrice">2.98 € per kg</p>
    </div>
    <div class="contButton">
    <a class="button bgRed white addToCart" href="#">Add</a>
</div>
</div><div class="left product prod54"
        data-name="Pasta C Isola Eliche N22 500g"
        data-price="1.49"
        data-id="32595"
        data-available="yes"
        data-category="434"
        data-bestselling="">
    <a href="https://www.spesati.com/pasta-c-isola-eliche-n22-500g">
        <div style="background-image: url('https://cdn.spesati.com/images/products/missing-image/missing-image.jpg')">
            <div class="hover"></div>
            
            <div class="stickers"><img class="left" src="http://cdn.spesati.com/images/layout/sardinian.png" /></div>
        </div>
    </a>
    <div>
        <h4><a href="https://www.spesati.com/pasta-c-isola-eliche-n22-500g"><b>Pasta C Isola Eliche N22 500g</b></a></h4>
        <p class="description">0.5 Kg</p>
        <p class="right price"><b>1.49 €</b></p>
        <p class="right unitPrice">2.98 € per kg</p>
    </div>
    <div class="contButton">
    <a class="button bgRed white addToCart" href="#">Add</a>
</div>
</div><div class="left product prod55"
        data-name="Pasta C Isola Sedani N34 500g"
        data-price="1.49"
        data-id="32596"
        data-available="yes"
        data-category="434"
        data-bestselling="">
    <a href="https://www.spesati.com/pasta-c-isola-sedani-n34-500g">
        <div style="background-image: url('https://cdn.spesati.com/images/products/missing-image/missing-image.jpg')">
            <div class="hover"></div>
            
            <div class="stickers"><img class="left" src="http://cdn.spesati.com/images/layout/sardinian.png" /></div>
        </div>
    </a>
    <div>
        <h4><a href="https://www.spesati.com/pasta-c-isola-sedani-n34-500g"><b>Pasta C Isola Sedani N34 500g</b></a></h4>
        <p class="description">0.5 Kg</p>
        <p class="right price"><b>1.49 €</b></p>
        <p class="right unitPrice">2.98 € per kg</p>
    </div>
    <div class="contButton">
    <a class="button bgRed white addToCart" href="#">Add</a>
</div>
</div><div class="left product prod56"
        data-name="Pasta C Isola Spaghetti N3 500"
        data-price="1.49"
        data-id="32597"
        data-available="yes"
        data-category="434"
        data-bestselling="1">
    <a href="https://www.spesati.com/pasta-c-isola-spaghetti-n3-500">
        <div style="background-image: url('https://cdn.spesati.com/images/products/missing-image/missing-image.jpg')">
            <div class="hover"></div>
            <p class="arrow bgRed white">Best Seller</p>
            <div class="stickers"><img class="left" src="http://cdn.spesati.com/images/layout/sardinian.png" /></div>
        </div>
    </a>
    <div>
        <h4><a href="https://www.spesati.com/pasta-c-isola-spaghetti-n3-500"><b>Pasta C Isola Spaghetti N3 500</b></a></h4>
        <p class="description">0.5 Kg</p>
        <p class="right price"><b>1.49 €</b></p>
        <p class="right unitPrice">2.98 € per kg</p>
    </div>
    <div class="contButton">
    <a class="button bgRed white addToCart" href="#">Add</a>
</div>
</div><div class="left product prod57"
        data-name="Pasta C Isola Spaghetti N5 500"
        data-price="1.49"
        data-id="32598"
        data-available="yes"
        data-category="434"
        data-bestselling="">
    <a href="https://www.spesati.com/pasta-c-isola-spaghetti-n5-500">
        <div style="background-image: url('https://cdn.spesati.com/images/products/missing-image/missing-image.jpg')">
            <div class="hover"></div>
            
            <div class="stickers"><img class="left" src="http://cdn.spesati.com/images/layout/sardinian.png" /></div>
        </div>
    </a>
    <div>
        <h4><a href="https://www.spesati.com/pasta-c-isola-spaghetti-n5-500"><b>Pasta C Isola Spaghetti N5 500</b></a></h4>
        <p class="description">0.5 Kg</p>
        <p class="right price"><b>1.49 €</b></p>
        <p class="right unitPrice">2.98 € per kg</p>
    </div>
    <div class="contButton">
    <a class="button bgRed white addToCart" href="#">Add</a>
</div>
</div><div class="left product prod58"
        data-name="Pasta C Isola Tortigl N21 500g"
        data-price="1.49"
        data-id="32599"
        data-available="yes"
        data-category="434"
        data-bestselling="">
    <a href="https://www.spesati.com/pasta-c-isola-tortigl-n21-500g">
        <div style="background-image: url('https://cdn.spesati.com/images/products/missing-image/missing-image.jpg')">
            <div class="hover"></div>
            
            <div class="stickers"><img class="left" src="http://cdn.spesati.com/images/layout/sardinian.png" /></div>
        </div>
    </a>
    <div>
        <h4><a href="https://www.spesati.com/pasta-c-isola-tortigl-n21-500g"><b>Pasta C Isola Tortigl N21 500g</b></a></h4>
        <p class="description">0.5 Kg</p>
        <p class="right price"><b>1.49 €</b></p>
        <p class="right unitPrice">2.98 € per kg</p>
    </div>
    <div class="contButton">
    <a class="button bgRed white addToCart" href="#">Add</a>
</div>
</div><div class="left product prod59"
        data-name="Pasta C Isola Cocciol N50 500g"
        data-price="1.49"
        data-id="32600"
        data-available="yes"
        data-category="434"
        data-bestselling="">
    <a href="https://www.spesati.com/pasta-c-isola-cocciol-n50-500g">
        <div style="background-image: url('https://cdn.spesati.com/images/products/missing-image/missing-image.jpg')">
            <div class="hover"></div>
            
            <div class="stickers"><img class="left" src="http://cdn.spesati.com/images/layout/sardinian.png" /></div>
        </div>
    </a>
    <div>
        <h4><a href="https://www.spesati.com/pasta-c-isola-cocciol-n50-500g"><b>Pasta C Isola Cocciol N50 500g</b></a></h4>
        <p class="description">0.5 Kg</p>
        <p class="right price"><b>1.49 €</b></p>
        <p class="right unitPrice">2.98 € per kg</p>
    </div>
    <div class="contButton">
    <a class="button bgRed white addToCart" href="#">Add</a>
</div>
</div><div class="left product prod60"
        data-name="Pasta Truffias C Isola 500gr"
        data-price="2.65"
        data-id="32621"
        data-available="yes"
        data-category="434"
        data-bestselling="">
    <a href="https://www.spesati.com/pasta-truffias-c-isola-500gr">
        <div style="background-image: url('https://cdn.spesati.com/images/products/missing-image/missing-image.jpg')">
            <div class="hover"></div>
            
            <div class="stickers"><img class="left" src="http://cdn.spesati.com/images/layout/sardinian.png" /></div>
        </div>
    </a>
    <div>
        <h4><a href="https://www.spesati.com/pasta-truffias-c-isola-500gr"><b>Pasta Truffias C Isola 500gr</b></a></h4>
        <p class="description">0.5 Kg</p>
        <p class="right price"><b>2.65 €</b></p>
        <p class="right unitPrice">5.30 € per kg</p>
    </div>
    <div class="contButton">
    <a class="button bgRed white addToCart" href="#">Add</a>
</div>
</div><div class="left product prod61"
        data-name="Spagh Tanda Spad Nero Sep 500g"
        data-price="5.05"
        data-id="60342"
        data-available="yes"
        data-category="434"
        data-bestselling="">
    <a href="https://www.spesati.com/spagh-tanda-spad-nero-sep-500g">
        <div style="background-image: url('https://cdn.spesati.com/images/products/missing-image/missing-image.jpg')">
            <div class="hover"></div>
            
            <div class="stickers"><img class="left" src="http://cdn.spesati.com/images/layout/sardinian.png" /></div>
        </div>
    </a>
    <div>
        <h4><a href="https://www.spesati.com/spagh-tanda-spad-nero-sep-500g"><b>Spagh Tanda Spad Nero Sep 500g</b></a></h4>
        <p class="description">0.5 Kg</p>
        <p class="right price"><b>5.05 €</b></p>
        <p class="right unitPrice">10.10 € per kg</p>
    </div>
    <div class="contButton">
    <a class="button bgRed white addToCart" href="#">Add</a>
</div>
</div><div class="left product prod62"
        data-name="Paccheri Tanda Spada Semol 500"
        data-price="3.75"
        data-id="60345"
        data-available="yes"
        data-category="434"
        data-bestselling="">
    <a href="https://www.spesati.com/paccheri-tanda-spada-semol-500">
        <div style="background-image: url('https://cdn.spesati.com/images/products/missing-image/missing-image.jpg')">
            <div class="hover"></div>
            
            <div class="stickers"><img class="left" src="http://cdn.spesati.com/images/layout/sardinian.png" /></div>
        </div>
    </a>
    <div>
        <h4><a href="https://www.spesati.com/paccheri-tanda-spada-semol-500"><b>Paccheri Tanda Spada Semol 500</b></a></h4>
        <p class="description">0.5 Kg</p>
        <p class="right price"><b>3.75 €</b></p>
        <p class="right unitPrice">7.50 € per kg</p>
    </div>
    <div class="contButton">
    <a class="button bgRed white addToCart" href="#">Add</a>
</div>
</div><div class="left product prod63"
        data-name="Pane Su Guttiau Clas Pet 500gr"
        data-price="6.67"
        data-id="26581"
        data-available="yes"
        data-category="424"
        data-bestselling="">
    <a href="https://www.spesati.com/pane-su-guttiau-clas-pet-500gr">
        <div style="background-image: url('https://cdn.spesati.com/images/products/missing-image/missing-image.jpg')">
            <div class="hover"></div>
            
            <div class="stickers"></div>
        </div>
    </a>
    <div>
        <h4><a href="https://www.spesati.com/pane-su-guttiau-clas-pet-500gr"><b>Pane Su Guttiau Clas Pet 500gr</b></a></h4>
        <p class="description">0.5 Kg</p>
        <p class="right price"><b>6.67 €</b></p>
        <p class="right unitPrice">13.33 € per kg</p>
    </div>
    <div class="contButton">
    <a class="button bgRed white addToCart" href="#">Add</a>
</div>
</div><div class="left product prod64"
        data-name="Fregula Tand Spad Nero Sep 500"
        data-price="3.39"
        data-id="60423"
        data-available="yes"
        data-category="434"
        data-bestselling="">
    <a href="https://www.spesati.com/fregula-tand-spad-nero-sep-500">
        <div style="background-image: url('https://cdn.spesati.com/images/products/missing-image/missing-image.jpg')">
            <div class="hover"></div>
            
            <div class="stickers"><img class="left" src="http://cdn.spesati.com/images/layout/sardinian.png" /></div>
        </div>
    </a>
    <div>
        <h4><a href="https://www.spesati.com/fregula-tand-spad-nero-sep-500"><b>Fregula Tand Spad Nero Sep 500</b></a></h4>
        <p class="description">0.5 Kg</p>
        <p class="right price"><b>3.39 €</b></p>
        <p class="right unitPrice">6.78 € per kg</p>
    </div>
    <div class="contButton">
    <a class="button bgRed white addToCart" href="#">Add</a>
</div>
</div><div class="left product prod65"
        data-name="Strozzapr Tanda Spad Semol 500"
        data-price="2.05"
        data-id="60426"
        data-available="yes"
        data-category="434"
        data-bestselling="">
    <a href="https://www.spesati.com/strozzapr-tanda-spad-semol-500">
        <div style="background-image: url('https://cdn.spesati.com/images/products/missing-image/missing-image.jpg')">
            <div class="hover"></div>
            
            <div class="stickers"><img class="left" src="http://cdn.spesati.com/images/layout/sardinian.png" /></div>
        </div>
    </a>
    <div>
        <h4><a href="https://www.spesati.com/strozzapr-tanda-spad-semol-500"><b>Strozzapr Tanda Spad Semol 500</b></a></h4>
        <p class="description">0.5 Kg</p>
        <p class="right price"><b>2.05 €</b></p>
        <p class="right unitPrice">4.10 € per kg</p>
    </div>
    <div class="contButton">
    <a class="button bgRed white addToCart" href="#">Add</a>
</div>
</div><div class="left product prod66"
        data-name="Pane Caras Battacone New 800g"
        data-price="7.96"
        data-id="26944"
        data-available="yes"
        data-category="424"
        data-bestselling="">
    <a href="https://www.spesati.com/pane-caras-battacone-new-800g">
        <div style="background-image: url('https://cdn.spesati.com/images/products/missing-image/missing-image.jpg')">
            <div class="hover"></div>
            
            <div class="stickers"></div>
        </div>
    </a>
    <div>
        <h4><a href="https://www.spesati.com/pane-caras-battacone-new-800g"><b>Pane Caras Battacone New 800g</b></a></h4>
        <p class="description">0.8 Kg</p>
        <p class="right price"><b>7.96 €</b></p>
        <p class="right unitPrice">9.95 € per kg</p>
    </div>
    <div class="contButton">
    <a class="button bgRed white addToCart" href="#">Add</a>
</div>
</div><div class="left product prod67"
        data-name="Linguine Tanda Spad Tricol 500"
        data-price="3.89"
        data-id="60429"
        data-available="yes"
        data-category="434"
        data-bestselling="">
    <a href="https://www.spesati.com/linguine-tanda-spad-tricol-500">
        <div style="background-image: url('https://cdn.spesati.com/images/products/missing-image/missing-image.jpg')">
            <div class="hover"></div>
            
            <div class="stickers"><img class="left" src="http://cdn.spesati.com/images/layout/sardinian.png" /></div>
        </div>
    </a>
    <div>
        <h4><a href="https://www.spesati.com/linguine-tanda-spad-tricol-500"><b>Linguine Tanda Spad Tricol 500</b></a></h4>
        <p class="description">0.5 Kg</p>
        <p class="right price"><b>3.89 €</b></p>
        <p class="right unitPrice">7.78 € per kg</p>
    </div>
    <div class="contButton">
    <a class="button bgRed white addToCart" href="#">Add</a>
</div>
</div><div class="left product prod68"
        data-name="Pane Caras Battac Int New 800g"
        data-price="8.41"
        data-id="26945"
        data-available="yes"
        data-category="424"
        data-bestselling="">
    <a href="https://www.spesati.com/pane-caras-battac-int-new-800g">
        <div style="background-image: url('https://cdn.spesati.com/images/products/missing-image/missing-image.jpg')">
            <div class="hover"></div>
            
            <div class="stickers"></div>
        </div>
    </a>
    <div>
        <h4><a href="https://www.spesati.com/pane-caras-battac-int-new-800g"><b>Pane Caras Battac Int New 800g</b></a></h4>
        <p class="description">0.8 Kg</p>
        <p class="right price"><b>8.41 €</b></p>
        <p class="right unitPrice">10.51 € per kg</p>
    </div>
    <div class="contButton">
    <a class="button bgRed white addToCart" href="#">Add</a>
</div>
</div><div class="left product prod69"
        data-name="Fregola Gran Lu Rutigliu 500gr"
        data-price="4.55"
        data-id="63345"
        data-available="yes"
        data-category="434"
        data-bestselling="">
    <a href="https://www.spesati.com/fregola-gran-lu-rutigliu-500gr">
        <div style="background-image: url('https://cdn.spesati.com/images/products/missing-image/missing-image.jpg')">
            <div class="hover"></div>
            
            <div class="stickers"><img class="left" src="http://cdn.spesati.com/images/layout/sardinian.png" /></div>
        </div>
    </a>
    <div>
        <h4><a href="https://www.spesati.com/fregola-gran-lu-rutigliu-500gr"><b>Fregola Gran Lu Rutigliu 500gr</b></a></h4>
        <p class="description">0.5 Kg</p>
        <p class="right price"><b>4.55 €</b></p>
        <p class="right unitPrice">9.10 € per kg</p>
    </div>
    <div class="contButton">
    <a class="button bgRed white addToCart" href="#">Add</a>
</div>
</div><div class="left product prod70"
        data-name="Pane Carasau Battac Grosso 800"
        data-price="8.42"
        data-id="26946"
        data-available="yes"
        data-category="424"
        data-bestselling="">
    <a href="https://www.spesati.com/pane-carasau-battac-grosso-800">
        <div style="background-image: url('https://cdn.spesati.com/images/products/missing-image/missing-image.jpg')">
            <div class="hover"></div>
            
            <div class="stickers"></div>
        </div>
    </a>
    <div>
        <h4><a href="https://www.spesati.com/pane-carasau-battac-grosso-800"><b>Pane Carasau Battac Grosso 800</b></a></h4>
        <p class="description">0.8 Kg</p>
        <p class="right price"><b>8.42 €</b></p>
        <p class="right unitPrice">10.52 € per kg</p>
    </div>
    <div class="contButton">
    <a class="button bgRed white addToCart" href="#">Add</a>
</div>
</div><div class="left product prod71"
        data-name="Gnocchetti Lu Rutigliu 500gr"
        data-price="4.74"
        data-id="63348"
        data-available="yes"
        data-category="434"
        data-bestselling="">
    <a href="https://www.spesati.com/gnocchetti-lu-rutigliu-500gr">
        <div style="background-image: url('https://cdn.spesati.com/images/products/missing-image/missing-image.jpg')">
            <div class="hover"></div>
            
            <div class="stickers"><img class="left" src="http://cdn.spesati.com/images/layout/sardinian.png" /></div>
        </div>
    </a>
    <div>
        <h4><a href="https://www.spesati.com/gnocchetti-lu-rutigliu-500gr"><b>Gnocchetti Lu Rutigliu 500gr</b></a></h4>
        <p class="description">0.5 Kg</p>
        <p class="right price"><b>4.74 €</b></p>
        <p class="right unitPrice">9.48 € per kg</p>
    </div>
    <div class="contButton">
    <a class="button bgRed white addToCart" href="#">Add</a>
</div>
</div><div class="left product prod72"
        data-name="Tagliatelle Lu Rutigliu 500gr"
        data-price="4.96"
        data-id="63351"
        data-available="yes"
        data-category="434"
        data-bestselling="">
    <a href="https://www.spesati.com/tagliatelle-lu-rutigliu-500gr">
        <div style="background-image: url('https://cdn.spesati.com/images/products/missing-image/missing-image.jpg')">
            <div class="hover"></div>
            
            <div class="stickers"><img class="left" src="http://cdn.spesati.com/images/layout/sardinian.png" /></div>
        </div>
    </a>
    <div>
        <h4><a href="https://www.spesati.com/tagliatelle-lu-rutigliu-500gr"><b>Tagliatelle Lu Rutigliu 500gr</b></a></h4>
        <p class="description">0.5 Kg</p>
        <p class="right price"><b>4.96 €</b></p>
        <p class="right unitPrice">9.93 € per kg</p>
    </div>
    <div class="contButton">
    <a class="button bgRed white addToCart" href="#">Add</a>
</div>
</div><div class="left product prod73"
        data-name="Fregola Sarda Gluten Free 400g"
        data-price="6.19"
        data-id="68643"
        data-available="yes"
        data-category="434"
        data-bestselling="">
    <a href="https://www.spesati.com/fregola-sarda-gluten-free-400g">
        <div style="background-image: url('https://cdn.spesati.com/images/products/missing-image/missing-image.jpg')">
            <div class="hover"></div>
            
            <div class="stickers"><img class="left" src="http://cdn.spesati.com/images/layout/gluten-free.png" /><img class="left" src="http://cdn.spesati.com/images/layout/sardinian.png" /></div>
        </div>
    </a>
    <div>
        <h4><a href="https://www.spesati.com/fregola-sarda-gluten-free-400g"><b>Fregola Sarda Gluten Free 400g</b></a></h4>
        <p class="description">0.4 Kg</p>
        <p class="right price"><b>6.19 €</b></p>
        <p class="right unitPrice">15.48 € per kg</p>
    </div>
    <div class="contButton">
    <a class="button bgRed white addToCart" href="#">Add</a>
</div>
</div><div class="left product prod74"
        data-name="Pane Carasau C Isola 350g"
        data-price="4.25"
        data-id="32584"
        data-available="yes"
        data-category="424"
        data-bestselling="">
    <a href="https://www.spesati.com/pane-carasau-c-isola-350g">
        <div style="background-image: url('https://cdn.spesati.com/images/products/missing-image/missing-image.jpg')">
            <div class="hover"></div>
            
            <div class="stickers"></div>
        </div>
    </a>
    <div>
        <h4><a href="https://www.spesati.com/pane-carasau-c-isola-350g"><b>Pane Carasau C Isola 350g</b></a></h4>
        <p class="description">0.35 Kg</p>
        <p class="right price"><b>4.25 €</b></p>
        <p class="right unitPrice">12.15 € per kg</p>
    </div>
    <div class="contButton">
    <a class="button bgRed white addToCart" href="#">Add</a>
</div>
</div><div class="left product prod75"
        data-name="Snack Guttiau C Isola Clas 250"
        data-price="3.25"
        data-id="32590"
        data-available="yes"
        data-category="424"
        data-bestselling="">
    <a href="https://www.spesati.com/snack-guttiau-c-isola-clas-250">
        <div style="background-image: url('https://cdn.spesati.com/images/products/missing-image/missing-image.jpg')">
            <div class="hover"></div>
            
            <div class="stickers"></div>
        </div>
    </a>
    <div>
        <h4><a href="https://www.spesati.com/snack-guttiau-c-isola-clas-250"><b>Snack Guttiau C Isola Clas 250</b></a></h4>
        <p class="description">0.25 Kg</p>
        <p class="right price"><b>3.25 €</b></p>
        <p class="right unitPrice">13.00 € per kg</p>
    </div>
    <div class="contButton">
    <a class="button bgRed white addToCart" href="#">Add</a>
</div>
</div><div class="left product prod76"
        data-name="Snack Guttiau C Isola Med 250g"
        data-price="3.25"
        data-id="32591"
        data-available="yes"
        data-category="424"
        data-bestselling="">
    <a href="https://www.spesati.com/snack-guttiau-c-isola-med-250g">
        <div style="background-image: url('https://cdn.spesati.com/images/products/missing-image/missing-image.jpg')">
            <div class="hover"></div>
            
            <div class="stickers"></div>
        </div>
    </a>
    <div>
        <h4><a href="https://www.spesati.com/snack-guttiau-c-isola-med-250g"><b>Snack Guttiau C Isola Med 250g</b></a></h4>
        <p class="description">0.25 Kg</p>
        <p class="right price"><b>3.25 €</b></p>
        <p class="right unitPrice">13.00 € per kg</p>
    </div>
    <div class="contButton">
    <a class="button bgRed white addToCart" href="#">Add</a>
</div>
</div><div class="left product prod77"
        data-name="Pasta C Isola Filini N70 500g"
        data-price="1.49"
        data-id="83570"
        data-available="yes"
        data-category="434"
        data-bestselling="1">
    <a href="https://www.spesati.com/pasta-c-isola-filini-n70-500g">
        <div style="background-image: url('https://cdn.spesati.com/images/products/missing-image/missing-image.jpg')">
            <div class="hover"></div>
            <p class="arrow bgRed white">Best Seller</p>
            <div class="stickers"><img class="left" src="http://cdn.spesati.com/images/layout/sardinian.png" /></div>
        </div>
    </a>
    <div>
        <h4><a href="https://www.spesati.com/pasta-c-isola-filini-n70-500g"><b>Pasta C Isola Filini N70 500g</b></a></h4>
        <p class="description">0.5 Kg</p>
        <p class="right price"><b>1.49 €</b></p>
        <p class="right unitPrice">2.98 € per kg</p>
    </div>
    <div class="contButton">
    <a class="button bgRed white addToCart" href="#">Add</a>
</div>
</div><div class="left product prod78"
        data-name="Snack Guttiau C Isola Sec 500g"
        data-price="5.49"
        data-id="32609"
        data-available="yes"
        data-category="424"
        data-bestselling="">
    <a href="https://www.spesati.com/snack-guttiau-c-isola-sec-500g">
        <div style="background-image: url('https://cdn.spesati.com/images/products/missing-image/missing-image.jpg')">
            <div class="hover"></div>
            
            <div class="stickers"></div>
        </div>
    </a>
    <div>
        <h4><a href="https://www.spesati.com/snack-guttiau-c-isola-sec-500g"><b>Snack Guttiau C Isola Sec 500g</b></a></h4>
        <p class="description">0.5 Kg</p>
        <p class="right price"><b>5.49 €</b></p>
        <p class="right unitPrice">10.98 € per kg</p>
    </div>
    <div class="contButton">
    <a class="button bgRed white addToCart" href="#">Add</a>
</div>
</div><div class="left product prod79"
        data-name="Pasta Gigli C Isola 500gr"
        data-price="2.65"
        data-id="83579"
        data-available="yes"
        data-category="434"
        data-bestselling="">
    <a href="https://www.spesati.com/pasta-gigli-c-isola-500gr">
        <div style="background-image: url('https://cdn.spesati.com/images/products/missing-image/missing-image.jpg')">
            <div class="hover"></div>
            
            <div class="stickers"><img class="left" src="http://cdn.spesati.com/images/layout/sardinian.png" /></div>
        </div>
    </a>
    <div>
        <h4><a href="https://www.spesati.com/pasta-gigli-c-isola-500gr"><b>Pasta Gigli C Isola 500gr</b></a></h4>
        <p class="description">0.5 Kg</p>
        <p class="right price"><b>2.65 €</b></p>
        <p class="right unitPrice">5.30 € per kg</p>
    </div>
    <div class="contButton">
    <a class="button bgRed white addToCart" href="#">Add</a>
</div>
</div><div class="left product prod80"
        data-name="Snack Guttiau C Isola Rosm 250"
        data-price="3.25"
        data-id="32610"
        data-available="yes"
        data-category="424"
        data-bestselling="">
    <a href="https://www.spesati.com/snack-guttiau-c-isola-rosm-250">
        <div style="background-image: url('https://cdn.spesati.com/images/products/missing-image/missing-image.jpg')">
            <div class="hover"></div>
            
            <div class="stickers"></div>
        </div>
    </a>
    <div>
        <h4><a href="https://www.spesati.com/snack-guttiau-c-isola-rosm-250"><b>Snack Guttiau C Isola Rosm 250</b></a></h4>
        <p class="description">0.25 Kg</p>
        <p class="right price"><b>3.25 €</b></p>
        <p class="right unitPrice">13.00 € per kg</p>
    </div>
    <div class="contButton">
    <a class="button bgRed white addToCart" href="#">Add</a>
</div>
</div><div class="left product prod81"
        data-name="Fregola Corona C/alga Spir 500"
        data-price="6.55"
        data-id="85553"
        data-available="yes"
        data-category="434"
        data-bestselling="">
    <a href="https://www.spesati.com/fregola-corona-calga-spir-500">
        <div style="background-image: url('https://cdn.spesati.com/images/products/missing-image/missing-image.jpg')">
            <div class="hover"></div>
            
            <div class="stickers"><img class="left" src="http://cdn.spesati.com/images/layout/sardinian.png" /></div>
        </div>
    </a>
    <div>
        <h4><a href="https://www.spesati.com/fregola-corona-calga-spir-500"><b>Fregola Corona C/alga Spir 500</b></a></h4>
        <p class="description">0.5 Kg</p>
        <p class="right price"><b>6.55 €</b></p>
        <p class="right unitPrice">13.10 € per kg</p>
    </div>
    <div class="contButton">
    <a class="button bgRed white addToCart" href="#">Add</a>
</div>
</div><div class="left product prod82"
        data-name="Snack Gutt C Isol Paprika 250g"
        data-price="3.25"
        data-id="32660"
        data-available="yes"
        data-category="424"
        data-bestselling="">
    <a href="https://www.spesati.com/snack-gutt-c-isol-paprika-250g">
        <div style="background-image: url('https://cdn.spesati.com/images/products/missing-image/missing-image.jpg')">
            <div class="hover"></div>
            
            <div class="stickers"></div>
        </div>
    </a>
    <div>
        <h4><a href="https://www.spesati.com/snack-gutt-c-isol-paprika-250g"><b>Snack Gutt C Isol Paprika 250g</b></a></h4>
        <p class="description">0.25 Kg</p>
        <p class="right price"><b>3.25 €</b></p>
        <p class="right unitPrice">13.00 € per kg</p>
    </div>
    <div class="contButton">
    <a class="button bgRed white addToCart" href="#">Add</a>
</div>
</div><div class="left product prod83"
        data-name="Pane Carasatu Battacone 400gr"
        data-price="5.69"
        data-id="33784"
        data-available="yes"
        data-category="424"
        data-bestselling="">
    <a href="https://www.spesati.com/pane-carasatu-battacone-400gr">
        <div style="background-image: url('https://cdn.spesati.com/images/products/missing-image/missing-image.jpg')">
            <div class="hover"></div>
            
            <div class="stickers"></div>
        </div>
    </a>
    <div>
        <h4><a href="https://www.spesati.com/pane-carasatu-battacone-400gr"><b>Pane Carasatu Battacone 400gr</b></a></h4>
        <p class="description">0.4 Kg</p>
        <p class="right price"><b>5.69 €</b></p>
        <p class="right unitPrice">14.23 € per kg</p>
    </div>
    <div class="contButton">
    <a class="button bgRed white addToCart" href="#">Add</a>
</div>
</div><div class="left product prod84"
        data-name="Snack Su Guttiau Clas Bust 500"
        data-price="6.49"
        data-id="60684"
        data-available="yes"
        data-category="424"
        data-bestselling="">
    <a href="https://www.spesati.com/snack-su-guttiau-clas-bust-500">
        <div style="background-image: url('https://cdn.spesati.com/images/products/missing-image/missing-image.jpg')">
            <div class="hover"></div>
            
            <div class="stickers"></div>
        </div>
    </a>
    <div>
        <h4><a href="https://www.spesati.com/snack-su-guttiau-clas-bust-500"><b>Snack Su Guttiau Clas Bust 500</b></a></h4>
        <p class="description">0.5 Kg</p>
        <p class="right price"><b>6.49 €</b></p>
        <p class="right unitPrice">12.98 € per kg</p>
    </div>
    <div class="contButton">
    <a class="button bgRed white addToCart" href="#">Add</a>
</div>
</div><div class="left product prod85"
        data-name="Pane Guttiau C Isola Peper 350"
        data-price="4.29"
        data-id="82130"
        data-available="yes"
        data-category="424"
        data-bestselling="">
    <a href="https://www.spesati.com/pane-guttiau-c-isola-peper-350">
        <div style="background-image: url('https://cdn.spesati.com/images/products/missing-image/missing-image.jpg')">
            <div class="hover"></div>
            
            <div class="stickers"></div>
        </div>
    </a>
    <div>
        <h4><a href="https://www.spesati.com/pane-guttiau-c-isola-peper-350"><b>Pane Guttiau C Isola Peper 350</b></a></h4>
        <p class="description">0.35 Kg</p>
        <p class="right price"><b>4.29 €</b></p>
        <p class="right unitPrice">12.26 € per kg</p>
    </div>
    <div class="contButton">
    <a class="button bgRed white addToCart" href="#">Add</a>
</div>
</div><div class="left product prod86"
        data-name="Sfoglie Di Pane Rdg Sottil 100"
        data-price="2.99"
        data-id="82249"
        data-available="yes"
        data-category="424"
        data-bestselling="">
    <a href="https://www.spesati.com/sfoglie-di-pane-rdg-sottil-100">
        <div style="background-image: url('https://cdn.spesati.com/images/products/missing-image/missing-image.jpg')">
            <div class="hover"></div>
            
            <div class="stickers"></div>
        </div>
    </a>
    <div>
        <h4><a href="https://www.spesati.com/sfoglie-di-pane-rdg-sottil-100"><b>Sfoglie Di Pane Rdg Sottil 100</b></a></h4>
        <p class="description">0.1 Kg</p>
        <p class="right price"><b>2.99 €</b></p>
        <p class="right unitPrice">29.90 € per kg</p>
    </div>
    <div class="contButton">
    <a class="button bgRed white addToCart" href="#">Add</a>
</div>
</div><div class="left product prod87"
        data-name="Sfoglie Di Pane Rdg Rosm 100gr"
        data-price="2.99"
        data-id="82252"
        data-available="yes"
        data-category="424"
        data-bestselling="">
    <a href="https://www.spesati.com/sfoglie-di-pane-rdg-rosm-100gr">
        <div style="background-image: url('https://cdn.spesati.com/images/products/missing-image/missing-image.jpg')">
            <div class="hover"></div>
            
            <div class="stickers"></div>
        </div>
    </a>
    <div>
        <h4><a href="https://www.spesati.com/sfoglie-di-pane-rdg-rosm-100gr"><b>Sfoglie Di Pane Rdg Rosm 100gr</b></a></h4>
        <p class="description">0.1 Kg</p>
        <p class="right price"><b>2.99 €</b></p>
        <p class="right unitPrice">29.90 € per kg</p>
    </div>
    <div class="contButton">
    <a class="button bgRed white addToCart" href="#">Add</a>
</div>
</div><div class="left product prod88"
        data-name="Sfoglie Di Pane Rdg Gutt 100gr"
        data-price="2.99"
        data-id="82255"
        data-available="yes"
        data-category="424"
        data-bestselling="">
    <a href="https://www.spesati.com/sfoglie-di-pane-rdg-gutt-100gr">
        <div style="background-image: url('https://cdn.spesati.com/images/products/missing-image/missing-image.jpg')">
            <div class="hover"></div>
            
            <div class="stickers"></div>
        </div>
    </a>
    <div>
        <h4><a href="https://www.spesati.com/sfoglie-di-pane-rdg-gutt-100gr"><b>Sfoglie Di Pane Rdg Gutt 100gr</b></a></h4>
        <p class="description">0.1 Kg</p>
        <p class="right price"><b>2.99 €</b></p>
        <p class="right unitPrice">29.90 € per kg</p>
    </div>
    <div class="contButton">
    <a class="button bgRed white addToCart" href="#">Add</a>
</div>
</div><div class="left product prod89"
        data-name="Pane Bistoccu C Isol 250gr"
        data-price="2.49"
        data-id="83573"
        data-available="yes"
        data-category="424"
        data-bestselling="">
    <a href="https://www.spesati.com/pane-bistoccu-c-isol-250gr">
        <div style="background-image: url('https://cdn.spesati.com/images/products/missing-image/missing-image.jpg')">
            <div class="hover"></div>
            
            <div class="stickers"></div>
        </div>
    </a>
    <div>
        <h4><a href="https://www.spesati.com/pane-bistoccu-c-isol-250gr"><b>Pane Bistoccu C Isol 250gr</b></a></h4>
        <p class="description">0.25 Kg</p>
        <p class="right price"><b>2.49 €</b></p>
        <p class="right unitPrice">9.96 € per kg</p>
    </div>
    <div class="contButton">
    <a class="button bgRed white addToCart" href="#">Add</a>
</div>
</div><div class="left product prod90"
        data-name="Pane Bistoccu C Isol Integ 250"
        data-price="2.49"
        data-id="83576"
        data-available="yes"
        data-category="424"
        data-bestselling="">
    <a href="https://www.spesati.com/pane-bistoccu-c-isol-integ-250">
        <div style="background-image: url('https://cdn.spesati.com/images/products/missing-image/missing-image.jpg')">
            <div class="hover"></div>
            
            <div class="stickers"></div>
        </div>
    </a>
    <div>
        <h4><a href="https://www.spesati.com/pane-bistoccu-c-isol-integ-250"><b>Pane Bistoccu C Isol Integ 250</b></a></h4>
        <p class="description">0.25 Kg</p>
        <p class="right price"><b>2.49 €</b></p>
        <p class="right unitPrice">9.96 € per kg</p>
    </div>
    <div class="contButton">
    <a class="button bgRed white addToCart" href="#">Add</a>
</div>
</div><div class="left product prod91"
        data-name="Pane Carasau Cdi Fine 1800g"
        data-price="12.49"
        data-id="83585"
        data-available="yes"
        data-category="424"
        data-bestselling="">
    <a href="https://www.spesati.com/pane-carasau-cdi-fine-1800g">
        <div style="background-image: url('https://cdn.spesati.com/images/products/missing-image/missing-image.jpg')">
            <div class="hover"></div>
            
            <div class="stickers"></div>
        </div>
    </a>
    <div>
        <h4><a href="https://www.spesati.com/pane-carasau-cdi-fine-1800g"><b>Pane Carasau Cdi Fine 1800g</b></a></h4>
        <p class="description">1.8 Kg</p>
        <p class="right price"><b>12.49 €</b></p>
        <p class="right unitPrice">6.94 € per kg</p>
    </div>
    <div class="contButton">
    <a class="button bgRed white addToCart" href="#">Add</a>
</div>
</div><div class="left product prod92"
        data-name="Pane Carasau Cdi Fine 900g"
        data-price="7.69"
        data-id="83588"
        data-available="yes"
        data-category="424"
        data-bestselling="">
    <a href="https://www.spesati.com/pane-carasau-cdi-fine-900g">
        <div style="background-image: url('https://cdn.spesati.com/images/products/missing-image/missing-image.jpg')">
            <div class="hover"></div>
            
            <div class="stickers"></div>
        </div>
    </a>
    <div>
        <h4><a href="https://www.spesati.com/pane-carasau-cdi-fine-900g"><b>Pane Carasau Cdi Fine 900g</b></a></h4>
        <p class="description">0.9 Kg</p>
        <p class="right price"><b>7.69 €</b></p>
        <p class="right unitPrice">8.55 € per kg</p>
    </div>
    <div class="contButton">
    <a class="button bgRed white addToCart" href="#">Add</a>
</div>
</div><div class="left product prod93"
        data-name="Pane Pistoccu C Isola Inc 400g"
        data-price="2.19"
        data-id="83639"
        data-available="yes"
        data-category="424"
        data-bestselling="">
    <a href="https://www.spesati.com/pane-pistoccu-c-isola-inc-400g">
        <div style="background-image: url('https://cdn.spesati.com/images/products/missing-image/missing-image.jpg')">
            <div class="hover"></div>
            
            <div class="stickers"></div>
        </div>
    </a>
    <div>
        <h4><a href="https://www.spesati.com/pane-pistoccu-c-isola-inc-400g"><b>Pane Pistoccu C Isola Inc 400g</b></a></h4>
        <p class="description">0.4 Kg</p>
        <p class="right price"><b>2.19 €</b></p>
        <p class="right unitPrice">5.48 € per kg</p>
    </div>
    <div class="contButton">
    <a class="button bgRed white addToCart" href="#">Add</a>
</div>
</div><div class="left product prod94"
        data-name="Pasta Di Sardegna Tempestine N21 500Gr"
        data-price="1.21"
        data-id="5652"
        data-available="no"
        data-category="434"
        data-bestselling="">
    <a href="https://www.spesati.com/pasta-di-sardegna-tempestine-n21-500gr">
        <div style="background-image: url('https://cdn.spesati.com/images/products/49127823/pasta-di-sardegna-01.jpg')">
            <div class="hover"></div>
            
            <div class="stickers"><img class="left" src="http://cdn.spesati.com/images/layout/sardinian.png" /></div>
        </div>
    </a>
    <div>
        <h4><a href="https://www.spesati.com/pasta-di-sardegna-tempestine-n21-500gr"><b>Pasta Di Sardegna Tempestine N21 500Gr</b></a></h4>
        <p class="description">0.5 Kg</p>
        <p class="right price"><b>1.21 €</b></p>
        <p class="right unitPrice">2.42 € per kg</p>
    </div>
    <div class="notAvailable">
    <a class="button bgDarkGrey white" href="https://www.spesati.com/pasta-di-sardegna-tempestine-n21-500gr">Not available</a>
</div>
</div><div class="left product prod95"
        data-name="Malloreddus Cuore Dell'Isola 500Gr"
        data-price="2.35"
        data-id="6915"
        data-available="no"
        data-category="434"
        data-bestselling="">
    <a href="https://www.spesati.com/malloreddus-cuore-dellisola-500gr">
        <div style="background-image: url('https://cdn.spesati.com/images/products/398512/malloreddus-cuore-dellisola-01.jpg')">
            <div class="hover"></div>
            
            <div class="stickers"><img class="left" src="http://cdn.spesati.com/images/layout/sardinian.png" /></div>
        </div>
    </a>
    <div>
        <h4><a href="https://www.spesati.com/malloreddus-cuore-dellisola-500gr"><b>Malloreddus Cuore Dell'Isola 500Gr</b></a></h4>
        <p class="description">0.5 Kg</p>
        <p class="right price"><b>2.35 €</b></p>
        <p class="right unitPrice">4.71 € per kg</p>
    </div>
    <div class="notAvailable">
    <a class="button bgDarkGrey white" href="https://www.spesati.com/malloreddus-cuore-dellisola-500gr">Not available</a>
</div>
</div><div class="left product prod96"
        data-name="Trofie Fresche Cuore Isola 400gr"
        data-price="2.29"
        data-id="32574"
        data-available="no"
        data-category="434"
        data-bestselling="">
    <a href="https://www.spesati.com/trofie-fresche-cuore-isola-400gr">
        <div style="background-image: url('https://cdn.spesati.com/images/products/398135/trofie-fresche-cuore-01.jpg')">
            <div class="hover"></div>
            
            <div class="stickers"><img class="left" src="http://cdn.spesati.com/images/layout/sardinian.png" /></div>
        </div>
    </a>
    <div>
        <h4><a href="https://www.spesati.com/trofie-fresche-cuore-isola-400gr"><b>Trofie Fresche Cuore Isola 400gr</b></a></h4>
        <p class="description">0.4 Kg</p>
        <p class="right price"><b>2.29 €</b></p>
        <p class="right unitPrice">5.73 € per kg</p>
    </div>
    <div class="notAvailable">
    <a class="button bgDarkGrey white" href="https://www.spesati.com/trofie-fresche-cuore-isola-400gr">Not available</a>
</div>
</div><div class="left product prod97"
        data-name="Lecca Fregola Grossa Gr 500"
        data-price="2.19"
        data-id="4475"
        data-available="no"
        data-category="434"
        data-bestselling="">
    <a href="https://www.spesati.com/lecca-fregola-grossa-gr-500">
        <div style="background-image: url('https://cdn.spesati.com/images/products/13335002/lecca-fregola-grossa-01.jpg')">
            <div class="hover"></div>
            
            <div class="stickers"><img class="left" src="http://cdn.spesati.com/images/layout/sardinian.png" /></div>
        </div>
    </a>
    <div>
        <h4><a href="https://www.spesati.com/lecca-fregola-grossa-gr-500"><b>Lecca Fregola Grossa Gr 500</b></a></h4>
        <p class="description">0.5 Kg</p>
        <p class="right price"><b>2.19 €</b></p>
        <p class="right unitPrice">4.38 € per kg</p>
    </div>
    <div class="notAvailable">
    <a class="button bgDarkGrey white" href="https://www.spesati.com/lecca-fregola-grossa-gr-500">Not available</a>
</div>
</div><div class="left product prod98"
        data-name="Pane Carasatu Panificio Mannu 1Kg"
        data-price="2.19"
        data-id="5897"
        data-available="no"
        data-category="424"
        data-bestselling="">
    <a href="https://www.spesati.com/pane-carasatu-panificio-mannu-1kg">
        <div style="background-image: url('https://cdn.spesati.com/images/products/117226/pane-carasatu-panificio-01.jpg')">
            <div class="hover"></div>
            
            <div class="stickers"></div>
        </div>
    </a>
    <div>
        <h4><a href="https://www.spesati.com/pane-carasatu-panificio-mannu-1kg"><b>Pane Carasatu Panificio Mannu 1Kg</b></a></h4>
        <p class="description">1 Kg</p>
        <p class="right price"><b>2.19 €</b></p>
        <p class="right unitPrice">2.19 € per kg</p>
    </div>
    <div class="notAvailable">
    <a class="button bgDarkGrey white" href="https://www.spesati.com/pane-carasatu-panificio-mannu-1kg">Not available</a>
</div>
</div><div class="left product prod99"
        data-name="Snack Su Guttiau Pepe Nero 70G"
        data-price="1.25"
        data-id="5580"
        data-available="no"
        data-category="424"
        data-bestselling="">
    <a href="https://www.spesati.com/snack-su-guttiau-pepe-nero-70g">
        <div style="background-image: url('https://cdn.spesati.com/images/products/115859/snack-su-guttiau-01.jpg')">
            <div class="hover"></div>
            
            <div class="stickers"><img class="left" src="http://cdn.spesati.com/images/layout/sardinian.png" /></div>
        </div>
    </a>
    <div>
        <h4><a href="https://www.spesati.com/snack-su-guttiau-pepe-nero-70g"><b>Snack Su Guttiau Pepe Nero 70G</b></a></h4>
        <p class="description">0.07 Kg</p>
        <p class="right price"><b>1.25 €</b></p>
        <p class="right unitPrice">17.85 € per kg</p>
    </div>
    <div class="notAvailable">
    <a class="button bgDarkGrey white" href="https://www.spesati.com/snack-su-guttiau-pepe-nero-70g">Not available</a>
</div>
</div><div class="left product prod100"
        data-name="Zuppa Gallurese Altana 500gr"
        data-price="7.99"
        data-id="24951"
        data-available="no"
        data-category="499989"
        data-bestselling="">
    <a href="https://www.spesati.com/zuppa-gallurese-altana-500gr">
        <div style="background-image: url('https://cdn.spesati.com/images/products/106514/zuppa-gallurese-altana-01.jpg')">
            <div class="hover"></div>
            
            <div class="stickers"><img class="left" src="http://cdn.spesati.com/images/layout/sardinian.png" /></div>
        </div>
    </a>
    <div>
        <h4><a href="https://www.spesati.com/zuppa-gallurese-altana-500gr"><b>Zuppa Gallurese Altana 500gr</b></a></h4>
        <p class="description">0.5 Kg</p>
        <p class="right price"><b>7.99 €</b></p>
        <p class="right unitPrice">15.98 € per kg</p>
    </div>
    <div class="notAvailable">
    <a class="button bgDarkGrey white" href="https://www.spesati.com/zuppa-gallurese-altana-500gr">Not available</a>
</div>
</div><div class="left product prod101"
        data-name="Pasta Di Sardegna N86 Pipette"
        data-price="1.19"
        data-id="27808"
        data-available="no"
        data-category="434"
        data-bestselling="">
    <a href="https://www.spesati.com/pasta-di-sardegna-n86-pipette">
        <div style="background-image: url('https://cdn.spesati.com/images/products/000165086/flli-cellino-pipette-rigate-86-500-g-01.png')">
            <div class="hover"></div>
            
            <div class="stickers"><img class="left" src="http://cdn.spesati.com/images/layout/sardinian.png" /></div>
        </div>
    </a>
    <div>
        <h4><a href="https://www.spesati.com/pasta-di-sardegna-n86-pipette"><b>Pasta Di Sardegna N86 Pipette</b></a></h4>
        <p class="description">F.lli Cellino Pipette Rigate 86 500 g</p>
        <p class="right price"><b>1.19 €</b></p>
        <p class="right unitPrice">2.38 € per kg</p>
    </div>
    <div class="notAvailable">
    <a class="button bgDarkGrey white" href="https://www.spesati.com/pasta-di-sardegna-n86-pipette">Not available</a>
</div>
</div><div class="left product prod102"
        data-name="Pasta Di Sardegna Filini N14"
        data-price="1.12"
        data-id="7135"
        data-available="no"
        data-category="434"
        data-bestselling="">
    <a href="https://www.spesati.com/pasta-di-sardegna-filini-n14">
        <div style="background-image: url('https://cdn.spesati.com/images/products/000165075/flli-cellino-filini-14-500-g-01.png')">
            <div class="hover"></div>
            
            <div class="stickers"><img class="left" src="http://cdn.spesati.com/images/layout/sardinian.png" /></div>
        </div>
    </a>
    <div>
        <h4><a href="https://www.spesati.com/pasta-di-sardegna-filini-n14"><b>Pasta Di Sardegna Filini N14</b></a></h4>
        <p class="description">F.lli Cellino Filini 14 500 g</p>
        <p class="right price"><b>1.12 €</b></p>
        <p class="right unitPrice">2.25 € per kg</p>
    </div>
    <div class="notAvailable">
    <a class="button bgDarkGrey white" href="https://www.spesati.com/pasta-di-sardegna-filini-n14">Not available</a>
</div>
</div><div class="left product prod103"
        data-name="Pasta Di Sardegna N41 Conchigl"
        data-price="1.21"
        data-id="27805"
        data-available="no"
        data-category="434"
        data-bestselling="">
    <a href="https://www.spesati.com/pasta-di-sardegna-n41-conchigl">
        <div style="background-image: url('https://cdn.spesati.com/images/products/000165041/flli-cellino-conchigliette-rigate-41-500-g-01.png')">
            <div class="hover"></div>
            
            <div class="stickers"><img class="left" src="http://cdn.spesati.com/images/layout/sardinian.png" /></div>
        </div>
    </a>
    <div>
        <h4><a href="https://www.spesati.com/pasta-di-sardegna-n41-conchigl"><b>Pasta Di Sardegna N41 Conchigl</b></a></h4>
        <p class="description">F.lli Cellino Conchigliette Rigate 41 500 g</p>
        <p class="right price"><b>1.21 €</b></p>
        <p class="right unitPrice">2.42 € per kg</p>
    </div>
    <div class="notAvailable">
    <a class="button bgDarkGrey white" href="https://www.spesati.com/pasta-di-sardegna-n41-conchigl">Not available</a>
</div>
</div><div class="left product prod104"
        data-name="Snack Su Guttiau Krekitos 70gr"
        data-price="1.40"
        data-id="26605"
        data-available="no"
        data-category="424"
        data-bestselling="">
    <a href="https://www.spesati.com/snack-su-guttiau-krekitos-70gr">
        <div style="background-image: url('https://cdn.spesati.com/images/products/000117396/su-guttiau-krekitos-croccanti-sfogliatine-con-olio-extravergine-di-oliva-70-g-01.png')">
            <div class="hover"></div>
            
            <div class="stickers"></div>
        </div>
    </a>
    <div>
        <h4><a href="https://www.spesati.com/snack-su-guttiau-krekitos-70gr"><b>Snack Su Guttiau Krekitos 70gr</b></a></h4>
        <p class="description">Su Guttiau Krekitos Croccanti sfogliatine con Olio Extravergine di Oliva 70 g</p>
        <p class="right price"><b>1.40 €</b></p>
        <p class="right unitPrice">20.03 € per kg</p>
    </div>
    <div class="notAvailable">
    <a class="button bgDarkGrey white" href="https://www.spesati.com/snack-su-guttiau-krekitos-70gr">Not available</a>
</div>
</div><div class="left product prod105"
        data-name="Pane Guttiau Pergamena Cherchi 250Gr"
        data-price="4.55"
        data-id="5899"
        data-available="no"
        data-category="424"
        data-bestselling="">
    <a href="https://www.spesati.com/pane-guttiau-pergamena-cherchi-250gr">
        <div style="background-image: url('https://cdn.spesati.com/images/products/000115841/cherchi-pergamena-di-pane-guttiau-250-g-01.png')">
            <div class="hover"></div>
            
            <div class="stickers"></div>
        </div>
    </a>
    <div>
        <h4><a href="https://www.spesati.com/pane-guttiau-pergamena-cherchi-250gr"><b>Pane Guttiau Pergamena Cherchi 250Gr</b></a></h4>
        <p class="description">Cherchi Pergamena di pane Guttiau 250 g</p>
        <p class="right price"><b>4.55 €</b></p>
        <p class="right unitPrice">18.21 € per kg</p>
    </div>
    <div class="notAvailable">
    <a class="button bgDarkGrey white" href="https://www.spesati.com/pane-guttiau-pergamena-cherchi-250gr">Not available</a>
</div>
</div><div class="left product prod106"
        data-name="Cherchi Pergamena Pane Classico 300Gr"
        data-price="4.46"
        data-id="5900"
        data-available="no"
        data-category="424"
        data-bestselling="">
    <a href="https://www.spesati.com/cherchi-pergamena-pane-classico-300gr">
        <div style="background-image: url('https://cdn.spesati.com/images/products/000115839/cherchi-pergamena-di-pane-300-g-01.png')">
            <div class="hover"></div>
            
            <div class="stickers"></div>
        </div>
    </a>
    <div>
        <h4><a href="https://www.spesati.com/cherchi-pergamena-pane-classico-300gr"><b>Cherchi Pergamena Pane Classico 300Gr</b></a></h4>
        <p class="description">Cherchi Pergamena di pane 300 g</p>
        <p class="right price"><b>4.46 €</b></p>
        <p class="right unitPrice">14.86 € per kg</p>
    </div>
    <div class="notAvailable">
    <a class="button bgDarkGrey white" href="https://www.spesati.com/cherchi-pergamena-pane-classico-300gr">Not available</a>
</div>
</div><div class="left product prod107"
        data-name="Pane Bistoccu Fancellu Int 250"
        data-price="2.45"
        data-id="25970"
        data-available="no"
        data-category="424"
        data-bestselling="">
    <a href="https://www.spesati.com/pane-bistoccu-fancellu-int-250">
        <div style="background-image: url('https://cdn.spesati.com/images/products/000112520/fancellu-bistoccu-di-montresta-integrale-250-g-01.png')">
            <div class="hover"></div>
            
            <div class="stickers"><img class="left" src="http://cdn.spesati.com/images/layout/whole-grain.png" /></div>
        </div>
    </a>
    <div>
        <h4><a href="https://www.spesati.com/pane-bistoccu-fancellu-int-250"><b>Pane Bistoccu Fancellu Int 250</b></a></h4>
        <p class="description">Fancellu Bistoccu di Montresta Integrale 250 g</p>
        <p class="right price"><b>2.45 €</b></p>
        <p class="right unitPrice">9.80 € per kg</p>
    </div>
    <div class="notAvailable">
    <a class="button bgDarkGrey white" href="https://www.spesati.com/pane-bistoccu-fancellu-int-250">Not available</a>
</div>
</div><div class="left product prod108"
        data-name="Pasta Di Sardegna N11 Bavettin"
        data-price="1.21"
        data-id="27804"
        data-available="no"
        data-category="434"
        data-bestselling="">
    <a href="https://www.spesati.com/pasta-di-sardegna-n11-bavettin">
        <div style="background-image: url('https://cdn.spesati.com/images/products/missing-image/missing-image.jpg')">
            <div class="hover"></div>
            
            <div class="stickers"><img class="left" src="http://cdn.spesati.com/images/layout/sardinian.png" /></div>
        </div>
    </a>
    <div>
        <h4><a href="https://www.spesati.com/pasta-di-sardegna-n11-bavettin"><b>Pasta Di Sardegna N11 Bavettin</b></a></h4>
        <p class="description">0.5 Kg</p>
        <p class="right price"><b>1.21 €</b></p>
        <p class="right unitPrice">2.42 € per kg</p>
    </div>
    <div class="notAvailable">
    <a class="button bgDarkGrey white" href="https://www.spesati.com/pasta-di-sardegna-n11-bavettin">Not available</a>
</div>
</div><div class="left product prod109"
        data-name="Ciabatte Pasta Dura Tipo 00 Antico Forno"
        data-price="3.43"
        data-id="6099"
        data-available="no"
        data-category="424"
        data-bestselling="">
    <a href="https://www.spesati.com/ciabatte-pasta-dura-tipo-00-antico-forno">
        <div style="background-image: url('https://cdn.spesati.com/images/products/missing-image/missing-image.jpg')">
            <div class="hover"></div>
            
            <div class="stickers"><img class="left" src="http://cdn.spesati.com/images/layout/sardinian.png" /></div>
        </div>
    </a>
    <div>
        <h4><a href="https://www.spesati.com/ciabatte-pasta-dura-tipo-00-antico-forno"><b>Ciabatte Pasta Dura Tipo 00 Antico Forno</b></a></h4>
        <p class="description">medium weight 0.150 Kg</p>
        <p class="right price"><b>3.43 €</b></p>
        <p class="right unitPrice">22.90 € per kg</p>
    </div>
    <div class="notAvailable">
    <a class="button bgDarkGrey white" href="https://www.spesati.com/ciabatte-pasta-dura-tipo-00-antico-forno">Not available</a>
</div>
</div><div class="left product prod110"
        data-name="Pasta C Isola Boccoli N53 500g"
        data-price="1.49"
        data-id="32607"
        data-available="no"
        data-category="434"
        data-bestselling="">
    <a href="https://www.spesati.com/pasta-c-isola-boccoli-n53-500g">
        <div style="background-image: url('https://cdn.spesati.com/images/products/missing-image/missing-image.jpg')">
            <div class="hover"></div>
            
            <div class="stickers"><img class="left" src="http://cdn.spesati.com/images/layout/sardinian.png" /></div>
        </div>
    </a>
    <div>
        <h4><a href="https://www.spesati.com/pasta-c-isola-boccoli-n53-500g"><b>Pasta C Isola Boccoli N53 500g</b></a></h4>
        <p class="description">0.5 Kg</p>
        <p class="right price"><b>1.49 €</b></p>
        <p class="right unitPrice">2.98 € per kg</p>
    </div>
    <div class="notAvailable">
    <a class="button bgDarkGrey white" href="https://www.spesati.com/pasta-c-isola-boccoli-n53-500g">Not available</a>
</div>
</div><div class="left product prod111"
        data-name="Pane Su Guttiau Class 40x25gr"
        data-price="12.69"
        data-id="26429"
        data-available="no"
        data-category="424"
        data-bestselling="">
    <a href="https://www.spesati.com/pane-su-guttiau-class-40x25gr">
        <div style="background-image: url('https://cdn.spesati.com/images/products/missing-image/missing-image.jpg')">
            <div class="hover"></div>
            
            <div class="stickers"></div>
        </div>
    </a>
    <div>
        <h4><a href="https://www.spesati.com/pane-su-guttiau-class-40x25gr"><b>Pane Su Guttiau Class 40x25gr</b></a></h4>
        <p class="description">1 Kg</p>
        <p class="right price"><b>12.69 €</b></p>
        <p class="right unitPrice">12.69 € per kg</p>
    </div>
    <div class="notAvailable">
    <a class="button bgDarkGrey white" href="https://www.spesati.com/pane-su-guttiau-class-40x25gr">Not available</a>
</div>
</div><div class="left product prod112"
        data-name="Pane Guttiau C Isola Rosma 350"
        data-price="4.29"
        data-id="32582"
        data-available="no"
        data-category="424"
        data-bestselling="">
    <a href="https://www.spesati.com/pane-guttiau-c-isola-rosma-350">
        <div style="background-image: url('https://cdn.spesati.com/images/products/missing-image/missing-image.jpg')">
            <div class="hover"></div>
            
            <div class="stickers"></div>
        </div>
    </a>
    <div>
        <h4><a href="https://www.spesati.com/pane-guttiau-c-isola-rosma-350"><b>Pane Guttiau C Isola Rosma 350</b></a></h4>
        <p class="description">0.35 Kg</p>
        <p class="right price"><b>4.29 €</b></p>
        <p class="right unitPrice">12.26 € per kg</p>
    </div>
    <div class="notAvailable">
    <a class="button bgDarkGrey white" href="https://www.spesati.com/pane-guttiau-c-isola-rosma-350">Not available</a>
</div>
</div><div class="left product prod113"
        data-name="Pane Guttiau C Isola Tondo 350"
        data-price="4.99"
        data-id="32583"
        data-available="no"
        data-category="424"
        data-bestselling="">
    <a href="https://www.spesati.com/pane-guttiau-c-isola-tondo-350">
        <div style="background-image: url('https://cdn.spesati.com/images/products/missing-image/missing-image.jpg')">
            <div class="hover"></div>
            
            <div class="stickers"></div>
        </div>
    </a>
    <div>
        <h4><a href="https://www.spesati.com/pane-guttiau-c-isola-tondo-350"><b>Pane Guttiau C Isola Tondo 350</b></a></h4>
        <p class="description">0.35 Kg</p>
        <p class="right price"><b>4.99 €</b></p>
        <p class="right unitPrice">14.26 € per kg</p>
    </div>
    <div class="notAvailable">
    <a class="button bgDarkGrey white" href="https://www.spesati.com/pane-guttiau-c-isola-tondo-350">Not available</a>
</div>
</div><div class="left product prod114"
        data-name="Malloreddus C Isola 400gr"
        data-price="1.99"
        data-id="83522"
        data-available="no"
        data-category="434"
        data-bestselling="">
    <a href="https://www.spesati.com/malloreddus-c-isola-400gr">
        <div style="background-image: url('https://cdn.spesati.com/images/products/missing-image/missing-image.jpg')">
            <div class="hover"></div>
            
            <div class="stickers"><img class="left" src="http://cdn.spesati.com/images/layout/sardinian.png" /></div>
        </div>
    </a>
    <div>
        <h4><a href="https://www.spesati.com/malloreddus-c-isola-400gr"><b>Malloreddus C Isola 400gr</b></a></h4>
        <p class="description">0.4 Kg</p>
        <p class="right price"><b>1.99 €</b></p>
        <p class="right unitPrice">4.97 € per kg</p>
    </div>
    <div class="notAvailable">
    <a class="button bgDarkGrey white" href="https://www.spesati.com/malloreddus-c-isola-400gr">Not available</a>
</div>
</div><div class="left product prod115"
        data-name="Pane Carasau C Isola Integ 500"
        data-price="3.89"
        data-id="32639"
        data-available="no"
        data-category="424"
        data-bestselling="">
    <a href="https://www.spesati.com/pane-carasau-c-isola-integ-500">
        <div style="background-image: url('https://cdn.spesati.com/images/products/missing-image/missing-image.jpg')">
            <div class="hover"></div>
            
            <div class="stickers"></div>
        </div>
    </a>
    <div>
        <h4><a href="https://www.spesati.com/pane-carasau-c-isola-integ-500"><b>Pane Carasau C Isola Integ 500</b></a></h4>
        <p class="description">0.5 Kg</p>
        <p class="right price"><b>3.89 €</b></p>
        <p class="right unitPrice">7.78 € per kg</p>
    </div>
    <div class="notAvailable">
    <a class="button bgDarkGrey white" href="https://www.spesati.com/pane-carasau-c-isola-integ-500">Not available</a>
</div>
</div><div class="left product prod116"
        data-name="Spianate Grandi Su Carasau 500"
        data-price="2.94"
        data-id="33861"
        data-available="no"
        data-category="424"
        data-bestselling="">
    <a href="https://www.spesati.com/spianate-grandi-su-carasau-500">
        <div style="background-image: url('https://cdn.spesati.com/images/products/missing-image/missing-image.jpg')">
            <div class="hover"></div>
            
            <div class="stickers"></div>
        </div>
    </a>
    <div>
        <h4><a href="https://www.spesati.com/spianate-grandi-su-carasau-500"><b>Spianate Grandi Su Carasau 500</b></a></h4>
        <p class="description">0.9 Kg</p>
        <p class="right price"><b>2.94 €</b></p>
        <p class="right unitPrice">3.27 € per kg</p>
    </div>
    <div class="notAvailable">
    <a class="button bgDarkGrey white" href="https://www.spesati.com/spianate-grandi-su-carasau-500">Not available</a>
</div>
</div><div class="left product prod117"
        data-name="Spianate Piccole Su Carasau 50"
        data-price="2.19"
        data-id="33862"
        data-available="no"
        data-category="424"
        data-bestselling="">
    <a href="https://www.spesati.com/spianate-piccole-su-carasau-50">
        <div style="background-image: url('https://cdn.spesati.com/images/products/missing-image/missing-image.jpg')">
            <div class="hover"></div>
            
            <div class="stickers"></div>
        </div>
    </a>
    <div>
        <h4><a href="https://www.spesati.com/spianate-piccole-su-carasau-50"><b>Spianate Piccole Su Carasau 50</b></a></h4>
        <p class="description">0.5 Kg</p>
        <p class="right price"><b>2.19 €</b></p>
        <p class="right unitPrice">4.38 € per kg</p>
    </div>
    <div class="notAvailable">
    <a class="button bgDarkGrey white" href="https://www.spesati.com/spianate-piccole-su-carasau-50">Not available</a>
</div>
</div><div class="left product prod118"
        data-name="Su Carasau Soffici Latte 500gr"
        data-price="2.65"
        data-id="33863"
        data-available="no"
        data-category="424"
        data-bestselling="">
    <a href="https://www.spesati.com/su-carasau-soffici-latte-500gr">
        <div style="background-image: url('https://cdn.spesati.com/images/products/missing-image/missing-image.jpg')">
            <div class="hover"></div>
            
            <div class="stickers"></div>
        </div>
    </a>
    <div>
        <h4><a href="https://www.spesati.com/su-carasau-soffici-latte-500gr"><b>Su Carasau Soffici Latte 500gr</b></a></h4>
        <p class="description">0.5 Kg</p>
        <p class="right price"><b>2.65 €</b></p>
        <p class="right unitPrice">5.30 € per kg</p>
    </div>
    <div class="notAvailable">
    <a class="button bgDarkGrey white" href="https://www.spesati.com/su-carasau-soffici-latte-500gr">Not available</a>
</div>
</div><div class="left product prod119"
        data-name="Pane Guttiau Battacone Vas 400"
        data-price="5.05"
        data-id="70873"
        data-available="no"
        data-category="424"
        data-bestselling="">
    <a href="https://www.spesati.com/pane-guttiau-battacone-vas-400">
        <div style="background-image: url('https://cdn.spesati.com/images/products/missing-image/missing-image.jpg')">
            <div class="hover"></div>
            
            <div class="stickers"></div>
        </div>
    </a>
    <div>
        <h4><a href="https://www.spesati.com/pane-guttiau-battacone-vas-400"><b>Pane Guttiau Battacone Vas 400</b></a></h4>
        <p class="description">0.4 Kg</p>
        <p class="right price"><b>5.05 €</b></p>
        <p class="right unitPrice">12.63 € per kg</p>
    </div>
    <div class="notAvailable">
    <a class="button bgDarkGrey white" href="https://www.spesati.com/pane-guttiau-battacone-vas-400">Not available</a>
</div>
</div><div class="left product prod120"
        data-name="Spianata C Isola Pattada 350gr"
        data-price="1.89"
        data-id="78714"
        data-available="no"
        data-category="424"
        data-bestselling="">
    <a href="https://www.spesati.com/spianata-c-isola-pattada-350gr">
        <div style="background-image: url('https://cdn.spesati.com/images/products/missing-image/missing-image.jpg')">
            <div class="hover"></div>
            
            <div class="stickers"></div>
        </div>
    </a>
    <div>
        <h4><a href="https://www.spesati.com/spianata-c-isola-pattada-350gr"><b>Spianata C Isola Pattada 350gr</b></a></h4>
        <p class="description">0.35 Kg</p>
        <p class="right price"><b>1.89 €</b></p>
        <p class="right unitPrice">5.40 € per kg</p>
    </div>
    <div class="notAvailable">
    <a class="button bgDarkGrey white" href="https://www.spesati.com/spianata-c-isola-pattada-350gr">Not available</a>
</div>
</div><div class="left product prod121"
        data-name="Pane Pergamena Cdi Clas 200gr"
        data-price="4.69"
        data-id="81061"
        data-available="no"
        data-category="424"
        data-bestselling="">
    <a href="https://www.spesati.com/pane-pergamena-cdi-clas-200gr">
        <div style="background-image: url('https://cdn.spesati.com/images/products/missing-image/missing-image.jpg')">
            <div class="hover"></div>
            
            <div class="stickers"></div>
        </div>
    </a>
    <div>
        <h4><a href="https://www.spesati.com/pane-pergamena-cdi-clas-200gr"><b>Pane Pergamena Cdi Clas 200gr</b></a></h4>
        <p class="description">0.2 Kg</p>
        <p class="right price"><b>4.69 €</b></p>
        <p class="right unitPrice">23.45 € per kg</p>
    </div>
    <div class="notAvailable">
    <a class="button bgDarkGrey white" href="https://www.spesati.com/pane-pergamena-cdi-clas-200gr">Not available</a>
</div>
</div><div class="left product prod122"
        data-name="Pane Pergam Cdi Guttiau 200gr"
        data-price="4.69"
        data-id="81206"
        data-available="no"
        data-category="424"
        data-bestselling="">
    <a href="https://www.spesati.com/pane-pergam-cdi-guttiau-200gr">
        <div style="background-image: url('https://cdn.spesati.com/images/products/missing-image/missing-image.jpg')">
            <div class="hover"></div>
            
            <div class="stickers"></div>
        </div>
    </a>
    <div>
        <h4><a href="https://www.spesati.com/pane-pergam-cdi-guttiau-200gr"><b>Pane Pergam Cdi Guttiau 200gr</b></a></h4>
        <p class="description">0.2 Kg</p>
        <p class="right price"><b>4.69 €</b></p>
        <p class="right unitPrice">23.45 € per kg</p>
    </div>
    <div class="notAvailable">
    <a class="button bgDarkGrey white" href="https://www.spesati.com/pane-pergam-cdi-guttiau-200gr">Not available</a>
</div>
</div><div class="left product prod123"
        data-name="Spianata Cdi Pattada 350 Vent"
        data-price="2.05"
        data-id="83615"
        data-available="no"
        data-category="424"
        data-bestselling="">
    <a href="https://www.spesati.com/spianata-cdi-pattada-350-vent">
        <div style="background-image: url('https://cdn.spesati.com/images/products/missing-image/missing-image.jpg')">
            <div class="hover"></div>
            
            <div class="stickers"></div>
        </div>
    </a>
    <div>
        <h4><a href="https://www.spesati.com/spianata-cdi-pattada-350-vent"><b>Spianata Cdi Pattada 350 Vent</b></a></h4>
        <p class="description">0.35 Kg</p>
        <p class="right price"><b>2.05 €</b></p>
        <p class="right unitPrice">5.86 € per kg</p>
    </div>
    <div class="notAvailable">
    <a class="button bgDarkGrey white" href="https://www.spesati.com/spianata-cdi-pattada-350-vent">Not available</a>
</div>
</div><div class="left product prod124"
        data-name="Pane Tundas Cdi 320gr Vent"
        data-price="2.69"
        data-id="83636"
        data-available="no"
        data-category="424"
        data-bestselling="">
    <a href="https://www.spesati.com/pane-tundas-cdi-320gr-vent">
        <div style="background-image: url('https://cdn.spesati.com/images/products/missing-image/missing-image.jpg')">
            <div class="hover"></div>
            
            <div class="stickers"></div>
        </div>
    </a>
    <div>
        <h4><a href="https://www.spesati.com/pane-tundas-cdi-320gr-vent"><b>Pane Tundas Cdi 320gr Vent</b></a></h4>
        <p class="description">0.32 Kg</p>
        <p class="right price"><b>2.69 €</b></p>
        <p class="right unitPrice">8.40 € per kg</p>
    </div>
    <div class="notAvailable">
    <a class="button bgDarkGrey white" href="https://www.spesati.com/pane-tundas-cdi-320gr-vent">Not available</a>
</div>
</div>        </div>
    </div>
</section>
<div class="footer">
    <div class="bgDarkGrey"></div>
    <footer>
        <div class="left bgDarkGrey">
            <a id="logoFooter" href="https://www.spesati.com/" class="estDynamic">
                <img src="http://cdn.spesati.com/images/layout/logo-eng.png" alt="Spesati.com" />
                <h2 class="red">Grocery Delivery</h2>
            </a>
            <a class="button bgRed white mobile" href="tel:390707968318">Phone order</a>
            <a class="button bgRed white desktop" href="https://www.spesati.com/news/2020-04-07/news-on-spesati-the-telephone-order-service-is-active">Phone order</a>
            <a class="button bgRed white" href="https://www.spesati.com/cdn-cgi/l/email-protection#1e777078715e6d6e7b6d7f6a77307d7173">Send mail</a>
            <div id="social">
                <a class="left" href="https://www.facebook.com/spesati/" rel="external" target="_blank">
                    <span class="facebook bgRed fa-stack fa-lg">
                        <i class="fa fa-facebook fa-stack-1x "></i>
                    </span>
                </a>
                <a class="right" href="https://twitter.com/spesati" rel="external" target="_blank">
                    <span class="twitter bgRed fa-stack fa-lg">
                        <i class="fa fa-twitter fa-stack-1x "></i>
                    </span>
                </a>
            </div>
            <p>Copyright 2024 Spesati.com </p>
            
                    <p>All rights reserved</p>
                    <p>SPESATI SRL</p>
                    <p>Corso Vittorio Veneto 15/I, 07026, Olbia</p>
                    <p>CF e P.Iva: 02772380909</p>
                        </div>
        <div class="center bgRed">
            <div class="top">
                <h3>Categories</h3>
                <div class="col">
                    <ul>
                        <li>
                            <a href="#" class="estDynamic">On sale</a>
                        </li>
                        <li>
                            <a href="https://www.spesati.com/fruit-and-vegetables" class="estDynamic">Fruit and vegetables</a>
                        </li>
                        <li>
                            <a href="https://www.spesati.com/fresh-products" class="estDynamic">Fresh products</a>
                        </li>
                        <li>
                            <a href="https://www.spesati.com/frozen-foods" class="estDynamic">Frozen foods</a>
                        </li>
                        <li>
                            <a href="https://www.spesati.com/bread-and-pasta" class="estDynamic">Bread and pasta</a>
                        </li>
                        <li>
                            <a href="https://www.spesati.com/meat" class="estDynamic">Meat</a>
                        </li>
                        <li>
                            <a href="https://www.spesati.com/fish" class="estDynamic">Fish</a>
                        </li>
                    </ul>
                </div>
                <div class="col">
                    <ul>
                        <li>
                            <a href="https://www.spesati.com/wine-beer-and-spirits" class="estDynamic">Wine beer and spirits</a>
                        </li>
                        <li>
                            <a href="https://www.spesati.com/water-and-drinks" class="estDynamic">Water and drinks</a>
                        </li>
                        <li>
                            <a href="https://www.spesati.com/sweets" class="estDynamic">Sweets</a>
                        </li>
                        <li>
                            <a href="https://www.spesati.com/shelf" class="estDynamic">Cupboard</a>
                        </li>
                        <li>
                            <a href="https://www.spesati.com/personal-care" class="estDynamic">Personal care</a>
                        </li>
                        <li>
                            <a href="https://www.spesati.com/household-and-outdoors" class="estDynamic">Home and outdoors</a>
                        </li>
                        <li>
                            <a href="https://www.spesati.com/pet" class="estDynamic">Pets</a>
                        </li>
                    </ul>
                </div>
                <div class="col">
                    <ul>
                        <li>
                            <a href="https://www.spesati.com/technology" class="estDynamic">Technology</a>
                        </li>
                        <li>
                            <a href="https://www.spesati.com/gluten-free" class="estDynamic">Gluten free</a>
                        </li>
                        <li>
                            <a href="https://www.spesati.com/lactose-free" class="estDynamic">Lactose free</a>
                        </li>
                        <li>
                            <a href="https://www.spesati.com/special" class="estDynamic">Special</a>
                        </li>
                        <li>
                            <a href="https://www.spesati.com/sardinian-products" class="estDynamic">Sardinian products</a>
                        </li>
                    </ul>
                </div>
            </div>
            <div class="bottom bgRed">
                <div class="left">
                    <h3>Delivery payment</h3>
                    <div>
                        <i class="fa fa-money fa-3x" aria-hidden="true"></i>
                        <p>Cash</p>
                    </div>
                    <div>
                        <i class="fa fa-credit-card fa-3x" aria-hidden="true"></i>
                        <p>Bancomat or card</p>
                    </div>
                </div>
                <div class="right">
                    <h3>Online payment</h3>
                    <div>
                        <i class="fa fa-credit-card fa-3x" aria-hidden="true"></i>
                        <p>Credit or debit card <span class="red">online</span></p>
                    </div>
                    <div>
                        <i class="fa fa-paypal fa-3x" aria-hidden="true"></i>
                        <p>PayPal</p>
                    </div>
                    <div>
                        <i class="fa fa-university fa-3x" aria-hidden="true"></i>
                        <p>Bank transfer</p>
                    </div>
                </div>
            </div>
        </div>
        <div class="right bgRed">
            <div>
                <i class="fa fa-truck fa-flip-horizontal"></i>
                <a class="button bgYellow white" href="https://www.spesati.com/delivery-prices">Delivery prices</a>
                
                    <h3>Home delivery:</h3>
                    <p><b>Monday to Saturday</b></p>
                    <p><b>9:00 to 20:00</b></p>
                    <p><b>Minimum order:</b> 29€</p>
                    <p><b>Delivery starting from:</b> 3,50€</p>
                            </div>
            <ul>
                <li>
                    <a href="https://www.spesati.com/delivery-prices">Delivery prices</a>
                </li>
                <li>
                    <a href="https://www.spesati.com/about">About</a>
                </li>
                <li>
                    <a href="https://www.spesati.com/faq">Faq</a>
                </li>
                <li>
                    <a href="https://www.spesati.com/customer-care">Support</a>
                </li>
                <li>
                    <a href="https://www.spesati.com/news">Blog</a>
                </li>
                <li>
                    <a href="https://www.spesati.com/terms-and-conditions">Conditions</a>
                </li>
                <li>
                    <a href="https://www.spesati.com/privacy-policy">Privacy policy</a>
                </li>
                <li>
                    <a href="https://www.spesati.com/legal-warranty">Legal guarantee</a>
                </li>
            </ul>
        </div>
    </footer>
    <div class="bgRed"></div>
</div>
<!--Start of Tawk.to Script-->
<script data-cfasync="false" src="https://www.spesati.com/cdn-cgi/scripts/5c5dd728/cloudflare-static/email-decode.min.js"></script><script type="text/javascript">
var Tawk_API=Tawk_API||{}, Tawk_LoadStart=new Date();
(function(){
var s1=document.createElement("script"),s0=document.getElementsByTagName("script")[0];
s1.async=true;
s1.src='https://embed.tawk.to/59e86945c28eca75e4626ed9/default';
s1.charset='UTF-8';
s1.setAttribute('crossorigin','*');
s0.parentNode.insertBefore(s1,s0);
})();
</script>
<!--End of Tawk.to Script-->

<!-- Here are parked a few translatable strings, useful for Javascript rendering -->
<div id="js-texts" hidden>
    <input type="hidden" name="save_cart_notice" value="Saving your cart it will be possible to reload it next time you come for shopping">
    <input type="hidden" name="save_cart_notice_title" value="Want to save your cart?">
    <input type="hidden" name="save_cart_ok" value="Save">
    <input type="hidden" name="save_cart_ko" value="Don't Save">
    <input type="hidden" name="reload_cart" value="The Reload Order function allows you to top up your last cart to make a New Order. Warning: do not use this function to add products to the last order. At this time it is not possible to modify an order placed previously.">
</div>

<!-- new site and login popup -->
</body>
<!-- Mirrored from www.spesati.com/sardinian-products/bread-and-pasta by HTTrack Website Copier/3.x [XR&CO'2014], Fri, 23 Feb 2024 18:50:20 GMT -->
</html>