<!DOCTYPE html><html lang="en">
<!-- Mirrored from www.spesati.com/sardinian-products/dairy-product by HTTrack Website Copier/3.x [XR&CO'2014], Fri, 23 Feb 2024 18:50:20 GMT -->
<!-- Added by HTTrack --><meta http-equiv="content-type" content="text/html;charset=utf-8" /><!-- /Added by HTTrack -->
<head>
    <title>Dairy product - Sardinian products - Spesati.com</title>
    <meta http-equiv="Content-Type" content="text/html; charset=UTF-8" />
    <meta name="description" content="" />
    <meta name="keywords" content="" />
    <link href="https://www.spesati.com/images/favicon.ico" rel="shortcut icon" type="image/x-icon" />
    <meta name="author" content="www.dodify.com" /><link rel="canonical" href="https://www.spesati.com/sardinian-products/dairy-product" /><link rel="alternate" hreflang="en" href="https://www.spesati.com/sardinian-products/dairy-product" /><link rel="alternate" hreflang="it" href="https://www.spesati.it/prodotti-sardi/latticini" /><link href="https://cdnjs.cloudflare.com/ajax/libs/meyer-reset/2.0/reset.min.css" rel="stylesheet" type="text/css" /><link href="https://cdnjs.cloudflare.com/ajax/libs/font-awesome/6.5.1/css/all.min.css" rel="stylesheet" type="text/css" /><link href="https://fonts.googleapis.com/css?family=Montserrat:400,700" rel="stylesheet" type="text/css" /><link href="http://cdnjs.cloudflare.com/ajax/libs/fancybox/2.1.5/jquery.fancybox.min.css" rel="stylesheet" type="text/css" /><link href="https://www.spesati.com/style/main.css?v=7" rel="stylesheet" type="text/css" /><link href="https://www.spesati.com/style/lightslider.css" rel="stylesheet" type="text/css" /><link href="https://www.spesati.com/style/categories.css" rel="stylesheet" type="text/css" /><script src="https://cdnjs.cloudflare.com/ajax/libs/jquery/3.6.1/jquery.min.js" type="text/javascript"></script><script src="http://ajax.googleapis.com/ajax/libs/jquery/1.11.0/jquery.min.js" type="text/javascript"></script><script src="http://unpkg.com/@floating-ui/core@0.4.0" type="text/javascript"></script><script src="http://unpkg.com/@floating-ui/dom@0.2.0" type="text/javascript"></script><script src="http://cdnjs.cloudflare.com/ajax/libs/fancybox/2.1.5/jquery.fancybox.min.js" type="text/javascript"></script><script src="https://www.spesati.com/js/menu.js" type="text/javascript"></script><script src="https://www.spesati.com/js/interface.js?v=10" type="text/javascript"></script><script src="https://www.spesati.com/js/spesati.lightslider.min.js" type="text/javascript"></script><meta name="viewport" content="width=device-width, initial-scale=1, maximum-scale=1" /><meta name = "format-detection" content = "telephone=no">
<!-- Facebook Pixel Code -->
<script>
  !function(f,b,e,v,n,t,s)
  {if(f.fbq)return;n=f.fbq=function(){n.callMethod?
  n.callMethod.apply(n,arguments):n.queue.push(arguments)};
  if(!f._fbq)f._fbq=n;n.push=n;n.loaded=!0;n.version='2.0';
  n.queue=[];t=b.createElement(e);t.async=!0;
  t.src=v;s=b.getElementsByTagName(e)[0];
  s.parentNode.insertBefore(t,s)}(window, document,'script',
  'https://connect.facebook.net/en_US/fbevents.js');
  fbq('init', '792335014180667');
  fbq('track', 'PageView');
</script>
<noscript>
    <img height="1" width="1" style="display:none" src="https://www.facebook.com/tr?id=792335014180667&amp;ev=PageView&amp;noscript=1" />
</noscript>
<!-- End Facebook Pixel Code -->

<!-- GA4 -->
<script async src="https://www.googletagmanager.com/gtag/js?id=G-SSS6NRNXL0"></script>
<script>
  window.dataLayer = window.dataLayer || [];
  function gtag(){dataLayer.push(arguments);}
  gtag('js', new Date());
  gtag('config', 'AW-976671669');
  gtag('config', 'G-SSS6NRNXL0');
</script>
<!-- Elements for PWA deploy -->
<link rel="manifest" href="https://www.spesati.com/manifest.json">
<meta name="theme-color" media="(prefers-color-scheme: light)" content="white">
<meta name="theme-color" media="(prefers-color-scheme: dark)"  content="black">
<link href=https://www.spesati.com/images/icon-192.png rel=apple-touch-icon sizes="192x192">
<!-- Establishment logic -->
<script>var pageEstablishment = "Olbia"; var estDefaultPages = true</script>
    <!--[if lt IE 9]>
        <script src="https://cdnjs.cloudflare.com/ajax/libs/html5shiv/3.7.3/html5shiv.min.js" type="text/javascript"></script>
    <![endif]--><script type="text/javascript">
$(document).ready(function() {
    // Check if exists cookie
    if(document.cookie.indexOf("cookieAccepted") < 0) {
        var cookieText = '<div id=\"cookie\"><p>This site uses cookies. Cookies are used for ads personalisation. <a href=\"/privacy-policy\">More info</a></p><button id=\"cookieConsent\" type=\"button\">Accept</button></div>';
        $("body").append($(
            cookieText
        ));
        $('#cookie').css({
            'width'           : '100%',
            'text-align'      : 'center',
            'color'           : '#FFFFFF',
            'background-color': '#000000', 
            'opacity'         : '.8', 
            'position'        : 'fixed', 
            'bottom'          : '0',
            'padding'         : '.5em 0',
            'z-index'         : '999'
        });
        $('#cookie > *').css({
            'display': 'inline'
        });
        $('#cookie a').css({
            'color'          : '#FFFFFF',
            'text-decoration': 'underline',
            'margin-right'   : '2%'
        });
        $('#cookieConsent').click(function() {
            // Set cookie
            var expiry = new Date();
            expiry.setTime(expiry.getTime() + (365 * 24 * 60 * 60 * 1000));
            document.cookie = "cookieAccepted=yes; expires=" + expiry.toGMTString() + "; path=/; domain=.spesati.com";
            $('#cookie').css({'display': 'none'});
        });
    }
});
</script></head><body><script type="text/javascript">
    var addText = "Add";
    var slider  = null;
    $(document).ready(function() {
        slider = $('#cartSlider').lightSlider({
            controls: false,
            item:13,
            loop:false,
            slideMove:1,
            easing: 'cubic-bezier(0.25, 0, 0.25, 1)',
            speed:600,
            responsive : [
                {
                    breakpoint:1400,
                    settings: {
                        item:12,
                        slideMove:1,
                    }
                },
                {
                    breakpoint:1200,
                    settings: {
                        item:11,
                        slideMove:1,
                    }
                },
                {
                    breakpoint:1080,
                    settings: {
                        item:14,
                        slideMove:1,
                    }
                },
                {
                    breakpoint:800,
                    settings: {
                        item:12,
                        slideMove:1,
                    }
                }
            ]
        });
        $('.lSPager').css("display","none");
        $('.lSAction').css("display","block");
        $('#goToPrevSlide').on('click', function () {
            slider.goToPrevSlide();
        });
        $('#goToNextSlide').on('click', function () {
            slider.goToNextSlide();
        });
    });

</script>
<div id="header" class="bgYellow">
    <header>
        <a class="menu" href="#"><i class="fa red fa-bars fa-2x"></i></a>
        <a id="logo" class="colLeft estDynamic" href="https://www.spesati.com/">
            <img src="http://cdn.spesati.com/images/layout/logo-eng.png" alt="Spesati.com" />
            <h2 class="red">Grocery Delivery</h2>
        </a>
        <div class="colRight">
            <div id="controls" class="right">
                <p id="establishmentControls">
                    <span class="establishmentWarning"><i class="fa-solid fa-triangle-exclamation red" title="Stai visualizzando i prodotti disponibili in una zona diversa. Se vuoi cambiare zona, cliccan qui"></i>&nbsp;&nbsp;</span>
                    Shopping from <b><a id="establishment" href="#"></a></b> <span id="estAddress">for </span> <a href="https://www.spesati.com/change-establishment">(<i class="fa-solid fa-pencil"></i> Change)</a> <span class="establishmentWarning">but viewing <b>Olbia</b></span>
                </p>
                <p><a href="https://www.spesati.it/prodotti-sardi/latticini" class="black switch-site">Versione italiana</a></p>                
            </div>
            <div>
                <form id="search" action="https://www.spesati.com/search" method="post" class="left">
                    <fieldset>
                        <div>
                            <input type="text" name="searchBox" id="searchBox" placeholder="Search for a product"></input>
                            <input id="searchButton" type="submit" name="searchButton" class="button bgRed white left" value="Find" />
                        </div>
                    </fieldset>
                </form>
                <div class="center left">
                    <a class="button bgRed white log-in" href="https://www.spesati.com/login">Login</a>
                    <a class="button bgRed white sign-up" href="https://www.spesati.com/sign-up">Sign up</a>
                    <a class="button bgRed white profile" href="https://www.spesati.com/profile">Profile</a>
                    <a class="button bgRed white log-out" href="https://www.spesati.com/logout" data-endpoint-check-cart="https://api.spesati.com/cart/check">Logout</a>
                </div>
                <div class="right user-function-icons">
                    <a class="red left account"><i class="fa fa-user fa-3x"></i></a>
                    <div id="dropdown">
                        <a class="log-in button bgRed white" href="https://www.spesati.com/login">Login</a>
                        <a class="sign-up button bgRed white" href="https://www.spesati.com/sign-up">Sign up</a>
                        <a class="profile button bgRed white" href="https://www.spesati.com/profile">Profile</a>
                        <a class="log-out button bgRed white" href="https://www.spesati.com/logout">Logout</a>
                    </div>

                    <div class="cart left">
                        <i class="fa fa-sm fa-shopping-cart red" aria-hidden="true" id="shipping-cart-button"></i>
                        <p id="cartQuantity"></p>
                    </div>

                    <a class="right" href="https://www.spesati.com/cart"><p class="black" id="cartTotal"></p></a>
                </div>
            </div>
                            <div id="previewCart">
                    <i id="goToPrevSlide" class="yellow fa fa-angle-left fa-2x" aria-hidden="true"></i>
                    <div><ul id="cartSlider"></ul></div>
                    <i id="goToNextSlide" class="yellow fa fa-angle-right fa-2x" aria-hidden="true"></i>
                </div>
                    </div>
    </header>

    <div id="shipping-cart-options" data-inited="false">
        <a href="https://www.spesati.com/cart" class="goto-cart">checkout</a>
        <a href="#" data-endpoint-auth="https://api.spesati.com/cart/save" data-endpoint-noauth="/login" class="save-cart">save</a>
        <a href="#" data-endpoint-auth="https://api.spesati.com/cart/load" class="load-cart">load</a>
    </div>
</div>
<div id="menuCategoriesMobile" class="mobile bgRed">
    <div class="closeMenu">
        <i class="fa fa-times fa-2x white"></i>
        Close
    </div>
    <ul class="bgRed white">
        <div id="langMobile" class="right">
        <a href="https://www.spesati.it/prodotti-sardi/latticini" class="white switch-site"><p>Versione italiana</p></a>    </div>
        <li><a>Categories</a>
            <ul class="bgWhite">
                <li>
                    <img src="http://cdn.spesati.com/images/menu/on-sale.png"/>
                    On sale                    <i class="fa fa-angle-down" aria-hidden="true"></i>
                    <ul class="sub-menu">
                    <li>
    <a href="https://www.spesati.com/tacchino-fesa-a-fette">Tacchino Fesa A Fette</a>
</li><li>
    <a href="https://www.spesati.com/amaro-montenegro-15lt">Amaro Montenegro 1,5lt</a>
</li><li>
    <a href="https://www.spesati.com/carbone-di-legna-sacco-10kg">Carbone Di Legna Sacco 10Kg</a>
</li><li>
    <a href="https://www.spesati.com/filu-e-ferru-silvio-carta-70cl">Filu E Ferru Silvio Carta 70Cl</a>
</li><li>
    <a href="https://www.spesati.com/braciole-suino-con-cotenna">Braciole Suino Con Cotenna</a>
</li><li>
    <a href="https://www.spesati.com/bovino-adulto-polpa">Bovino Adulto Polpa</a>
</li><li>
    <a href="https://www.spesati.com/vino-la-palma-cannonau-le-bombarde">Vino La Palma Cannonau Le Bombarde</a>
</li><li>
    <a href="https://www.spesati.com/fettine-sceltissime-bovino-adulto">Fettine Sceltissime Bovino Adulto</a>
</li><li>
    <a href="https://www.spesati.com/suino-fettine-scelte">Suino Fettine Scelte</a>
</li><li>
    <a href="https://www.spesati.com/lavazza-caffe-qualita-rossa-2x250gr">Lavazza Caffé Qualità Rossa 2x250gr</a>
</li>                        <li>
                            <a class="estDynamic" href="https://www.spesati.com/on-offer">All products on sale</a>
                        </li>
                    </ul>
                </li>
                <li>
                    <img src="http://cdn.spesati.com/images/menu/gift.png"/>
                    Gifts                    <i class="fa fa-angle-down" aria-hidden="true"></i>
                    <ul class="sub-menu">
                        <li>
    <a href="https://www.spesati.com/gift-card-da-150">Gift Card Da 150</a>
</li><li>
    <a href="https://www.spesati.com/gift-card-da-100">Gift Card Da 100</a>
</li><li>
    <a href="https://www.spesati.com/gift-card-da-50">Gift Card Da 50</a>
</li><li>
    <a href="https://www.spesati.com/gift-card-da-25">Gift Card Da 25</a>
</li>                        <li>
                            <a class="estDynamic" href="https://www.spesati.com/gift">All products in the gifts category</a>
                        </li>
                    </ul>
                </li>
                <li>
                    <img src="http://cdn.spesati.com/images/menu/gift-card.png"/>
                    Gift card and discounts                    <i class="fa fa-angle-down" aria-hidden="true"></i>
                    <ul class="sub-menu">
                        <li>
    <a href="https://www.spesati.com/gift-card-da-150">Gift Card Da 150</a>
</li><li>
    <a href="https://www.spesati.com/gift-card-da-100">Gift Card Da 100</a>
</li><li>
    <a href="https://www.spesati.com/gift-card-da-50">Gift Card Da 50</a>
</li><li>
    <a href="https://www.spesati.com/gift-card-da-25">Gift Card Da 25</a>
</li>                    </ul>
                </li>
                <li>
                    <img src="http://cdn.spesati.com/images/menu/fuit-and-vegetables.png"/>
                    Fruit and vegetables                    <i class="fa fa-angle-down" aria-hidden="true"></i>
                    <ul class="sub-menu">
                        <li>
                            <a class="estDynamic" href="https://www.spesati.com/fruit-and-vegetables/pulses-and-beans">Cereals and pulses and beans</a>
                        </li>
                        <li>
                            <a class="estDynamic" href="https://www.spesati.com/fruit-and-vegetables/fruit">Fruit</a>
                        </li>
                        <li>
                            <a class="estDynamic" href="https://www.spesati.com/fruit-and-vegetables/canned-fruit">Canned fruit</a>
                        </li>
                        <li>
                            <a class="estDynamic" href="https://www.spesati.com/fruit-and-vegetables/dried-fruit">Dried fruit</a>
                        </li>
                        <li>
                            <a class="estDynamic" href="https://www.spesati.com/fruit-and-vegetables/ready-salads">Ready salads</a>
                        </li>
                        <li>
                            <a class="estDynamic" href="https://www.spesati.com/fruit-and-vegetables/fresh-spices">Fresh spices</a>
                        </li>
                        <li>
                            <a class="estDynamic" href="https://www.spesati.com/fruit-and-vegetables/vegetables">Vegetables and soy</a>
                        </li>
                    </ul>
                </li>
                <li>
                    <img src="http://cdn.spesati.com/images/menu/fresh-products.png"/>
                    Fresh products                    <i class="fa fa-angle-down" aria-hidden="true"></i>
                    <ul class="sub-menu">
                        <li>
                            <a class="estDynamic" href="https://www.spesati.com/fresh-products/margarine-and-butter">Butter and margarine</a>
                        </li>
                        <li>
                            <a class="estDynamic" href="https://www.spesati.com/fresh-products/danone">Danone</a>
                        </li>
                        <li>
                            <a class="estDynamic" href="https://www.spesati.com/fresh-products/dessert">Dessert</a>
                        </li>
                        <li>
                            <a class="estDynamic" href="https://www.spesati.com/fresh-products/sweets">Sweets</a>
                        </li>
                        <li>
                            <a class="estDynamic" href="https://www.spesati.com/fresh-products/dairy-products">Dairy product</a>
                        </li>
                        <li>
                            <a class="estDynamic" href="https://www.spesati.com/fresh-products/bakery">Yeast</a>
                        </li>
                        <li>
                            <a class="estDynamic" href="https://www.spesati.com/fresh-products/mascarpone">Mascarpone</a>
                        </li>
                        <li>
                            <a class="estDynamic" href="https://www.spesati.com/fresh-products/snacks">Snacks</a>
                        </li>
                        <li>
                            <a class="estDynamic" href="https://www.spesati.com/fresh-products/mozzarella">Mozzarella</a>
                        </li>
                        <li>
                            <a class="estDynamic" href="https://www.spesati.com/fresh-products/pasta">Pasta</a>
                        </li>
                        <li>
                            <a class="estDynamic" href="https://www.spesati.com/fresh-products/pesto-and-sauces">Pesto and sauces</a>
                        </li>
                        <li>
                            <a class="estDynamic" href="https://www.spesati.com/fresh-products/ricotta-and-cheese">Ricotta and cheese</a>
                        </li>
                        <li>
                            <a class="estDynamic" href="https://www.spesati.com/fresh-products/cured-meat">Cured meat</a>
                        </li>
                        <li>
                            <a class="estDynamic" href="https://www.spesati.com/fresh-products/wurstel">Würstel</a>
                        </li>
                        <li>
                            <a class="estDynamic" href="https://www.spesati.com/fresh-products/yogurt">Yogurt</a>
                        </li>
                    </ul>
                </li>
                <li>
                    <img src="http://cdn.spesati.com/images/menu/frozen-foods.png"/>
                    Frozen foods                    <i class="fa fa-angle-down" aria-hidden="true"></i>
                    <ul class="sub-menu">
                        <li>
                            <a class="estDynamic" href="https://www.spesati.com/frozen-foods/meat">Meat</a>
                        </li>
                        <li>
                            <a class="estDynamic" href="https://www.spesati.com/frozen-foods/ice-creams">Ice cream and sweet</a>
                        </li>
                        <li>
                            <a class="estDynamic" href="https://www.spesati.com/frozen-foods/pasta">Pasta</a>
                        </li>
                        <li>
                            <a class="estDynamic" href="https://www.spesati.com/frozen-foods/fish">Fish</a>
                        </li>
                        <li>
                            <a class="estDynamic" href="https://www.spesati.com/frozen-foods/ready-meals">Ready meals</a>
                        </li>
                        <li>
                            <a class="estDynamic" href="https://www.spesati.com/frozen-foods/pizzas">Pizzas</a>
                        </li>
                        <li>
                            <a class="estDynamic" href="https://www.spesati.com/frozen-foods/vegetables">Vegetables and soy</a>
                        </li>
                    </ul>
                </li>
                <li>
                    <img src="http://cdn.spesati.com/images/menu/bread-and-pasta.png"/>
                    Bread and pasta                    <i class="fa fa-angle-down" aria-hidden="true"></i>
                    <ul class="sub-menu">
                        <li>
                            <a class="estDynamic" href="https://www.spesati.com/bread-and-pasta/crackers">Crackers</a>
                        </li>
                        <li>
                            <a class="estDynamic" href="https://www.spesati.com/bread-and-pasta/rusks">Rusks</a>
                        </li>
                        <li>
                            <a class="estDynamic" href="https://www.spesati.com/bread-and-pasta/white-bread">White bread</a>
                        </li>
                        <li>
                            <a class="estDynamic" href="https://www.spesati.com/bread-and-pasta/local-bread">Local bread</a>
                        </li>
                        <li>
                            <a class="estDynamic" href="https://www.spesati.com/bread-and-pasta/soft-bread">Soft bread</a>
                        </li>
                        <li>
                            <a class="estDynamic" href="https://www.spesati.com/bread-and-pasta/sardinian-bread">Sardinian bread</a>
                        </li>
                        <li>
                            <a class="estDynamic" href="https://www.spesati.com/bread-and-pasta/bakery">Bakery</a>
                        </li>
                        <li>
                            <a class="estDynamic" href="https://www.spesati.com/bread-and-pasta/pasta">Pasta</a>
                        </li>
                        <li>
                            <a class="estDynamic" href="https://www.spesati.com/bread-and-pasta/fresh-pasta">Fresh pasta</a>
                        </li>
                    </ul>
                </li>
                <li>
                    <img src="http://cdn.spesati.com/images/menu/meat.png"/>
                    Meat                    <i class="fa fa-angle-down" aria-hidden="true"></i>
                    <ul class="sub-menu">
                        <li>
                            <a class="estDynamic" href="https://www.spesati.com/meat/beef">Beef</a>
                        </li>
                        <li>
                            <a class="estDynamic" href="https://www.spesati.com/meat/goat">Goat</a>
                        </li>
                        <li>
                            <a class="estDynamic" href="https://www.spesati.com/meat/packaged-meat">Packaged meat</a>
                        </li>
                        <li>
                            <a class="estDynamic" href="https://www.spesati.com/meat/rabbit">Rabbit</a>
                        </li>
                        <li>
                            <a class="estDynamic" href="https://www.spesati.com/meat/horse">Horse</a>
                        </li>
                        <li>
                            <a class="estDynamic" href="https://www.spesati.com/meat/pork">Pork</a>
                        </li>
                        <li>
                            <a class="estDynamic" href="https://www.spesati.com/meat/lamb">Lamb</a>
                        </li>
                        <li>
                            <a class="estDynamic" href="https://www.spesati.com/meat/poultry">Poultry</a>
                        </li>
                    </ul>
                </li>
                <li>
                    <img src="http://cdn.spesati.com/images/menu/fish.png"/>
                    Fish                    <i class="fa fa-angle-down" aria-hidden="true"></i>
                    <ul class="sub-menu">
                        <li>
                            <a class="estDynamic" href="https://www.spesati.com/fish/fresh-water">Fresh water</a>
                        </li>
                        <li>
                            <a class="estDynamic" href="https://www.spesati.com/fish/salt-water">Salt water</a>
                        </li>
                        <li>
                            <a class="estDynamic" href="https://www.spesati.com/fish/mussels">Mussels</a>
                        </li>
                        <li>
                            <a class="estDynamic" href="https://www.spesati.com/fish/dried-and-salted">Dried and salted</a>
                        </li>
                        <li>
                            <a class="estDynamic" href="https://www.spesati.com/fish/seafood-salad">Seafood salad</a>
                        </li>
                        <li>
                            <a class="estDynamic" href="https://www.spesati.com/fish/prepared">Prepared</a>
                        </li>
                        <li>
                            <a class="estDynamic" href="https://www.spesati.com/fish/specialty">Specialty</a>
                        </li>   
                        <li>
                            <a class="estDynamic" href="https://www.spesati.com/fish/tuna-and-salmon">Tuna and salmon</a>
                        </li>
                    </ul>
                </li>
                <li>
                    <img src="http://cdn.spesati.com/images/menu/alcohol.png"/>
                    Wine beer and spirits                    <i class="fa fa-angle-down" aria-hidden="true"></i>
                    <ul class="sub-menu">
                        <li>
                            <a class="estDynamic" href="https://www.spesati.com/wine-beer-and-spirits/spirits-and-liquors">Alcohol</a>
                        </li>
                        <li>
                            <a class="estDynamic" href="https://www.spesati.com/wine-beer-and-spirits/bitters">Bitters</a>
                        </li>
                        <li>
                            <a class="estDynamic" href="https://www.spesati.com/wine-beer-and-spirits/aperatif">Aperatifs</a>
                        </li>
                        <li>
                            <a class="estDynamic" href="https://www.spesati.com/wine-beer-and-spirits/beer">Beer</a>
                        </li>
                        <li>
                            <a class="estDynamic" href="https://www.spesati.com/wine-beer-and-spirits/creams">Creams</a>
                        </li>
                        <li>
                            <a class="estDynamic" href="https://www.spesati.com/wine-beer-and-spirits/spirits">Spirits</a>
                        </li>
                        <li>
                            <a class="estDynamic" href="https://www.spesati.com/wine-beer-and-spirits/liquors">Liquors</a>
                        </li>
                        <li>
                            <a class="estDynamic" href="https://www.spesati.com/wine-beer-and-spirits/white-wine">White wine</a>
                        </li>
                        <li>
                            <a class="estDynamic" href="https://www.spesati.com/wine-beer-and-spirits/prosecco-wine">Prosecco wine</a>
                        </li>
                        <li>
                            <a class="estDynamic" href="https://www.spesati.com/wine-beer-and-spirits/rose-wine">Rose wine</a>
                        </li>
                        <li>
                            <a class="estDynamic" href="https://www.spesati.com/wine-beer-and-spirits/red-wine">Red wine</a>
                        </li>
                        <li>
                            <a class="estDynamic" href="https://www.spesati.com/wine-beer-and-spirits/specialty-wine">Special wine</a>
                        </li>
                        <li>
                            <a class="estDynamic" href="https://www.spesati.com/wine-beer-and-spirits/sparkling-wine">Sparkling wine</a>
                        </li>
                        <li>
                            <a class="estDynamic" href="https://www.spesati.com/wine-beer-and-spirits/vermentino-wine">Vermentino wine</a>
                        </li>
                    </ul>
                </li>
                <li>
                    <img src="http://cdn.spesati.com/images/menu/water-and-drinks.png"/>
                    Water and drinks                    <i class="fa fa-angle-down" aria-hidden="true"></i>
                    <ul class="sub-menu">
                        <li>
                            <a class="estDynamic" href="https://www.spesati.com/water-and-drinks/san-martino">San Martino</a>
                        </li>
                        <li>
                            <a class="estDynamic" href="https://www.spesati.com/water-and-drinks/water">Water</a>
                        </li>
                        <li>
                            <a class="estDynamic" href="https://www.spesati.com/water-and-drinks/alpro">Alpro</a>
                        </li>
                        <li>
                            <a class="estDynamic" href="https://www.spesati.com/water-and-drinks/fizzy-drinks">Fizzy drinks</a>
                        </li>
                        <li>
                            <a class="estDynamic" href="https://www.spesati.com/water-and-drinks/coca-cola">Coca-Cola</a>
                        </li>
                        <li>
                            <a class="estDynamic" href="https://www.spesati.com/water-and-drinks/energy-drink">Energy drink</a>
                        </li>
                        <li>
                            <a class="estDynamic" href="https://www.spesati.com/water-and-drinks/syrups">Syrups</a>
                        </li>
                        <li>
                            <a class="estDynamic" href="https://www.spesati.com/water-and-drinks/supplements">Supplements</a>
                        </li>
                        <li>
                            <a class="estDynamic" href="https://www.spesati.com/water-and-drinks/instant-drinks">Instant drinks</a>
                        </li>
                        <li>
                            <a class="estDynamic" href="https://www.spesati.com/water-and-drinks/juice">Juice</a>
                        </li>
                        <li>
                            <a class="estDynamic" href="https://www.spesati.com/water-and-drinks/tea">Tea</a>
                        </li>
                    </ul>
                </li>
                <li>
                    <img src="http://cdn.spesati.com/images/menu/sweets.png"/>
                    Sweets                    <i class="fa fa-angle-down" aria-hidden="true"></i>
                    <ul class="sub-menu">
                        <li>
                            <a class="estDynamic" href="https://www.spesati.com/sweets/bars-and-snacks">Bars and snacks</a>
                        </li>
                        <li>
                            <a class="estDynamic" href="https://www.spesati.com/sweets/biscuits">Biscuits</a>
                        </li>
                        <li>
                            <a class="estDynamic" href="https://www.spesati.com/sweets/brioches">Brioches</a>
                        </li>
                        <li>
                            <a class="estDynamic" href="https://www.spesati.com/sweets/candy-and-chewing-gum">Candy and chewing gum</a>
                        </li>
                        <li>
                            <a class="estDynamic" href="https://www.spesati.com/sweets/cereals">Cereals</a>
                        </li>
                        <li>
                            <a class="estDynamic" href="https://www.spesati.com/sweets/chocolate">Chocolate</a>
                        </li>
                        <li>
                            <a class="estDynamic" href="https://www.spesati.com/sweets/spreadable-creams">Spreads</a>
                        </li>
                        <li>
                            <a class="estDynamic" href="https://www.spesati.com/sweets/dessert-toppings">Dessert toppings</a>
                        </li>
                        <li>
                            <a class="estDynamic" href="https://www.spesati.com/sweets/jam">Jam</a>
                        </li>
                        <li>
                            <a class="estDynamic" href="https://www.spesati.com/sweets/honey">Honey</a>
                        </li>
                        <li>
                            <a class="estDynamic" href="https://www.spesati.com/sweets/panettoni-and-pandoro">Panettone and pandoro</a>
                        </li>
                        <li>
                            <a class="estDynamic" href="https://www.spesati.com/sweets/pastry">Pastry</a>
                        </li>
                        <li>
                            <a class="estDynamic" href="https://www.spesati.com/sweets/instant-dessert">Prepared</a>
                        </li>
                        <li>
                            <a class="estDynamic" href="https://www.spesati.com/sweets/cakes-and-pies">Cakes and pies</a>
                        </li>
                        <li>
                            <a class="estDynamic" href="https://www.spesati.com/sweets/easter-eggs-and-doves">Easter eggs and doves</a>
                        </li>
                    </ul>
                </li>
                <li>
                    <img src="http://cdn.spesati.com/images/menu/shelf.png"/>
                    Cupboard                    <i class="fa fa-angle-down" aria-hidden="true"></i>
                    <ul class="sub-menu">
                        <li>
                            <a class="estDynamic" href="https://www.spesati.com/shelf/coffee">Coffee</a>
                        </li>
                        <li>
                            <a class="estDynamic" href="https://www.spesati.com/shelf/gift-baskets">Gift baskets</a>
                        </li>
                        <li>
                            <a class="estDynamic" href="https://www.spesati.com/shelf/stock-cubes">Nuts and preparations</a>
                        </li>
                        <li>
                            <a class="estDynamic" href="https://www.spesati.com/shelf/flour-and-baking">Flour and baking</a>
                        </li>
                        <li>
                            <a class="estDynamic" href="https://www.spesati.com/shelf/milk">Milk</a>
                        </li>
                        <li>
                            <a class="estDynamic" href="https://www.spesati.com/shelf/oil-salt-vinegar">Oil, vinegar and salt</a>
                        </li>
                        <li>
                            <a class="estDynamic" href="https://www.spesati.com/shelf/cream-and-bechamel">Cream and bechamel</a>
                        </li>
                        <li>
                            <a class="estDynamic" href="https://www.spesati.com/shelf/crisps-and-pretzels">Crisps and pretzels</a>
                        </li>
                        <li>
                            <a class="estDynamic" href="https://www.spesati.com/shelf/baby-and-infants-products">Early childhood products</a>
                        </li>
                        <li>
                            <a class="estDynamic" href="https://www.spesati.com/shelf/rice">Rice</a>
                        </li>
                        <li>
                            <a class="estDynamic" href="https://www.spesati.com/shelf/tins-and-preserves">Tins and Preserves</a>
                        </li>
                        <li>
                            <a class="estDynamic" href="https://www.spesati.com/shelf/spices">Spices</a>
                        </li>
                        <li>
                            <a class="estDynamic" href="https://www.spesati.com/shelf/sauces">Sauces</a>
                        </li>
                        <li>
                            <a class="estDynamic" href="https://www.spesati.com/shelf/tea-and-infusions">Tea and infusions</a>
                        </li>
                        <li>
                            <a class="estDynamic" href="https://www.spesati.com/shelf/eggs">Eggs</a>
                        </li>
                        <li>
                            <a class="estDynamic" href="https://www.spesati.com/shelf/sugar-and-sweeteners">Sugar and sweeteners</a>
                        </li>
                    </ul>
                </li>
                <li>
                    <img src="http://cdn.spesati.com/images/menu/personal-care.png"/>
                    Personal care                    <i class="fa fa-angle-down" aria-hidden="true"></i>
                    <ul class="sub-menu">
                        <li>
                            <a class="estDynamic" href="https://www.spesati.com/personal-care/accessories-and-cotton">Accessories and cotton</a>
                        </li>
                        <li>
                            <a class="estDynamic" href="https://www.spesati.com/personal-care/feminine-care-incontinence-and-baby-diapers">Feminine incontinence and diapers</a>
                        </li>
                        <li>
                            <a class="estDynamic" href="https://www.spesati.com/personal-care/shower-gel">Shower gel</a>
                        </li>
                        <li>
                            <a class="estDynamic" href="https://www.spesati.com/personal-care/creams">Creams</a>
                        </li>
                        <li>
                            <a class="estDynamic" href="https://www.spesati.com/personal-care/deodorant">Deodorant</a>
                        </li>
                        <li>
                            <a class="estDynamic" href="https://www.spesati.com/personal-care/hair-removal">Hair removal</a>
                        </li>
                        <li>
                            <a class="estDynamic" href="https://www.spesati.com/personal-care/disinfectants">Disinfectants</a>
                        </li>
                        <li>
                            <a class="estDynamic" href="https://www.spesati.com/personal-care/oral-hygiene">Oral hygiene</a>
                        </li>
                        <li>
                            <a class="estDynamic" href="https://www.spesati.com/personal-care/supplements-and-multivitamins">Supplements and multivitamins</a>
                        </li>
                        <li>
                            <a class="estDynamic" href="https://www.spesati.com/personal-care/first-aid">First aid label</a>
                        </li>
                        <li>
                            <a class="estDynamic" href="https://www.spesati.com/personal-care/beard-products">Beard products</a>
                        </li>
                        <li>
                            <a class="estDynamic" href="https://www.spesati.com/personal-care/hairs-products">Hair products</a>
                        </li>
                        <li>
                            <a class="estDynamic" href="https://www.spesati.com/personal-care/perfume">Perfumes</a>
                        </li>
                        <li>
                            <a class="estDynamic" href="https://www.spesati.com/personal-care/wipes">Wipes</a>
                        </li>
                        <li>
                            <a class="estDynamic" href="https://www.spesati.com/personal-care/soaps-and-body-wash">Soaps and body wash</a>
                        </li>
                        <li>
                            <a class="estDynamic" href="https://www.spesati.com/personal-care/shampoo-and-conditioner">Shampoo and conditioner</a>
                        </li>
                    </ul>
                </li>
                <li>
                    <img src="http://cdn.spesati.com/images/menu/pellet-and-home.png"/>
                    Home and outdoors                    <i class="fa fa-angle-down" aria-hidden="true"></i>
                    <ul class="sub-menu">
                        <li>
                            <a class="estDynamic" href="https://www.spesati.com/household-and-outdoors/distilled-water">Distilled water</a>
                        </li>
                        <li>
                            <a class="estDynamic" href="https://www.spesati.com/household-and-outdoors/car-products">Cars</a>
                        </li>
                        <li>
                            <a class="estDynamic" href="https://www.spesati.com/household-and-outdoors/bin-bags-and-buckets">Bin bags and buckets</a>
                        </li>
                        <li>
                            <a class="estDynamic" href="https://www.spesati.com/household-and-outdoors/bleach-and-stain-removers">Bleach and stain removers</a>
                        </li>
                        <li>
                            <a class="estDynamic" href="https://www.spesati.com/household-and-outdoors/candles">Candles</a>
                        </li>
                        <li>
                            <a class="estDynamic" href="https://www.spesati.com/household-and-outdoors/kitchen-roll">Kitchen roll</a>
                        </li>
                        <li>
                            <a class="estDynamic" href="https://www.spesati.com/household-and-outdoors/air-fresheners">Air fresheners</a>
                        </li>
                        <li>
                            <a class="estDynamic" href="https://www.spesati.com/household-and-outdoors/laundry-accessories-and-detergent">Laundry detergent</a>
                        </li>
                        <li>
                            <a class="estDynamic" href="https://www.spesati.com/household-and-outdoors/dishwasher-and-washing-up">Dishwasher and washing up</a>
                        </li>
                        <li>
                            <a class="estDynamic" href="https://www.spesati.com/household-and-outdoors/gardening">Gardening</a>
                        </li>
                        <li>
                            <a class="estDynamic" href="https://www.spesati.com/household-and-outdoors/light-bulbs-and-batteries">Lightbulbs and batteries</a>
                        </li>
                        <li>
                            <a class="estDynamic" href="https://www.spesati.com/household-and-outdoors/pellet-and-bbq">Pellet and BBQ</a>
                        </li>
                        <li>
                            <a class="estDynamic" href="https://www.spesati.com/household-and-outdoors/bathroom-products">Bathroom products</a>
                        </li>
                        <li>
                            <a class="estDynamic" href="https://www.spesati.com/household-and-outdoors/home-and-furniture-products">Home and furniture products</a>
                        </li>
                        <li>
                            <a class="estDynamic" href="https://www.spesati.com/household-and-outdoors/kitchen-products">Kitchen products</a>
                        </li>
                        <li>
                            <a class="estDynamic" href="https://www.spesati.com/household-and-outdoors/window-and-floor-cleaners">Window and floor cleaner</a>
                        </li>
                        <li>
                            <a class="estDynamic" href="https://www.spesati.com/household-and-outdoors/repellents">Repellents</a>
                        </li>
                        <li>
                            <a class="estDynamic" href="https://www.spesati.com/household-and-outdoors/disposable-tableware">Disposable tableware</a>
                        </li>
                    </ul>
                </li>
                <li>
                    <img src="http://cdn.spesati.com/images/menu/animals.png"/>
                    Pets                    <i class="fa fa-angle-down" aria-hidden="true"></i>
                    <ul class="sub-menu">
                        <li>
                            <a class="estDynamic" href="https://www.spesati.com/pets/pet-food-other-animals">Other animals pet food</a>
                        </li>
                        <li>
                            <a class="estDynamic" href="https://www.spesati.com/pets/pet-food-dogs">Pet food dogs</a>
                        </li>
                        <li>
                            <a class="estDynamic" href="https://www.spesati.com/pets/pet-food-cats">Pet food cats</a>
                        </li>
                        <li>
                            <a class="estDynamic" href="https://www.spesati.com/pets/hygiene-and-cleaning">Hygiene and cleaning</a>
                        </li>
                    </ul>
                </li>
                <li>
                    <img src="http://cdn.spesati.com/images/menu/technology.png"/>
                    Technology                    <i class="fa fa-angle-down" aria-hidden="true"></i>
                    <ul class="sub-menu">
                        <li>
                            <a class="estDynamic" href="https://www.spesati.com/technology/accessories">Accessories</a>
                        </li>
                        <li>
                            <a class="estDynamic" href="https://www.spesati.com/technology/computer">Computer</a>
                        </li>
                        <li>
                            <a class="estDynamic" href="https://www.spesati.com/technology/telephones">Telephones</a>
                        </li>
                        <li>
                            <a class="estDynamic" href="https://www.spesati.com/technology/tv">TV</a>
                        </li>
                    </ul>
                </li>
                <li>
                    <img src="http://cdn.spesati.com/images/menu/gluten-free.png"/>
                    Gluten free                    <i class="fa fa-angle-down" aria-hidden="true"></i>
                    <ul class="sub-menu">
                        <li>
                            <a class="estDynamic" href="https://www.spesati.com/gluten-free/frozen-foods">Frozen foods</a>
                        </li>
                        <li>
                            <a class="estDynamic" href="https://www.spesati.com/gluten-free/beer">Beer</a>
                        </li>
                        <li>
                            <a class="estDynamic" href="https://www.spesati.com/gluten-free/sweets">Sweets</a>
                        </li>
                        <li>
                            <a class="estDynamic" href="https://www.spesati.com/gluten-free/bread-and-pasta">Bread and pasta</a>
                        </li>
                        <li>
                            <a class="estDynamic" href="https://www.spesati.com/gluten-free/shelf">Cupboard</a>
                        </li>
                    </ul>
                </li>
                <li>
                    <img src="http://cdn.spesati.com/images/menu/lactose-free.png"/>
                    Lactose free                    <i class="fa fa-angle-down" aria-hidden="true"></i>
                    <ul class="sub-menu">
                        <li>
                            <a class="estDynamic" href="https://www.spesati.com/lactose-free/frozen-foods">Frozen foods</a>
                        </li>
                        <li>
                            <a class="estDynamic" href="https://www.spesati.com/lactose-free/sweets">Sweets</a>
                        </li>
                        <li>
                            <a class="estDynamic" href="https://www.spesati.com/lactose-free/dairy-product">Dairy product</a>
                        </li>
                        <li>
                            <a class="estDynamic" href="https://www.spesati.com/lactose-free/shelf">Cupboard</a>
                        </li>
                    </ul>
                </li>
                <li>
                    <img src="http://cdn.spesati.com/images/menu/special.png"/>
                    Special                    <i class="fa fa-angle-down" aria-hidden="true"></i>
                    <ul class="sub-menu">
                        <li>
                            <a class="estDynamic" href="https://www.spesati.com/special/alpro">Alpro</a>
                        </li>
                        <li>
                            <a class="estDynamic" href="https://www.spesati.com/special/organic">Biological</a>
                        </li>
                        <li>
                            <a class="estDynamic" href="https://www.spesati.com/special/meat">Meat</a>
                        </li>
                        <li>
                            <a class="estDynamic" href="https://www.spesati.com/special/wholegrain">Wholegrain</a>
                        </li>
                        <li>
                            <a class="estDynamic" href="https://www.spesati.com/special/bread-and-pasta">Bread and pasta</a>
                        </li>
                        <li>
                            <a class="estDynamic" href="https://www.spesati.com/special/vegan">Vegan</a>
                        </li>
                    </ul>
                </li>
                <li>
                    <img src="http://cdn.spesati.com/images/menu/sardinian-products.png"/>
                    Sardinian products                    <i class="fa fa-angle-down" aria-hidden="true"></i>
                    <ul class="sub-menu">
                        <li>
                            <a class="estDynamic" href="https://www.spesati.com/sardinian-products/drinks">Drinks</a>
                        </li>
                        <li>
                            <a class="estDynamic" href="https://www.spesati.com/sardinian-products/meat">Meat</a>
                        </li>
                        <li>
                            <a class="estDynamic" href="https://www.spesati.com/sardinian-products/sweets">Sweets</a>
                        </li>
                        <li>
                            <a class="estDynamic" href="https://www.spesati.com/sardinian-products/fruit-and-vegetables">Fruit and vegetables</a>
                        </li>
                        <li>
                            <a class="estDynamic" href="https://www.spesati.com/sardinian-products/ichnusa">Ichnusa</a>
                        </li>
                        <li>
                            <a class="estDynamic" href="https://www.spesati.com/sardinian-products/dairy-product">Dairy product</a>
                        </li>
                        <li>
                            <a class="estDynamic" href="https://www.spesati.com/sardinian-products/bread-and-pasta">Bread and pasta</a>
                        </li>
                        <li>
                            <a class="estDynamic" href="https://www.spesati.com/sardinian-products/fish">Fish</a>
                        </li>
                        <li>
                            <a class="estDynamic" href="https://www.spesati.com/sardinian-products/cured-meat">Cured meat</a>
                        </li>
                        <li>
                            <a class="estDynamic" href="https://www.spesati.com/sardinian-products/shelf">Cupboard</a>
                        </li>
                        <li>
                            <a class="estDynamic" href="https://www.spesati.com/sardinian-products/vermentino-wine">Vermentino wine</a>
                        </li>
                        <li>
                            <a class="estDynamic" href="https://www.spesati.com/sardinian-products/wine-beer-and-spirits">Wine beer and spirits</a>
                        </li>
                    </ul>
                </li>
            </ul>
        </li>
        <li>
            <a href="https://www.spesati.com/about">About</a>
        </li>
        <li>
            <a href="https://www.spesati.com/faq">Faq</a>
        </li>
        <li>
            <a href="https://www.spesati.com/customer-care">Support</a>
        </li>
        <li>
            <a href="https://www.spesati.com/news">Blog</a>
        </li>
        <li>
            <a href="https://www.spesati.com/terms-and-conditions">Conditions</a>
        </li>
        <li>
            <a href="https://www.spesati.com/privacy-policy">Privacy policy</a>
        </li>
        <li>
            <a href="https://www.spesati.com/login">Login</a>
        </li>
        <li>
             <a href="https://www.spesati.com/sign-up">Sign up</a>
        </li>
    </ul>
</div><section class="first">
    <div id="menuCategories" class="colLeft">
    <ul id="main_nav" >
        <li>
            <a class="estDynamic" href="https://www.spesati.com/on-offer">
               <img src="http://cdn.spesati.com/images/menu/on-sale.png"/>
               On sale            </a>
            <i class="fa fa-angle-right" aria-hidden="true"></i>
            <ul class="sub-menu">
                <li>
    <a href="https://www.spesati.com/tacchino-fesa-a-fette" class="estDynamic">Tacchino Fesa A Fette</a>
</li><li>
    <a href="https://www.spesati.com/amaro-montenegro-15lt" class="estDynamic">Amaro Montenegro 1,5lt</a>
</li><li>
    <a href="https://www.spesati.com/carbone-di-legna-sacco-10kg" class="estDynamic">Carbone Di Legna Sacco 10Kg</a>
</li><li>
    <a href="https://www.spesati.com/filu-e-ferru-silvio-carta-70cl" class="estDynamic">Filu E Ferru Silvio Carta 70Cl</a>
</li><li>
    <a href="https://www.spesati.com/braciole-suino-con-cotenna" class="estDynamic">Braciole Suino Con Cotenna</a>
</li><li>
    <a href="https://www.spesati.com/bovino-adulto-polpa" class="estDynamic">Bovino Adulto Polpa</a>
</li><li>
    <a href="https://www.spesati.com/vino-la-palma-cannonau-le-bombarde" class="estDynamic">Vino La Palma Cannonau Le Bombarde</a>
</li><li>
    <a href="https://www.spesati.com/fettine-sceltissime-bovino-adulto" class="estDynamic">Fettine Sceltissime Bovino Adulto</a>
</li><li>
    <a href="https://www.spesati.com/suino-fettine-scelte" class="estDynamic">Suino Fettine Scelte</a>
</li><li>
    <a href="https://www.spesati.com/lavazza-caffe-qualita-rossa-2x250gr" class="estDynamic">Lavazza Caffé Qualità Rossa 2x250gr</a>
</li>                <li>
                    <a class="estDynamic" href="https://www.spesati.com/on-offer">All products on sale</a>
                </li>
            </ul>
        </li>
        <li>
            <a class="estDynamic" href="https://www.spesati.com/gift">
               <img src="http://cdn.spesati.com/images/menu/gift.png"/>
               Gifts            </a>
            <i class="fa fa-angle-right" aria-hidden="true"></i>
            <ul class="sub-menu">
                <li>
    <a href="https://www.spesati.com/gift-card-da-150" class="estDynamic">Gift Card Da 150</a>
</li><li>
    <a href="https://www.spesati.com/gift-card-da-100" class="estDynamic">Gift Card Da 100</a>
</li><li>
    <a href="https://www.spesati.com/gift-card-da-50" class="estDynamic">Gift Card Da 50</a>
</li><li>
    <a href="https://www.spesati.com/gift-card-da-25" class="estDynamic">Gift Card Da 25</a>
</li>                <li>
                    <a class="estDynamic" href="https://www.spesati.com/gift">All products in the gifts category</a>
                </li>
            </ul>
        </li>
        <li>
            <a class="estDynamic" href="https://www.spesati.com/gift-card">
               <img src="http://cdn.spesati.com/images/menu/gift-card.png"/>
               Gift card and discounts            </a>
            <i class="fa fa-angle-right" aria-hidden="true"></i>
            <ul class="sub-menu">
                <li>
    <a href="https://www.spesati.com/gift-card-da-150">Gift Card Da 150</a>
</li><li>
    <a href="https://www.spesati.com/gift-card-da-100">Gift Card Da 100</a>
</li><li>
    <a href="https://www.spesati.com/gift-card-da-50">Gift Card Da 50</a>
</li><li>
    <a href="https://www.spesati.com/gift-card-da-25">Gift Card Da 25</a>
</li>            </ul>
        </li>
        <li>
            <a class="estDynamic" href="https://www.spesati.com/fruit-and-vegetables">
               <img src="http://cdn.spesati.com/images/menu/fuit-and-vegetables.png"/>
               Fruit and vegetables           </a>
            <i class="fa fa-angle-right" aria-hidden="true"></i>
            <ul class="sub-menu">
                <li>
                    <a class="estDynamic" href="https://www.spesati.com/fruit-and-vegetables/pulses-and-beans">Cereals and pulses and beans</a>
                </li>
                <li>
                    <a class="estDynamic" href="https://www.spesati.com/fruit-and-vegetables/fruit">Fruit</a>
                </li>
                <li>
                    <a class="estDynamic" href="https://www.spesati.com/fruit-and-vegetables/canned-fruit">Canned fruit</a>
                </li>
                <li>
                    <a class="estDynamic" href="https://www.spesati.com/fruit-and-vegetables/dried-fruit">Dried fruit</a>
                </li>
                <li>
                    <a class="estDynamic" href="https://www.spesati.com/fruit-and-vegetables/ready-salads">Ready salads</a>
                </li>
                <li>
                    <a class="estDynamic" href="https://www.spesati.com/fruit-and-vegetables/fresh-spices">Fresh spices</a>
                </li>
                <li>
                    <a class="estDynamic" href="https://www.spesati.com/fruit-and-vegetables/vegetables">Vegetables and soy</a>
                </li>
            </ul>
        </li>
        <li>
            <a class="estDynamic" href="https://www.spesati.com/fresh-products">
                <img src="http://cdn.spesati.com/images/menu/fresh-products.png"/>
                Fresh products            </a>
            <i class="fa fa-angle-right" aria-hidden="true"></i>
            <ul class="sub-menu">
                <li>
                    <a class="estDynamic" href="https://www.spesati.com/fresh-products/margarine-and-butter">Butter and margarine</a>
                </li>
                <li>
                    <a class="estDynamic" href="https://www.spesati.com/fresh-products/danone">Danone</a>
                </li>
                <li>
                    <a class="estDynamic" href="https://www.spesati.com/fresh-products/dessert">Dessert</a>
                </li>
                <li>
                    <a class="estDynamic" href="https://www.spesati.com/fresh-products/sweets">Sweets</a>
                </li>
                <li>
                    <a class="estDynamic" href="https://www.spesati.com/fresh-products/dairy-products">Dairy product</a>
                </li>
                <li>
                    <a class="estDynamic" href="https://www.spesati.com/fresh-products/bakery">Yeast</a>
                </li>
                <li>
                    <a class="estDynamic" href="https://www.spesati.com/fresh-products/mascarpone">Mascarpone</a>
                </li>
                <li>
                    <a class="estDynamic" href="https://www.spesati.com/fresh-products/snacks">Snacks</a>
                </li>
                <li>
                    <a class="estDynamic" href="https://www.spesati.com/fresh-products/mozzarella">Mozzarella</a>
                </li>
                <li>
                    <a class="estDynamic" href="https://www.spesati.com/fresh-products/pasta">Pasta</a>
                </li>
                <li>
                    <a class="estDynamic" href="https://www.spesati.com/fresh-products/pesto-and-sauces">Pesto and sauces</a>
                </li>
                <li>
                    <a class="estDynamic" href="https://www.spesati.com/fresh-products/ricotta-and-cheese">Ricotta and cheese</a>
                </li>
                <li>
                    <a class="estDynamic" href="https://www.spesati.com/fresh-products/cured-meat">Cured meat</a>
                </li>
                <li>
                    <a class="estDynamic" href="https://www.spesati.com/fresh-products/wurstel">Würstel</a>
                </li>
                <li>
                    <a class="estDynamic" href="https://www.spesati.com/fresh-products/yogurt">Yogurt</a>
                </li>
            </ul>
        </li>
        <li>
            <a class="estDynamic" href="https://www.spesati.com/frozen-foods">
                <img src="http://cdn.spesati.com/images/menu/frozen-foods.png"/>
                Frozen foods            </a>
            <i class="fa fa-angle-right" aria-hidden="true"></i>
            <ul class="sub-menu">
                <li>
                    <a class="estDynamic" href="https://www.spesati.com/frozen-foods/meat">Meat</a>
                </li>
                <li>
                    <a class="estDynamic" href="https://www.spesati.com/frozen-foods/ice-creams">Ice cream and sweet</a>
                </li>
                <li>
                    <a class="estDynamic" href="https://www.spesati.com/frozen-foods/pasta">Pasta</a>
                </li>
                <li>
                    <a class="estDynamic" href="https://www.spesati.com/frozen-foods/fish">Fish</a>
                </li>
                <li>
                    <a class="estDynamic" href="https://www.spesati.com/frozen-foods/ready-meals">Ready meals</a>
                </li>
                <li>
                    <a class="estDynamic" href="https://www.spesati.com/frozen-foods/pizzas">Pizzas</a>
                </li>
                <li>
                    <a class="estDynamic" href="https://www.spesati.com/frozen-foods/vegetables">Vegetables and soy</a>
                </li>
            </ul>
        </li>
        <li>
            <a class="estDynamic" href="https://www.spesati.com/bread-and-pasta">
                <img src="http://cdn.spesati.com/images/menu/bread-and-pasta.png"/>
                Bread and pasta            </a>
            <i class="fa fa-angle-right" aria-hidden="true"></i>
            <ul class="sub-menu">
                <li>
                    <a class="estDynamic" href="https://www.spesati.com/bread-and-pasta/crackers">Crackers</a>
                </li>
                <li>
                    <a class="estDynamic" href="https://www.spesati.com/bread-and-pasta/rusks">Rusks</a>
                </li>
                <li>
                    <a class="estDynamic" href="https://www.spesati.com/bread-and-pasta/white-bread">White bread</a>
                </li>
                <li>
                    <a class="estDynamic" href="https://www.spesati.com/bread-and-pasta/local-bread">Local bread</a>
                </li>
                <li>
                    <a class="estDynamic" href="https://www.spesati.com/bread-and-pasta/soft-bread">Soft bread</a>
                </li>
                <li>
                    <a class="estDynamic" href="https://www.spesati.com/bread-and-pasta/sardinian-bread">Sardinian bread</a>
                </li>
                <li>
                    <a class="estDynamic" href="https://www.spesati.com/bread-and-pasta/bakery">Bakery</a>
                </li>
                <li>
                    <a class="estDynamic" href="https://www.spesati.com/bread-and-pasta/pasta">Pasta</a>
                </li>
                <li>
                    <a class="estDynamic" href="https://www.spesati.com/bread-and-pasta/fresh-pasta">Fresh pasta</a>
                </li>
            </ul>
        </li>
        <li>
            <a class="estDynamic" href="https://www.spesati.com/meat">
                <img src="http://cdn.spesati.com/images/menu/meat.png"/>
                Meat            </a>
            <i class="fa fa-angle-right" aria-hidden="true"></i>
            <ul class="sub-menu">
                <li>
                    <a class="estDynamic" href="https://www.spesati.com/meat/beef">Beef</a>
                </li>
                <li>
                    <a class="estDynamic" href="https://www.spesati.com/meat/goat">Goat</a>
                </li>
                <li>
                    <a class="estDynamic" href="https://www.spesati.com/meat/packaged-meat">Packaged meat</a>
                </li>
                <li>
                    <a class="estDynamic" href="https://www.spesati.com/meat/rabbit">Rabbit</a>
                </li>
                <li>
                    <a class="estDynamic" href="https://www.spesati.com/meat/horse">Horse</a>
                </li>
                <li>
                    <a class="estDynamic" href="https://www.spesati.com/meat/pork">Pork</a>
                </li>
                <li>
                    <a class="estDynamic" href="https://www.spesati.com/meat/lamb">Lamb</a>
                </li>
                <li>
                    <a class="estDynamic" href="https://www.spesati.com/meat/poultry">Poultry</a>
                </li>
            </ul>
        </li>
        <li>
            <a class="estDynamic" href="https://www.spesati.com/fish">
                <img src="http://cdn.spesati.com/images/menu/fish.png"/>
                Fish            </a>
            <i class="fa fa-angle-right" aria-hidden="true"></i>
            <ul class="sub-menu">
                <li>
                    <a class="estDynamic" href="https://www.spesati.com/fish/fresh-water">Fresh water</a>
                </li>
                <li>
                    <a class="estDynamic" href="https://www.spesati.com/fish/salt-water">Salt water</a>
                </li>
                <li>
                    <a class="estDynamic" href="https://www.spesati.com/fish/mussels">Mussels</a>
                </li>
                <li>
                    <a class="estDynamic" href="https://www.spesati.com/fish/dried-and-salted">Dried and salted</a>
                </li>
                <li>
                    <a class="estDynamic" href="https://www.spesati.com/fish/seafood-salad">Seafood salad</a>
                </li>
                <li>
                    <a class="estDynamic" href="https://www.spesati.com/fish/prepared">Prepared</a>
                </li>
                <li>
                    <a class="estDynamic" href="https://www.spesati.com/fish/specialty">Specialty</a>
                </li>   
                <li>
                    <a class="estDynamic" href="https://www.spesati.com/fish/tuna-and-salmon">Tuna and salmon</a>
                </li>
            </ul>
        </li>
        <li>
            <a class="estDynamic" href="https://www.spesati.com/wine-beer-and-spirits">
                <img src="http://cdn.spesati.com/images/menu/alcohol.png"/>
                Wine beer and spirits            </a>
            <i class="fa fa-angle-right" aria-hidden="true"></i>
            <ul class="sub-menu">
                <li>
                    <a class="estDynamic" href="https://www.spesati.com/wine-beer-and-spirits/spirits-and-liquors">Alcohol</a>
                </li>
                <li>
                    <a class="estDynamic" href="https://www.spesati.com/wine-beer-and-spirits/bitters">Bitters</a>
                </li>
                <li>
                    <a class="estDynamic" href="https://www.spesati.com/wine-beer-and-spirits/aperatif">Aperatifs</a>
                </li>
                <li>
                    <a class="estDynamic" href="https://www.spesati.com/wine-beer-and-spirits/beer">Beer</a>
                </li>
                <li>
                    <a class="estDynamic" href="https://www.spesati.com/wine-beer-and-spirits/creams">Creams</a>
                </li>
                <li>
                    <a class="estDynamic" href="https://www.spesati.com/wine-beer-and-spirits/spirits">Spirits</a>
                </li>
                <li>
                    <a class="estDynamic" href="https://www.spesati.com/wine-beer-and-spirits/liquors">Liquors</a>
                </li>
                <li>
                    <a class="estDynamic" href="https://www.spesati.com/wine-beer-and-spirits/white-wine">White wine</a>
                </li>
                <li>
                    <a class="estDynamic" href="https://www.spesati.com/wine-beer-and-spirits/prosecco-wine">Prosecco wine</a>
                </li>
                <li>
                    <a class="estDynamic" href="https://www.spesati.com/wine-beer-and-spirits/rose-wine">Rose wine</a>
                </li>
                <li>
                    <a class="estDynamic" href="https://www.spesati.com/wine-beer-and-spirits/red-wine">Red wine</a>
                </li>
                <li>
                    <a class="estDynamic" href="https://www.spesati.com/wine-beer-and-spirits/specialty-wine">Special wine</a>
                </li>
                <li>
                    <a class="estDynamic" href="https://www.spesati.com/wine-beer-and-spirits/sparkling-wine">Sparkling wine</a>
                </li>
                <li>
                    <a class="estDynamic" href="https://www.spesati.com/wine-beer-and-spirits/vermentino-wine">Vermentino wine</a>
                </li>
            </ul>
        </li>
        <li>
            <a class="estDynamic" href="https://www.spesati.com/water-and-drinks">
                <img src="http://cdn.spesati.com/images/menu/water-and-drinks.png"/>
                Water and drinks            </a>
            <i class="fa fa-angle-right" aria-hidden="true"></i>
            <ul class="sub-menu">
                <li>
                    <a class="estDynamic" href="https://www.spesati.com/water-and-drinks/san-martino">San Martino</a>
                </li>
                <li>
                    <a class="estDynamic" href="https://www.spesati.com/water-and-drinks/water">Water</a>
                </li>
                <li>
                    <a class="estDynamic" href="https://www.spesati.com/water-and-drinks/alpro">Alpro</a>
                </li>
                <li>
                    <a class="estDynamic" href="https://www.spesati.com/water-and-drinks/fizzy-drinks">Fizzy drinks</a>
                </li>
                <li>
                    <a class="estDynamic" href="https://www.spesati.com/water-and-drinks/coca-cola">Coca-Cola</a>
                </li>
                <li>
                    <a class="estDynamic" href="https://www.spesati.com/water-and-drinks/energy-drink">Energy drink</a>
                </li>
                <li>
                    <a class="estDynamic" href="https://www.spesati.com/water-and-drinks/syrups">Syrups</a>
                </li>
                <li>
                    <a class="estDynamic" href="https://www.spesati.com/water-and-drinks/supplements">Supplements</a>
                </li>
                <li>
                    <a class="estDynamic" href="https://www.spesati.com/water-and-drinks/instant-drinks">Instant drinks</a>
                </li>
                <li>
                    <a class="estDynamic" href="https://www.spesati.com/water-and-drinks/juice">Juice</a>
                </li>
                <li>
                    <a class="estDynamic" href="https://www.spesati.com/water-and-drinks/tea">Tea</a>
                </li>
            </ul>
        </li>
        <li>
            <a class="estDynamic" href="https://www.spesati.com/sweets">
                <img src="http://cdn.spesati.com/images/menu/sweets.png"/>
                Sweets            </a>
            <i class="fa fa-angle-right" aria-hidden="true"></i>
            <ul class="sub-menu">
                <li>
                    <a class="estDynamic" href="https://www.spesati.com/sweets/bars-and-snacks">Bars and snacks</a>
                </li>
                <li>
                    <a class="estDynamic" href="https://www.spesati.com/sweets/biscuits">Biscuits</a>
                </li>
                <li>
                    <a class="estDynamic" href="https://www.spesati.com/sweets/brioches">Brioches</a>
                </li>
                <li>
                    <a class="estDynamic" href="https://www.spesati.com/sweets/candy-and-chewing-gum">Candy and chewing gum</a>
                </li>
                <li>
                    <a class="estDynamic" href="https://www.spesati.com/sweets/cereals">Cereals</a>
                </li>
                <li>
                    <a class="estDynamic" href="https://www.spesati.com/sweets/chocolate">Chocolate</a>
                </li>
                <li>
                    <a class="estDynamic" href="https://www.spesati.com/sweets/spreadable-creams">Spreads</a>
                </li>
                <li>
                    <a class="estDynamic" href="https://www.spesati.com/sweets/dessert-toppings">Dessert toppings</a>
                </li>
                <li>
                    <a class="estDynamic" href="https://www.spesati.com/sweets/jam">Jam</a>
                </li>
                <li>
                    <a class="estDynamic" href="https://www.spesati.com/sweets/honey">Honey</a>
                </li>
                <li>
                    <a class="estDynamic" href="https://www.spesati.com/sweets/panettoni-and-pandoro">Panettone and pandoro</a>
                </li>
                <li>
                    <a class="estDynamic" href="https://www.spesati.com/sweets/pastry">Pastry</a>
                </li>
                <li>
                    <a class="estDynamic" href="https://www.spesati.com/sweets/instant-dessert">Prepared</a>
                </li>
                <li>
                    <a class="estDynamic" href="https://www.spesati.com/sweets/cakes-and-pies">Cakes and pies</a>
                </li>
                <li>
                    <a class="estDynamic" href="https://www.spesati.com/sweets/easter-eggs-and-doves">Easter eggs and doves</a>
                </li>
            </ul>
        </li>
        <li>
            <a class="estDynamic" href="https://www.spesati.com/shelf">
                <img src="http://cdn.spesati.com/images/menu/shelf.png"/>
                Cupboard            </a>
            <i class="fa fa-angle-right" aria-hidden="true"></i>
            <ul class="sub-menu">
                <li>
                    <a class="estDynamic" href="https://www.spesati.com/shelf/coffee">Coffee</a>
                </li>
                <li>
                    <a class="estDynamic" href="https://www.spesati.com/shelf/gift-baskets">Gift baskets</a>
                </li>
                <li>
                    <a class="estDynamic" href="https://www.spesati.com/shelf/stock-cubes">Nuts and preparations</a>
                </li>
                <li>
                    <a class="estDynamic" href="https://www.spesati.com/shelf/flour-and-baking">Flour and baking</a>
                </li>
                <li>
                    <a class="estDynamic" href="https://www.spesati.com/shelf/milk">Milk</a>
                </li>
                <li>
                    <a class="estDynamic" href="https://www.spesati.com/shelf/oil-salt-vinegar">Oil, vinegar and salt</a>
                </li>
                <li>
                    <a class="estDynamic" href="https://www.spesati.com/shelf/cream-and-bechamel">Cream and bechamel</a>
                </li>
                <li>
                    <a class="estDynamic" href="https://www.spesati.com/shelf/crisps-and-pretzels">Crisps and pretzels</a>
                </li>
                <li>
                    <a class="estDynamic" href="https://www.spesati.com/shelf/baby-and-infants-products">Early childhood products</a>
                </li>
                <li>
                    <a class="estDynamic" href="https://www.spesati.com/shelf/rice">Rice</a>
                </li>
                <li>
                    <a class="estDynamic" href="https://www.spesati.com/shelf/tins-and-preserves">Tins and Preserves</a>
                </li>
                <li>
                    <a class="estDynamic" href="https://www.spesati.com/shelf/spices">Spices</a>
                </li>
                <li>
                    <a class="estDynamic" href="https://www.spesati.com/shelf/sauces">Sauces</a>
                </li>
                <li>
                    <a class="estDynamic" href="https://www.spesati.com/shelf/tea-and-infusions">Tea and infusions</a>
                </li>
                <li>
                    <a class="estDynamic" href="https://www.spesati.com/shelf/eggs">Eggs</a>
                </li>
                <li>
                    <a class="estDynamic" href="https://www.spesati.com/shelf/sugar-and-sweeteners">Sugar and sweeteners</a>
                </li>
            </ul>
        </li>
        <li>
            <a class="estDynamic" href="https://www.spesati.com/personal-care">
                <img src="http://cdn.spesati.com/images/menu/personal-care.png"/>
                Personal care            </a>
            <i class="fa fa-angle-right" aria-hidden="true"></i>
            <ul class="sub-menu">
                <li>
                    <a class="estDynamic" href="https://www.spesati.com/personal-care/accessories-and-cotton">Accessories and cotton</a>
                </li>
                <li>
                    <a class="estDynamic" href="https://www.spesati.com/personal-care/feminine-care-incontinence-and-baby-diapers">Feminine incontinence and diapers</a>
                </li>
                <li>
                    <a class="estDynamic" href="https://www.spesati.com/personal-care/shower-gel">Shower gel</a>
                </li>
                <li>
                    <a class="estDynamic" href="https://www.spesati.com/personal-care/creams">Creams</a>
                </li>
                <li>
                    <a class="estDynamic" href="https://www.spesati.com/personal-care/deodorant">Deodorant</a>
                </li>
                <li>
                    <a class="estDynamic" href="https://www.spesati.com/personal-care/hair-removal">Hair removal</a>
                </li>
                <li>
                    <a class="estDynamic" href="https://www.spesati.com/personal-care/disinfectants">Disinfectants</a>
                </li>
                <li>
                    <a class="estDynamic" href="https://www.spesati.com/personal-care/oral-hygiene">Oral hygiene</a>
                </li>
                <li>
                    <a class="estDynamic" href="https://www.spesati.com/personal-care/supplements-and-multivitamins">Supplements and multivitamins</a>
                </li>
                <li>
                    <a class="estDynamic" href="https://www.spesati.com/personal-care/first-aid">First aid label</a>
                </li>
                <li>
                    <a class="estDynamic" href="https://www.spesati.com/personal-care/beard-products">Beard products</a>
                </li>
                <li>
                    <a class="estDynamic" href="https://www.spesati.com/personal-care/hairs-products">Hair products</a>
                </li>
                <li>
                    <a class="estDynamic" href="https://www.spesati.com/personal-care/perfume">Perfumes</a>
                </li>
                <li>
                    <a class="estDynamic" href="https://www.spesati.com/personal-care/wipes">Wipes</a>
                </li>
                <li>
                    <a class="estDynamic" href="https://www.spesati.com/personal-care/soaps-and-body-wash">Soaps and body wash</a>
                </li>
                <li>
                    <a class="estDynamic" href="https://www.spesati.com/personal-care/shampoo-and-conditioner">Shampoo and conditioner</a>
                </li>
            </ul>
        </li>
        <li>
            <a class="estDynamic" href="https://www.spesati.com/household-and-outdoors">
                <img src="http://cdn.spesati.com/images/menu/pellet-and-home.png"/>
                Home and outdoors 
            </a>
            <i class="fa fa-angle-right" aria-hidden="true"></i>
            <ul class="sub-menu">
                <li>
                    <a class="estDynamic" href="https://www.spesati.com/household-and-outdoors/distilled-water">Distilled water</a>
                </li>
                <li>
                    <a class="estDynamic" href="https://www.spesati.com/household-and-outdoors/car-products">Cars</a>
                </li>
                <li>
                    <a class="estDynamic" href="https://www.spesati.com/household-and-outdoors/bin-bags-and-buckets">Bin bags and buckets</a>
                </li>
                <li>
                    <a class="estDynamic" href="https://www.spesati.com/household-and-outdoors/bleach-and-stain-removers">Bleach and stain removers</a>
                </li>
                <li>
                    <a class="estDynamic" href="https://www.spesati.com/household-and-outdoors/candles">Candles</a>
                </li>
                <li>
                    <a class="estDynamic" href="https://www.spesati.com/household-and-outdoors/kitchen-roll">Kitchen roll</a>
                </li>
                <li>
                    <a class="estDynamic" href="https://www.spesati.com/household-and-outdoors/air-fresheners">Air fresheners</a>
                </li>
                <li>
                    <a class="estDynamic" href="https://www.spesati.com/household-and-outdoors/laundry-accessories-and-detergent">Laundry detergent</a>
                </li>
                <li>
                    <a class="estDynamic" href="https://www.spesati.com/household-and-outdoors/dishwasher-and-washing-up">Dishwasher and washing up</a>
                </li>
                <li>
                    <a class="estDynamic" href="https://www.spesati.com/household-and-outdoors/gardening">Gardening</a>
                </li>
                <li>
                    <a class="estDynamic" href="https://www.spesati.com/household-and-outdoors/light-bulbs-and-batteries">Lightbulbs and batteries</a>
                </li>
                <li>
                    <a class="estDynamic" href="https://www.spesati.com/household-and-outdoors/pellet-and-bbq">Pellet and BBQ</a>
                </li>
                <li>
                    <a class="estDynamic" href="https://www.spesati.com/household-and-outdoors/bathroom-products">Bathroom products</a>
                </li>
                <li>
                    <a class="estDynamic" href="https://www.spesati.com/household-and-outdoors/home-and-furniture-products">Home and furniture products</a>
                </li>
                <li>
                    <a class="estDynamic" href="https://www.spesati.com/household-and-outdoors/kitchen-products">Kitchen products</a>
                </li>
                <li>
                    <a class="estDynamic" href="https://www.spesati.com/household-and-outdoors/window-and-floor-cleaners">Window and floor cleaner</a>
                </li>
                <li>
                    <a class="estDynamic" href="https://www.spesati.com/household-and-outdoors/repellents">Repellents</a>
                </li>
                <li>
                    <a class="estDynamic" href="https://www.spesati.com/household-and-outdoors/disposable-tableware">Disposable tableware</a>
                </li>
            </ul>
        </li>
        <li>
            <a class="estDynamic" href="https://www.spesati.com/pet">
                <img src="http://cdn.spesati.com/images/menu/animals.png"/>
                Pets            </a>
            <i class="fa fa-angle-right" aria-hidden="true"></i>
            <ul class="sub-menu">
                <li>
                    <a class="estDynamic" href="https://www.spesati.com/pets/pet-food-other-animals">Other animals pet food</a>
                </li>
                <li>
                    <a class="estDynamic" href="https://www.spesati.com/pets/pet-food-dogs">Pet food dogs</a>
                </li>
                <li>
                    <a class="estDynamic" href="https://www.spesati.com/pets/pet-food-cats">Pet food cats</a>
                </li>
                <li>
                    <a class="estDynamic" href="https://www.spesati.com/pets/hygiene-and-cleaning">Hygiene and cleaning</a>
                </li>
            </ul>
        </li>
        <li>
            <a class="estDynamic" href="https://www.spesati.com/technology">
                <img src="http://cdn.spesati.com/images/menu/technology.png"/>
                Technology            </a>
            <i class="fa fa-angle-right" aria-hidden="true"></i>
            <ul class="sub-menu">
                <li>
                    <a class="estDynamic" href="https://www.spesati.com/technology/accessories">Accessories</a>
                </li>
                <li>
                    <a class="estDynamic" href="https://www.spesati.com/technology/computer">Computer</a>
                </li>
                <li>
                    <a class="estDynamic" href="https://www.spesati.com/technology/telephones">Telephones</a>
                </li>
                <li>
                    <a class="estDynamic" href="https://www.spesati.com/technology/tv">TV</a>
                </li>
            </ul>
        </li>
        <li>
            <a class="estDynamic" href="https://www.spesati.com/gluten-free">
                <img src="http://cdn.spesati.com/images/menu/gluten-free.png"/>
                Gluten free            </a>
            <i class="fa fa-angle-right" aria-hidden="true"></i>
            <ul class="sub-menu">
                <li>
                    <a class="estDynamic" href="https://www.spesati.com/gluten-free/frozen-foods">Frozen foods</a>
                </li>
                <li>
                    <a class="estDynamic" href="https://www.spesati.com/gluten-free/beer">Beer</a>
                </li>
                <li>
                    <a class="estDynamic" href="https://www.spesati.com/gluten-free/sweets">Sweets</a>
                </li>
                <li>
                    <a class="estDynamic" href="https://www.spesati.com/gluten-free/bread-and-pasta">Bread and pasta</a>
                </li>
                <li>
                    <a class="estDynamic" href="https://www.spesati.com/gluten-free/shelf">Cupboard</a>
                </li>
            </ul>
        </li>
        <li>
            <a class="estDynamic" href="https://www.spesati.com/lactose-free">
                <img src="http://cdn.spesati.com/images/menu/lactose-free.png"/>
                Lactose free            </a>
            <i class="fa fa-angle-right" aria-hidden="true"></i>
            <ul class="sub-menu">
                <li>
                    <a class="estDynamic" href="https://www.spesati.com/lactose-free/frozen-foods">Frozen foods</a>
                </li>
                <li>
                    <a class="estDynamic" href="https://www.spesati.com/lactose-free/sweets">Sweets</a>
                </li>
                <li>
                    <a class="estDynamic" href="https://www.spesati.com/lactose-free/dairy-product">Dairy product</a>
                </li>
                <li>
                    <a class="estDynamic" href="https://www.spesati.com/lactose-free/shelf">Cupboard</a>
                </li>
            </ul>
        </li>
        <li>
            <a class="estDynamic" href="https://www.spesati.com/special">
                <img src="http://cdn.spesati.com/images/menu/special.png"/>
                Special            </a>
            <i class="fa fa-angle-right" aria-hidden="true"></i>
            <ul class="sub-menu">
                <li>
                    <a class="estDynamic" href="https://www.spesati.com/special/alpro">Alpro</a>
                </li>
                <li>
                    <a class="estDynamic" href="https://www.spesati.com/special/organic">Biological</a>
                </li>
                <li>
                    <a class="estDynamic" href="https://www.spesati.com/special/meat">Meat</a>
                </li>
                <li>
                    <a class="estDynamic" href="https://www.spesati.com/special/wholegrain">Wholegrain</a>
                </li>
                <li>
                    <a class="estDynamic" href="https://www.spesati.com/special/bread-and-pasta">Bread and pasta</a>
                </li>
                <li>
                    <a class="estDynamic" href="https://www.spesati.com/special/vegan">Vegan</a>
                </li>
            </ul>
        </li>
        <li>
            <a class="estDynamic" href="https://www.spesati.com/sardinian-products">
                <img src="http://cdn.spesati.com/images/menu/sardinian-products.png"/>
                Sardinian products            </a>
            <i class="fa fa-angle-right" aria-hidden="true"></i>
            <ul class="sub-menu">
                <li>
                    <a class="estDynamic" href="https://www.spesati.com/sardinian-products/drinks">Drinks</a>
                </li>
                <li>
                    <a class="estDynamic" href="https://www.spesati.com/sardinian-products/meat">Meat</a>
                </li>
                <li>
                    <a class="estDynamic" href="https://www.spesati.com/sardinian-products/sweets">Sweets</a>
                </li>
                <li>
                    <a class="estDynamic" href="https://www.spesati.com/sardinian-products/fruit-and-vegetables">Fruit and vegetables</a>
                </li>
                <li>
                    <a class="estDynamic" href="https://www.spesati.com/sardinian-products/ichnusa">Ichnusa</a>
                </li>
                <li>
                    <a class="estDynamic" href="https://www.spesati.com/sardinian-products/dairy-product">Dairy product</a>
                </li>
                <li>
                    <a class="estDynamic" href="https://www.spesati.com/sardinian-products/bread-and-pasta">Bread and pasta</a>
                </li>
                <li>
                    <a class="estDynamic" href="https://www.spesati.com/sardinian-products/fish">Fish</a>
                </li>
                <li>
                    <a class="estDynamic" href="https://www.spesati.com/sardinian-products/cured-meat">Cured meat</a>
                </li>
                <li>
                    <a class="estDynamic" href="https://www.spesati.com/sardinian-products/shelf">Cupboard</a>
                </li>
                <li>
                    <a class="estDynamic" href="https://www.spesati.com/sardinian-products/vermentino-wine">Vermentino wine</a>
                </li>
                <li>
                    <a class="estDynamic" href="https://www.spesati.com/sardinian-products/wine-beer-and-spirits">Wine beer and spirits</a>
                </li>
            </ul>
        </li>
    </ul>
</div>    <div class="colRight">
        <div class="title mobile">
	<a href="https://www.spesati.com/sardinian-products"><i class="fa red fa-angle-left fa-3x mobile" aria-hidden="true"></i></a>
	<h2>
		<b>
			dairy product		</b>
	</h2>
</div>

<div class="breadcrumb bgGrey internal">
	<p>
		<b>
			<a href="https://www.spesati.com/">Home</a>
												&gt; <a href="https://www.spesati.com/sardinian-products">Sardinian products</a>
																&gt; Dairy product									</b>
	</p>
	<div>
		<p>Order by</p>
		<select name="orderProd" id="orderProd">
			<option disabled="disabled" selected="selected">- Choose -</option>
			<option value="nameAsc">Name (A - Z)</option>
			<option value="nameDes">Name (Z - A)</option>
			<option value="priceHigh">Price - High to low</option>
			<option value="priceLow">Price - Low to high</option>
			<option value="soldAsc">Best Selling</option>
			<option value="available">Availability</option>
		</select>
	</div>
</div>
        <div class="containerProduct">
            <div class="left product prod1"
        data-name="Formaggio Pecorino Peperoncino S/v"
        data-price="43.54"
        data-id="85782"
        data-available="yes"
        data-category="429"
        data-bestselling="">
    <a href="https://www.spesati.com/formaggio-pecorino-peperoncino-sv">
        <div style="background-image: url('https://cdn.spesati.com/images/products/509536/formaggio-pecorino-peperoncino-01.jpg')">
            <div class="hover"></div>
            
            <div class="stickers"><img class="left" src="http://cdn.spesati.com/images/layout/sardinian.png" /></div>
        </div>
    </a>
    <div>
        <h4><a href="https://www.spesati.com/formaggio-pecorino-peperoncino-sv"><b>Formaggio Pecorino Peperoncino S/v</b></a></h4>
        <p class="description">1 Kg</p>
        <p class="right price"><b>43.54 €</b></p>
        <p class="right unitPrice">21.77 € per kg</p>
    </div>
    <div class="contButton">
    <a class="button bgRed white addToCart" href="#">Add</a>
</div>
</div><div class="left product prod2"
        data-name="Formaggio Pecorino Bonassai 1/4"
        data-price="9.95"
        data-id="87819"
        data-available="yes"
        data-category="429"
        data-bestselling="">
    <a href="https://www.spesati.com/formaggio-pecorino-bonassai-14">
        <div style="background-image: url('https://cdn.spesati.com/images/products/447446/formaggio-pecorino-bonassai-01.jpg')">
            <div class="hover"></div>
            
            <div class="stickers"><img class="left" src="http://cdn.spesati.com/images/layout/sardinian.png" /></div>
        </div>
    </a>
    <div>
        <h4><a href="https://www.spesati.com/formaggio-pecorino-bonassai-14"><b>Formaggio Pecorino Bonassai 1/4</b></a></h4>
        <p class="description">1 Kg</p>
        <p class="right price"><b>9.95 €</b></p>
        <p class="right unitPrice">19.91 € per kg</p>
    </div>
    <div class="contButton">
    <a class="button bgRed white addToCart" href="#">Add</a>
</div>
</div><div class="left product prod3"
        data-name="Formaggio Cuore Isola Capra Grattugiato 80gr"
        data-price="2.49"
        data-id="83633"
        data-available="yes"
        data-category="429"
        data-bestselling="4">
    <a href="https://www.spesati.com/formaggio-cuore-isola-capra-grattugiato-80gr">
        <div style="background-image: url('https://cdn.spesati.com/images/products/399028/formaggio-cuore-isola-01.jpg')">
            <div class="hover"></div>
            <p class="arrow bgRed white">Best Seller</p>
            <div class="stickers"><img class="left" src="http://cdn.spesati.com/images/layout/sardinian.png" /></div>
        </div>
    </a>
    <div>
        <h4><a href="https://www.spesati.com/formaggio-cuore-isola-capra-grattugiato-80gr"><b>Formaggio Cuore Isola Capra Grattugiato 80gr</b></a></h4>
        <p class="description">0.08 Kg</p>
        <p class="right price"><b>2.49 €</b></p>
        <p class="right unitPrice">31.13 € per kg</p>
    </div>
    <div class="contButton">
    <a class="button bgRed white addToCart" href="#">Add</a>
</div>
</div><div class="left product prod4"
        data-name="Formaggio Cuore Dell'Isola Spalmabile Zafferano 200Gr"
        data-price="2.99"
        data-id="6983"
        data-available="yes"
        data-category="429"
        data-bestselling="">
    <a href="https://www.spesati.com/formaggio-cuore-dellisola-spalmabile-zafferano-200gr">
        <div style="background-image: url('https://cdn.spesati.com/images/products/398040/formaggio-cuore-dellisola-01.jpg')">
            <div class="hover"></div>
            
            <div class="stickers"><img class="left" src="http://cdn.spesati.com/images/layout/sardinian.png" /></div>
        </div>
    </a>
    <div>
        <h4><a href="https://www.spesati.com/formaggio-cuore-dellisola-spalmabile-zafferano-200gr"><b>Formaggio Cuore Dell'Isola Spalmabile Zafferano 200Gr</b></a></h4>
        <p class="description">0.1 Kg</p>
        <p class="right price"><b>2.99 €</b></p>
        <p class="right unitPrice">14.96 € per kg</p>
    </div>
    <div class="contButton">
    <a class="button bgRed white addToCart" href="#">Add</a>
</div>
</div><div class="left product prod5"
        data-name="Formaggio Cuore Isola Spalmabile Bottarga 100g"
        data-price="2.99"
        data-id="27572"
        data-available="yes"
        data-category="429"
        data-bestselling="">
    <a href="https://www.spesati.com/formaggio-cuore-isola-spalmabile-bottarga-100g">
        <div style="background-image: url('https://cdn.spesati.com/images/products/135994/formaggio-cuore-isola-01.jpg')">
            <div class="hover"></div>
            
            <div class="stickers"><img class="left" src="http://cdn.spesati.com/images/layout/sardinian.png" /></div>
        </div>
    </a>
    <div>
        <h4><a href="https://www.spesati.com/formaggio-cuore-isola-spalmabile-bottarga-100g"><b>Formaggio Cuore Isola Spalmabile Bottarga 100g</b></a></h4>
        <p class="description">0.1 Kg</p>
        <p class="right price"><b>2.99 €</b></p>
        <p class="right unitPrice">29.90 € per kg</p>
    </div>
    <div class="contButton">
    <a class="button bgRed white addToCart" href="#">Add</a>
</div>
</div><div class="left product prod6"
        data-name="Formaggio Cuore Isola Spalmabile Zafferano 100g"
        data-price="2.99"
        data-id="27570"
        data-available="yes"
        data-category="429"
        data-bestselling="">
    <a href="https://www.spesati.com/formaggio-cuore-isola-spalmabile-zafferano-100g">
        <div style="background-image: url('https://cdn.spesati.com/images/products/135992/formaggio-cuore-isola-01.jpg')">
            <div class="hover"></div>
            
            <div class="stickers"><img class="left" src="http://cdn.spesati.com/images/layout/sardinian.png" /></div>
        </div>
    </a>
    <div>
        <h4><a href="https://www.spesati.com/formaggio-cuore-isola-spalmabile-zafferano-100g"><b>Formaggio Cuore Isola Spalmabile Zafferano 100g</b></a></h4>
        <p class="description">0.1 Kg</p>
        <p class="right price"><b>2.99 €</b></p>
        <p class="right unitPrice">29.90 € per kg</p>
    </div>
    <div class="contButton">
    <a class="button bgRed white addToCart" href="#">Add</a>
</div>
</div><div class="left product prod7"
        data-name="Formaggio Pecorino Gransepi Tartufo 1/4"
        data-price="44.85"
        data-id="63423"
        data-available="yes"
        data-category="429"
        data-bestselling="">
    <a href="https://www.spesati.com/formaggio-pecorino-gransepi-tartufo-14">
        <div style="background-image: url('https://cdn.spesati.com/images/products/122066/formaggio-pecorino-gransepi-01.jpg')">
            <div class="hover"></div>
            
            <div class="stickers"><img class="left" src="http://cdn.spesati.com/images/layout/sardinian.png" /></div>
        </div>
    </a>
    <div>
        <h4><a href="https://www.spesati.com/formaggio-pecorino-gransepi-tartufo-14"><b>Formaggio Pecorino Gransepi Tartufo 1/4</b></a></h4>
        <p class="description">1 Kg</p>
        <p class="right price"><b>44.85 €</b></p>
        <p class="right unitPrice">29.90 € per kg</p>
    </div>
    <div class="contButton">
    <a class="button bgRed white addToCart" href="#">Add</a>
</div>
</div><div class="left product prod8"
        data-name="Formaggio Pastore Sardo 1-8"
        data-price="13.74"
        data-id="6004"
        data-available="yes"
        data-category="429"
        data-bestselling="">
    <a href="https://www.spesati.com/formaggio-pastore-sardo-1-8">
        <div style="background-image: url('https://cdn.spesati.com/images/products/107555/formaggio-pastore-sardo-01.jpg')">
            <div class="hover"></div>
            
            <div class="stickers"><img class="left" src="http://cdn.spesati.com/images/layout/sardinian.png" /></div>
        </div>
    </a>
    <div>
        <h4><a href="https://www.spesati.com/formaggio-pastore-sardo-1-8"><b>Formaggio Pastore Sardo 1-8</b></a></h4>
        <p class="description">medium weight 0.600 Kg</p>
        <p class="right price"><b>13.74 €</b></p>
        <p class="right unitPrice">22.90 € per kg</p>
    </div>
    <div class="contButton">
    <a class="button bgRed white addToCart" href="#">Add</a>
</div>
</div><div class="left product prod9"
        data-name="Formaggio Vaccino Bayerland Pamigo"
        data-price="38.51"
        data-id="25026"
        data-available="yes"
        data-category="429"
        data-bestselling="">
    <a href="https://www.spesati.com/formaggio-vaccino-bayerland-pamigo">
        <div style="background-image: url('https://cdn.spesati.com/images/products/106841/formaggio-vaccino-bayerland-01.jpg')">
            <div class="hover"></div>
            
            <div class="stickers"><img class="left" src="http://cdn.spesati.com/images/layout/sardinian.png" /></div>
        </div>
    </a>
    <div>
        <h4><a href="https://www.spesati.com/formaggio-vaccino-bayerland-pamigo"><b>Formaggio Vaccino Bayerland Pamigo</b></a></h4>
        <p class="description">medium weight  2.300 Kg</p>
        <p class="right price"><b>38.51 €</b></p>
        <p class="right unitPrice">16.74 € per kg</p>
    </div>
    <div class="contButton">
    <a class="button bgRed white addToCart" href="#">Add</a>
</div>
</div><div class="left product prod10"
        data-name="Formaggio Sepi Caprino Juncau S-v"
        data-price="119.52"
        data-id="24733"
        data-available="yes"
        data-category="429"
        data-bestselling="">
    <a href="https://www.spesati.com/formaggio-sepi-caprino-juncau-s-v">
        <div style="background-image: url('https://cdn.spesati.com/images/products/105370/formaggio-sepi-caprino-01.jpg')">
            <div class="hover"></div>
            
            <div class="stickers"><img class="left" src="http://cdn.spesati.com/images/layout/sardinian.png" /></div>
        </div>
    </a>
    <div>
        <h4><a href="https://www.spesati.com/formaggio-sepi-caprino-juncau-s-v"><b>Formaggio Sepi Caprino Juncau S-v</b></a></h4>
        <p class="description">medium weight  4.800 Kg</p>
        <p class="right price"><b>119.52 €</b></p>
        <p class="right unitPrice">24.90 € per kg</p>
    </div>
    <div class="contButton">
    <a class="button bgRed white addToCart" href="#">Add</a>
</div>
</div><div class="left product prod11"
        data-name="Formaggio Fresco Capra 1-2 Sv"
        data-price="24.82"
        data-id="24728"
        data-available="yes"
        data-category="429"
        data-bestselling="">
    <a href="https://www.spesati.com/formaggio-fresco-capra-1-2-sv">
        <div style="background-image: url('https://cdn.spesati.com/images/products/105339/formaggio-fresco-capra-01.jpg')">
            <div class="hover"></div>
            
            <div class="stickers"><img class="left" src="http://cdn.spesati.com/images/layout/sardinian.png" /></div>
        </div>
    </a>
    <div>
        <h4><a href="https://www.spesati.com/formaggio-fresco-capra-1-2-sv"><b>Formaggio Fresco Capra 1-2 Sv</b></a></h4>
        <p class="description">medium weight 1 Kg</p>
        <p class="right price"><b>24.82 €</b></p>
        <p class="right unitPrice">24.82 € per kg</p>
    </div>
    <div class="contButton">
    <a class="button bgRed white addToCart" href="#">Add</a>
</div>
</div><div class="left product prod12"
        data-name="Formaggio Pecorino Pastorino Sotto Vuoto"
        data-price="16.43"
        data-id="5973"
        data-available="yes"
        data-category="429"
        data-bestselling="">
    <a href="https://www.spesati.com/formaggio-pecorino-pastorino-sotto-vuoto">
        <div style="background-image: url('https://cdn.spesati.com/images/products/105262/formaggio-pecorino-pastorino-01.jpg')">
            <div class="hover"></div>
            
            <div class="stickers"><img class="left" src="http://cdn.spesati.com/images/layout/sardinian.png" /></div>
        </div>
    </a>
    <div>
        <h4><a href="https://www.spesati.com/formaggio-pecorino-pastorino-sotto-vuoto"><b>Formaggio Pecorino Pastorino Sotto Vuoto</b></a></h4>
        <p class="description">medium weight 0.750 Kg</p>
        <p class="right price"><b>16.43 €</b></p>
        <p class="right unitPrice">21.90 € per kg</p>
    </div>
    <div class="contButton">
    <a class="button bgRed white addToCart" href="#">Add</a>
</div>
</div><div class="left product prod13"
        data-name="Arborea LatteCacao uht 3x200"
        data-price="2.88"
        data-id="1999"
        data-available="yes"
        data-category="418"
        data-bestselling="">
    <a href="https://www.spesati.com/arborea-lattecacao-uht-3x200">
        <div style="background-image: url('https://cdn.spesati.com/images/products/000115129/arborea-lattecacao-3-x-200-ml-01.png')">
            <div class="hover"></div>
            
            <div class="stickers"><img class="left" src="http://cdn.spesati.com/images/layout/sardinian.png" /></div>
        </div>
    </a>
    <div>
        <h4><a href="https://www.spesati.com/arborea-lattecacao-uht-3x200"><b>Arborea LatteCacao uht 3x200</b></a></h4>
        <p class="description">Arborea Lattecacao 3 x 200 ml</p>
        <p class="right price"><b>2.88 €</b></p>
        <p class="right unitPrice">4.80 € per litre</p>
    </div>
    <div class="contButton">
    <a class="button bgRed white addToCart" href="#">Add</a>
</div>
</div><div class="left product prod14"
        data-name="Arborea Latte Fresco Intero Bottiglia"
        data-price="1.99"
        data-id="1989"
        data-available="yes"
        data-category="418"
        data-bestselling="2">
    <a href="https://www.spesati.com/arborea-latte-fresco-intero-bottiglia">
        <div style="background-image: url('https://cdn.spesati.com/images/products/000115104/arborea-latte-intero-fresco-di-alta-qualita-1000-ml-01.png')">
            <div class="hover"></div>
            <p class="arrow bgRed white">Best Seller</p>
            <div class="stickers"><img class="left" src="http://cdn.spesati.com/images/layout/sardinian.png" /></div>
        </div>
    </a>
    <div>
        <h4><a href="https://www.spesati.com/arborea-latte-fresco-intero-bottiglia"><b>Arborea Latte Fresco Intero Bottiglia</b></a></h4>
        <p class="description">Arborea Latte Intero Fresco di Alta Qualità 1000 ml</p>
        <p class="right price"><b>1.99 €</b></p>
        <p class="right unitPrice">1.99 € per litre</p>
    </div>
    <div class="contButton">
    <a class="button bgRed white addToCart" href="#">Add</a>
</div>
</div><div class="left product prod15"
        data-name="Arborea Latte A.D uht 1Lt"
        data-price="1.59"
        data-id="1988"
        data-available="yes"
        data-category="418"
        data-bestselling="13">
    <a href="https://www.spesati.com/arborea-latte-ad-uht-1lt">
        <div style="background-image: url('https://cdn.spesati.com/images/products/000115099/arborea-ad-latte-parzialmente-scremato-ad-alta-digeribilita-senza-lattosio-1000-ml-01.png')">
            <div class="hover"></div>
            <p class="arrow bgRed white">Offer</p>
            <div class="stickers"><img class="left" src="http://cdn.spesati.com/images/layout/sardinian.png" /></div>
        </div>
    </a>
    <div>
        <h4><a href="https://www.spesati.com/arborea-latte-ad-uht-1lt"><b>Arborea Latte A.D uht 1Lt</b></a></h4>
        <p class="description">Arborea Ad Latte Parzialmente Scremato ad Alta Digeribilità Senza Lattosio 1000 ml</p>
        <p class="left offer red">2.09 €</p>
<p class="right price"><b>1.59 €</b></p>
        <p class="right unitPrice">1.59 € per litre</p>
    </div>
    <div class="contButton">
    <a class="button bgRed white addToCart" href="#">Add</a>
</div>
</div><div class="left product prod16"
        data-name="Arborea Latte Scremato"
        data-price="1.15"
        data-id="1990"
        data-available="yes"
        data-category="418"
        data-bestselling="2">
    <a href="https://www.spesati.com/arborea-latte-scremato">
        <div style="background-image: url('https://cdn.spesati.com/images/products/000115096/arborea-latte-scremato-uht-a-lunga-conservazione-500-ml-01.png')">
            <div class="hover"></div>
            <p class="arrow bgRed white">Best Seller</p>
            <div class="stickers"><img class="left" src="http://cdn.spesati.com/images/layout/sardinian.png" /></div>
        </div>
    </a>
    <div>
        <h4><a href="https://www.spesati.com/arborea-latte-scremato"><b>Arborea Latte Scremato</b></a></h4>
        <p class="description">Arborea Latte Scremato UHT a lunga conservazione 500 ml</p>
        <p class="right price"><b>1.15 €</b></p>
        <p class="right unitPrice">2.30 € per litre</p>
    </div>
    <div class="contButton">
    <a class="button bgRed white addToCart" href="#">Add</a>
</div>
</div><div class="left product prod17"
        data-name="Arborea Latte Scremato Tappovite"
        data-price="1.69"
        data-id="1991"
        data-available="yes"
        data-category="418"
        data-bestselling="19">
    <a href="https://www.spesati.com/arborea-latte-scremato-tappovite">
        <div style="background-image: url('https://cdn.spesati.com/images/products/000115095/arborea-latte-scremato-uht-a-lunga-conservazione-senza-grassi-1000-ml-01.png')">
            <div class="hover"></div>
            <p class="arrow bgRed white">Best Seller</p>
            <div class="stickers"><img class="left" src="http://cdn.spesati.com/images/layout/sardinian.png" /></div>
        </div>
    </a>
    <div>
        <h4><a href="https://www.spesati.com/arborea-latte-scremato-tappovite"><b>Arborea Latte Scremato Tappovite</b></a></h4>
        <p class="description">Arborea Latte Scremato UHT a Lunga Conservazione Senza Grassi 1000 ml</p>
        <p class="right price"><b>1.69 €</b></p>
        <p class="right unitPrice">1.70 € per litre</p>
    </div>
    <div class="contButton">
    <a class="button bgRed white addToCart" href="#">Add</a>
</div>
</div><div class="left product prod18"
        data-name="Latte Arborea Parzialmente Scremato Tappo Vite"
        data-price="1.69"
        data-id="2003"
        data-available="yes"
        data-category="418"
        data-bestselling="77">
    <a href="https://www.spesati.com/latte-arborea-parzialmente-scremato-tappo-vite">
        <div style="background-image: url('https://cdn.spesati.com/images/products/000115091/arborea-latte-parzialmente-scremato-uht-a-lunga-conservazione-1000-ml-01.png')">
            <div class="hover"></div>
            <p class="arrow bgRed white">Best Seller</p>
            <div class="stickers"><img class="left" src="http://cdn.spesati.com/images/layout/sardinian.png" /></div>
        </div>
    </a>
    <div>
        <h4><a href="https://www.spesati.com/latte-arborea-parzialmente-scremato-tappo-vite"><b>Latte Arborea Parzialmente Scremato Tappo Vite</b></a></h4>
        <p class="description">Arborea Latte Parzialmente Scremato UHT a Lunga Conservazione 1000 ml</p>
        <p class="right price"><b>1.69 €</b></p>
        <p class="right unitPrice">1.70 € per litre</p>
    </div>
    <div class="contButton">
    <a class="button bgRed white addToCart" href="#">Add</a>
</div>
</div><div class="left product prod19"
        data-name="Latte Arborea Parzialmente Scremato"
        data-price="1.05"
        data-id="2002"
        data-available="yes"
        data-category="418"
        data-bestselling="4">
    <a href="https://www.spesati.com/latte-arborea-parzialmente-scremato">
        <div style="background-image: url('https://cdn.spesati.com/images/products/000115085/arborea-latte-parzialmente-scremato-uht-a-lunga-conservazione-500-ml-01.png')">
            <div class="hover"></div>
            <p class="arrow bgRed white">Best Seller</p>
            <div class="stickers"><img class="left" src="http://cdn.spesati.com/images/layout/sardinian.png" /></div>
        </div>
    </a>
    <div>
        <h4><a href="https://www.spesati.com/latte-arborea-parzialmente-scremato"><b>Latte Arborea Parzialmente Scremato</b></a></h4>
        <p class="description">Arborea Latte Parzialmente Scremato UHT a Lunga Conservazione 500 ml</p>
        <p class="right price"><b>1.05 €</b></p>
        <p class="right unitPrice">2.10 € per litre</p>
    </div>
    <div class="contButton">
    <a class="button bgRed white addToCart" href="#">Add</a>
</div>
</div><div class="left product prod20"
        data-name="Formaggio Pecorino Supramonte 1-8"
        data-price="9.07"
        data-id="5930"
        data-available="yes"
        data-category="429"
        data-bestselling="2">
    <a href="https://www.spesati.com/formaggio-pecorino-supramonte-1-8">
        <div style="background-image: url('https://cdn.spesati.com/images/products/000107554/sepi-formaggio-pecorino-supramonte-01.png')">
            <div class="hover"></div>
            <p class="arrow bgRed white">Best Seller</p>
            <div class="stickers"><img class="left" src="http://cdn.spesati.com/images/layout/sardinian.png" /></div>
        </div>
    </a>
    <div>
        <h4><a href="https://www.spesati.com/formaggio-pecorino-supramonte-1-8"><b>Formaggio Pecorino Supramonte 1-8</b></a></h4>
        <p class="description">Sepi Formaggio Pecorino Supramonte</p>
        <p class="right price"><b>9.07 €</b></p>
        <p class="right unitPrice">25.90 € per kg</p>
    </div>
    <div class="contButton">
    <a class="button bgRed white addToCart" href="#">Add</a>
</div>
</div><div class="left product prod21"
        data-name="Formaggio Pecorino Fioretto 1-8"
        data-price="9.07"
        data-id="5932"
        data-available="yes"
        data-category="429"
        data-bestselling="">
    <a href="https://www.spesati.com/formaggio-pecorino-fioretto-1-8">
        <div style="background-image: url('https://cdn.spesati.com/images/products/000107552/sepi-formaggio-pecorino-fioretto-01.png')">
            <div class="hover"></div>
            
            <div class="stickers"><img class="left" src="http://cdn.spesati.com/images/layout/sardinian.png" /></div>
        </div>
    </a>
    <div>
        <h4><a href="https://www.spesati.com/formaggio-pecorino-fioretto-1-8"><b>Formaggio Pecorino Fioretto 1-8</b></a></h4>
        <p class="description">Sepi Formaggio pecorino Fioretto</p>
        <p class="right price"><b>9.07 €</b></p>
        <p class="right unitPrice">25.90 € per kg</p>
    </div>
    <div class="contButton">
    <a class="button bgRed white addToCart" href="#">Add</a>
</div>
</div><div class="left product prod22"
        data-name="Formaggio Sepi Caprino Juncau 1-8"
        data-price="9.41"
        data-id="5934"
        data-available="yes"
        data-category="429"
        data-bestselling="">
    <a href="https://www.spesati.com/formaggio-sepi-caprino-juncau-1-8">
        <div style="background-image: url('https://cdn.spesati.com/images/products/000107551/sepi-formaggio-caprino-01.png')">
            <div class="hover"></div>
            
            <div class="stickers"><img class="left" src="http://cdn.spesati.com/images/layout/sardinian.png" /></div>
        </div>
    </a>
    <div>
        <h4><a href="https://www.spesati.com/formaggio-sepi-caprino-juncau-1-8"><b>Formaggio Sepi Caprino Juncau 1-8</b></a></h4>
        <p class="description">Sepi Formaggio Caprino</p>
        <p class="right price"><b>9.41 €</b></p>
        <p class="right unitPrice">26.90 € per kg</p>
    </div>
    <div class="contButton">
    <a class="button bgRed white addToCart" href="#">Add</a>
</div>
</div><div class="left product prod23"
        data-name="Latte Podda Uht Intero 1Lt"
        data-price="1.69"
        data-id="6094"
        data-available="yes"
        data-category="418"
        data-bestselling="">
    <a href="https://www.spesati.com/latte-podda-uht-intero-1lt">
        <div style="background-image: url('https://cdn.spesati.com/images/products/000105896/podda-latte-intero-uht-a-lunga-conservazione-1-l-01.png')">
            <div class="hover"></div>
            
            <div class="stickers"><img class="left" src="http://cdn.spesati.com/images/layout/sardinian.png" /></div>
        </div>
    </a>
    <div>
        <h4><a href="https://www.spesati.com/latte-podda-uht-intero-1lt"><b>Latte Podda Uht Intero 1Lt</b></a></h4>
        <p class="description">Podda Latte Intero UHT a Lunga Conservazione 1 l</p>
        <p class="right price"><b>1.69 €</b></p>
        <p class="right unitPrice">1.70 € per litre</p>
    </div>
    <div class="contButton">
    <a class="button bgRed white addToCart" href="#">Add</a>
</div>
</div><div class="left product prod24"
        data-name="Yogurt 3A Ad Bianco Naturale 2X125Gr"
        data-price="1.55"
        data-id="6971"
        data-available="yes"
        data-category="1954"
        data-bestselling="7">
    <a href="https://www.spesati.com/yogurt-3a-ad-bianco-naturale-2x125gr">
        <div style="background-image: url('https://cdn.spesati.com/images/products/000105064/arborea-ad-alta-digeribilita-yogurt-bianco-senza-lattosio-zero-grassi-2-x-125-g-01.png')">
            <div class="hover"></div>
            <p class="arrow bgRed white">Best Seller</p>
            <div class="stickers"><img class="left" src="http://cdn.spesati.com/images/layout/sardinian.png" /></div>
        </div>
    </a>
    <div>
        <h4><a href="https://www.spesati.com/yogurt-3a-ad-bianco-naturale-2x125gr"><b>Yogurt 3A Ad Bianco Naturale 2X125Gr</b></a></h4>
        <p class="description">Arborea Ad Alta digeribilità Yogurt Bianco Senza Lattosio zero grassi 2 x 125 g</p>
        <p class="right price"><b>1.55 €</b></p>
        <p class="right unitPrice">10.33 € per kg</p>
    </div>
    <div class="contButton">
    <a class="button bgRed white addToCart" href="#">Add</a>
</div>
</div><div class="left product prod25"
        data-name="Mozzarella Arborea Ad 100Gr"
        data-price="1.89"
        data-id="6136"
        data-available="yes"
        data-category="429"
        data-bestselling="">
    <a href="https://www.spesati.com/mozzarella-arborea-ad-100gr">
        <div style="background-image: url('https://cdn.spesati.com/images/products/000105056/arborea-ad-mozzarella-ad-alta-digeribilita-senza-lattosio-100-g-01.png')">
            <div class="hover"></div>
            
            <div class="stickers"><img class="left" src="http://cdn.spesati.com/images/layout/sardinian.png" /></div>
        </div>
    </a>
    <div>
        <h4><a href="https://www.spesati.com/mozzarella-arborea-ad-100gr"><b>Mozzarella Arborea Ad 100Gr</b></a></h4>
        <p class="description">Arborea Ad Mozzarella ad Alta Digeribilità Senza Lattosio 100 g</p>
        <p class="right price"><b>1.89 €</b></p>
        <p class="right unitPrice">18.90 € per kg</p>
    </div>
    <div class="contButton">
    <a class="button bgRed white addToCart" href="#">Add</a>
</div>
</div><div class="left product prod26"
        data-name="Arborea Yogurt Naturale Bianco 500Gr"
        data-price="3.05"
        data-id="2172"
        data-available="yes"
        data-category="1954"
        data-bestselling="2">
    <a href="https://www.spesati.com/arborea-yogurt-naturale-bianco-500gr">
        <div style="background-image: url('https://cdn.spesati.com/images/products/000105047/arborea-yogurt-intero-da-latte-di-alta-qualita-bianco-500-g-01.png')">
            <div class="hover"></div>
            <p class="arrow bgRed white">Best Seller</p>
            <div class="stickers"><img class="left" src="http://cdn.spesati.com/images/layout/sardinian.png" /></div>
        </div>
    </a>
    <div>
        <h4><a href="https://www.spesati.com/arborea-yogurt-naturale-bianco-500gr"><b>Arborea Yogurt Naturale Bianco 500Gr</b></a></h4>
        <p class="description">Arborea Yogurt Intero da Latte di Alta Qualità Bianco 500 g</p>
        <p class="right price"><b>3.05 €</b></p>
        <p class="right unitPrice">6.11 € per kg</p>
    </div>
    <div class="contButton">
    <a class="button bgRed white addToCart" href="#">Add</a>
</div>
</div><div class="left product prod27"
        data-name="Arborea Ricotta Vaschetta 250Gr"
        data-price="2.25"
        data-id="5969"
        data-available="yes"
        data-category="429"
        data-bestselling="4">
    <a href="https://www.spesati.com/arborea-ricotta-vaschetta-250gr">
        <div style="background-image: url('https://cdn.spesati.com/images/products/000105026/arborea-cuor-di-ricotta-250-g-01.png')">
            <div class="hover"></div>
            <p class="arrow bgRed white">Best Seller</p>
            <div class="stickers"><img class="left" src="http://cdn.spesati.com/images/layout/sardinian.png" /></div>
        </div>
    </a>
    <div>
        <h4><a href="https://www.spesati.com/arborea-ricotta-vaschetta-250gr"><b>Arborea Ricotta Vaschetta 250Gr</b></a></h4>
        <p class="description">Arborea Cuor di Ricotta 250 g</p>
        <p class="right price"><b>2.25 €</b></p>
        <p class="right unitPrice">9.00 € per kg</p>
    </div>
    <div class="contButton">
    <a class="button bgRed white addToCart" href="#">Add</a>
</div>
</div><div class="left product prod28"
        data-name="Arborea Mascarpone Gr 250"
        data-price="3.79"
        data-id="2023"
        data-available="yes"
        data-category="429"
        data-bestselling="">
    <a href="https://www.spesati.com/arborea-mascarpone-gr-250">
        <div style="background-image: url('https://cdn.spesati.com/images/products/000105020/arborea-mascarpone-250-g-01.png')">
            <div class="hover"></div>
            
            <div class="stickers"><img class="left" src="http://cdn.spesati.com/images/layout/sardinian.png" /></div>
        </div>
    </a>
    <div>
        <h4><a href="https://www.spesati.com/arborea-mascarpone-gr-250"><b>Arborea Mascarpone Gr 250</b></a></h4>
        <p class="description">Arborea Mascarpone 250 g</p>
        <p class="right price"><b>3.79 €</b></p>
        <p class="right unitPrice">15.16 € per kg</p>
    </div>
    <div class="contButton">
    <a class="button bgRed white addToCart" href="#">Add</a>
</div>
</div><div class="left product prod29"
        data-name="Arborea Mozzarella 3pz"
        data-price="3.49"
        data-id="2030"
        data-available="yes"
        data-category="429"
        data-bestselling="31">
    <a href="https://www.spesati.com/arborea-mozzarella-3pz">
        <div style="background-image: url('https://cdn.spesati.com/images/products/000105018/arborea-mozzarella-fiore-del-latte-3-x-100-g-01.png')">
            <div class="hover"></div>
            <p class="arrow bgRed white">Best Seller</p>
            <div class="stickers"><img class="left" src="http://cdn.spesati.com/images/layout/sardinian.png" /></div>
        </div>
    </a>
    <div>
        <h4><a href="https://www.spesati.com/arborea-mozzarella-3pz"><b>Arborea Mozzarella 3pz</b></a></h4>
        <p class="description">Arborea Mozzarella Fiore del Latte 3 x 100 g</p>
        <p class="right price"><b>3.49 €</b></p>
        <p class="right unitPrice">11.64 € per kg</p>
    </div>
    <div class="contButton">
    <a class="button bgRed white addToCart" href="#">Add</a>
</div>
</div><div class="left product prod30"
        data-name="Dante Olio di Semi di Girasole 1 L"
        data-price="4.43"
        data-id="5944"
        data-available="yes"
        data-category="429"
        data-bestselling="1">
    <a href="https://www.spesati.com/dante-olio-di-semi-di-girasole-1-l">
        <div style="background-image: url('https://cdn.spesati.com/images/products/000102057/dante-olio-di-semi-di-girasole-1-l-01.png')">
            <div class="hover"></div>
            <p class="arrow bgRed white">Best Seller</p>
            <div class="stickers"><img class="left" src="http://cdn.spesati.com/images/layout/sardinian.png" /></div>
        </div>
    </a>
    <div>
        <h4><a href="https://www.spesati.com/dante-olio-di-semi-di-girasole-1-l"><b>Dante Olio di Semi di Girasole 1 L</b></a></h4>
        <p class="description">Dante Olio di Semi di Girasole 1 L</p>
        <p class="right price"><b>4.43 €</b></p>
        <p class="right unitPrice">29.55 € per kg</p>
    </div>
    <div class="contButton">
    <a class="button bgRed white addToCart" href="#">Add</a>
</div>
</div><div class="left product prod31"
        data-name="Formaggio Cuore Isola Pecorino S/Lattosio"
        data-price="37.35"
        data-id="83546"
        data-available="no"
        data-category="429"
        data-bestselling="">
    <a href="https://www.spesati.com/formaggio-cuore-isola-pecorino-slattosio">
        <div style="background-image: url('https://cdn.spesati.com/images/products/398036/formaggio-cuore-isola-01.jpg')">
            <div class="hover"></div>
            
            <div class="stickers"><img class="left" src="http://cdn.spesati.com/images/layout/sardinian.png" /></div>
        </div>
    </a>
    <div>
        <h4><a href="https://www.spesati.com/formaggio-cuore-isola-pecorino-slattosio"><b>Formaggio Cuore Isola Pecorino S/Lattosio</b></a></h4>
        <p class="description">1 Kg</p>
        <p class="right price"><b>37.35 €</b></p>
        <p class="right unitPrice">24.90 € per kg</p>
    </div>
    <div class="notAvailable">
    <a class="button bgDarkGrey white" href="https://www.spesati.com/formaggio-cuore-isola-pecorino-slattosio">Not available</a>
</div>
</div><div class="left product prod32"
        data-name="Formaggio Cuore Di Orgosolo 1-8"
        data-price="12.95"
        data-id="5933"
        data-available="no"
        data-category="429"
        data-bestselling="">
    <a href="https://www.spesati.com/formaggio-cuore-di-orgosolo-1-8">
        <div style="background-image: url('https://cdn.spesati.com/images/products/107562/formaggio-cuore-di-01.jpg')">
            <div class="hover"></div>
            
            <div class="stickers"><img class="left" src="http://cdn.spesati.com/images/layout/sardinian.png" /></div>
        </div>
    </a>
    <div>
        <h4><a href="https://www.spesati.com/formaggio-cuore-di-orgosolo-1-8"><b>Formaggio Cuore Di Orgosolo 1-8</b></a></h4>
        <p class="description">medium weight 0.500 Kg</p>
        <p class="right price"><b>12.95 €</b></p>
        <p class="right unitPrice">25.90 € per kg</p>
    </div>
    <div class="notAvailable">
    <a class="button bgDarkGrey white" href="https://www.spesati.com/formaggio-cuore-di-orgosolo-1-8">Not available</a>
</div>
</div><div class="left product prod33"
        data-name="Formaggio Cuore Di Monte 1-8"
        data-price="12.95"
        data-id="5931"
        data-available="no"
        data-category="429"
        data-bestselling="">
    <a href="https://www.spesati.com/formaggio-cuore-di-monte-1-8">
        <div style="background-image: url('https://cdn.spesati.com/images/products/107561/formaggio-cuore-di-01.jpg')">
            <div class="hover"></div>
            
            <div class="stickers"><img class="left" src="http://cdn.spesati.com/images/layout/sardinian.png" /></div>
        </div>
    </a>
    <div>
        <h4><a href="https://www.spesati.com/formaggio-cuore-di-monte-1-8"><b>Formaggio Cuore Di Monte 1-8</b></a></h4>
        <p class="description">medium weight 0.500 Kg</p>
        <p class="right price"><b>12.95 €</b></p>
        <p class="right unitPrice">25.90 € per kg</p>
    </div>
    <div class="notAvailable">
    <a class="button bgDarkGrey white" href="https://www.spesati.com/formaggio-cuore-di-monte-1-8">Not available</a>
</div>
</div><div class="left product prod34"
        data-name="Latte Arborea Intero Tappovite"
        data-price="1.99"
        data-id="2001"
        data-available="no"
        data-category="418"
        data-bestselling="17">
    <a href="https://www.spesati.com/latte-arborea-intero-tappovite">
        <div style="background-image: url('https://cdn.spesati.com/images/products/000115092/arborea-latte-intero-uht-a-lunga-conservazione-1000-ml-01.png')">
            <div class="hover"></div>
            <p class="arrow bgRed white">Best Seller</p>
            <div class="stickers"><img class="left" src="http://cdn.spesati.com/images/layout/sardinian.png" /></div>
        </div>
    </a>
    <div>
        <h4><a href="https://www.spesati.com/latte-arborea-intero-tappovite"><b>Latte Arborea Intero Tappovite</b></a></h4>
        <p class="description">Arborea Latte Intero UHT a Lunga Conservazione 1000 ml</p>
        <p class="right price"><b>1.99 €</b></p>
        <p class="right unitPrice">1.99 € per litre</p>
    </div>
    <div class="notAvailable">
    <a class="button bgDarkGrey white" href="https://www.spesati.com/latte-arborea-intero-tappovite">Not available</a>
</div>
</div><div class="left product prod35"
        data-name="Mozzarella Podda 3X100Gr"
        data-price="3.19"
        data-id="7121"
        data-available="no"
        data-category="429"
        data-bestselling="5">
    <a href="https://www.spesati.com/mozzarella-podda-3x100gr">
        <div style="background-image: url('https://cdn.spesati.com/images/products/000105897/podda-mozzarella-3-x-100-g-01.png')">
            <div class="hover"></div>
            <p class="arrow bgRed white">Best Seller</p>
            <div class="stickers"><img class="left" src="http://cdn.spesati.com/images/layout/sardinian.png" /></div>
        </div>
    </a>
    <div>
        <h4><a href="https://www.spesati.com/mozzarella-podda-3x100gr"><b>Mozzarella Podda 3X100Gr</b></a></h4>
        <p class="description">Podda Mozzarella 3 x 100 g</p>
        <p class="right price"><b>3.19 €</b></p>
        <p class="right unitPrice">10.63 € per kg</p>
    </div>
    <div class="notAvailable">
    <a class="button bgDarkGrey white" href="https://www.spesati.com/mozzarella-podda-3x100gr">Not available</a>
</div>
</div><div class="left product prod36"
        data-name="Arborea Yogurt Magro Fragola 2X125Gr"
        data-price="1.45"
        data-id="6266"
        data-available="no"
        data-category="1954"
        data-bestselling="">
    <a href="https://www.spesati.com/arborea-yogurt-magro-fragola-2x125gr">
        <div style="background-image: url('https://cdn.spesati.com/images/products/000105693/arborea-yogurt-zero-grassi-fragola-in-pezzi-2-x-125-g-01.png')">
            <div class="hover"></div>
            
            <div class="stickers"><img class="left" src="http://cdn.spesati.com/images/layout/sardinian.png" /></div>
        </div>
    </a>
    <div>
        <h4><a href="https://www.spesati.com/arborea-yogurt-magro-fragola-2x125gr"><b>Arborea Yogurt Magro Fragola 2X125Gr</b></a></h4>
        <p class="description">Arborea Yogurt Zero Grassi Fragola in pezzi 2 x 125 g</p>
        <p class="right price"><b>1.45 €</b></p>
        <p class="right unitPrice">5.80 € per kg</p>
    </div>
    <div class="notAvailable">
    <a class="button bgDarkGrey white" href="https://www.spesati.com/arborea-yogurt-magro-fragola-2x125gr">Not available</a>
</div>
</div><div class="left product prod37"
        data-name="Yogurt Arborea Goloso Stracciatella"
        data-price="1.39"
        data-id="2226"
        data-available="no"
        data-category="1954"
        data-bestselling="">
    <a href="https://www.spesati.com/yogurt-arborea-goloso-stracciatella">
        <div style="background-image: url('https://cdn.spesati.com/images/products/000105687/arborea-yogurt-intero-da-latte-di-alta-qualita-stracciatella-2-x-125-g-01.png')">
            <div class="hover"></div>
            
            <div class="stickers"><img class="left" src="http://cdn.spesati.com/images/layout/sardinian.png" /></div>
        </div>
    </a>
    <div>
        <h4><a href="https://www.spesati.com/yogurt-arborea-goloso-stracciatella"><b>Yogurt Arborea Goloso Stracciatella</b></a></h4>
        <p class="description">Arborea Yogurt Intero da Latte di Alta Qualità Stracciatella 2 x 125 g</p>
        <p class="right price"><b>1.39 €</b></p>
        <p class="right unitPrice">5.57 € per kg</p>
    </div>
    <div class="notAvailable">
    <a class="button bgDarkGrey white" href="https://www.spesati.com/yogurt-arborea-goloso-stracciatella">Not available</a>
</div>
</div><div class="left product prod38"
        data-name="Yogurt Fattorie Girau Banana 2X125 Gr"
        data-price="2.65"
        data-id="5965"
        data-available="no"
        data-category="1954"
        data-bestselling="">
    <a href="https://www.spesati.com/yogurt-fattorie-girau-banana-2x125-gr">
        <div style="background-image: url('https://cdn.spesati.com/images/products/000105125/girau-yogurt-di-capra-banana-2-x-125-g-01.png')">
            <div class="hover"></div>
            
            <div class="stickers"><img class="left" src="http://cdn.spesati.com/images/layout/sardinian.png" /></div>
        </div>
    </a>
    <div>
        <h4><a href="https://www.spesati.com/yogurt-fattorie-girau-banana-2x125-gr"><b>Yogurt Fattorie Girau Banana 2X125 Gr</b></a></h4>
        <p class="description">Girau Yogurt di Capra Banana 2 x 125 g</p>
        <p class="right price"><b>2.65 €</b></p>
        <p class="right unitPrice">10.60 € per kg</p>
    </div>
    <div class="notAvailable">
    <a class="button bgDarkGrey white" href="https://www.spesati.com/yogurt-fattorie-girau-banana-2x125-gr">Not available</a>
</div>
</div><div class="left product prod39"
        data-name="Girau Yogurt Capra Fragola 2X125Gr"
        data-price="2.33"
        data-id="5966"
        data-available="no"
        data-category="1954"
        data-bestselling="">
    <a href="https://www.spesati.com/girau-yogurt-capra-fragola-2x125gr">
        <div style="background-image: url('https://cdn.spesati.com/images/products/000105124/girau-yogurt-di-capra-fragola-2-x-125-g-01.png')">
            <div class="hover"></div>
            
            <div class="stickers"><img class="left" src="http://cdn.spesati.com/images/layout/sardinian.png" /></div>
        </div>
    </a>
    <div>
        <h4><a href="https://www.spesati.com/girau-yogurt-capra-fragola-2x125gr"><b>Girau Yogurt Capra Fragola 2X125Gr</b></a></h4>
        <p class="description">Girau Yogurt di Capra Fragola 2 x 125 g</p>
        <p class="right price"><b>2.33 €</b></p>
        <p class="right unitPrice">9.32 € per kg</p>
    </div>
    <div class="notAvailable">
    <a class="button bgDarkGrey white" href="https://www.spesati.com/girau-yogurt-capra-fragola-2x125gr">Not available</a>
</div>
</div><div class="left product prod40"
        data-name="Girau Yogurt Capra Bianco 2X125Gr"
        data-price="2.33"
        data-id="5964"
        data-available="no"
        data-category="1954"
        data-bestselling="">
    <a href="https://www.spesati.com/girau-yogurt-capra-bianco-2x125gr">
        <div style="background-image: url('https://cdn.spesati.com/images/products/000105123/girau-yogurt-di-capra-bianco-2-x-125-g-01.png')">
            <div class="hover"></div>
            
            <div class="stickers"><img class="left" src="http://cdn.spesati.com/images/layout/sardinian.png" /></div>
        </div>
    </a>
    <div>
        <h4><a href="https://www.spesati.com/girau-yogurt-capra-bianco-2x125gr"><b>Girau Yogurt Capra Bianco 2X125Gr</b></a></h4>
        <p class="description">Girau Yogurt di Capra Bianco 2 x 125 g</p>
        <p class="right price"><b>2.33 €</b></p>
        <p class="right unitPrice">9.32 € per kg</p>
    </div>
    <div class="notAvailable">
    <a class="button bgDarkGrey white" href="https://www.spesati.com/girau-yogurt-capra-bianco-2x125gr">Not available</a>
</div>
</div><div class="left product prod41"
        data-name="Panedda Arborea 1Kg"
        data-price="15.90"
        data-id="6283"
        data-available="no"
        data-category="429"
        data-bestselling="">
    <a href="https://www.spesati.com/panedda-arborea-1kg">
        <div style="background-image: url('https://cdn.spesati.com/images/products/000105002/arborea-panedda-1000-g-01.png')">
            <div class="hover"></div>
            
            <div class="stickers"><img class="left" src="http://cdn.spesati.com/images/layout/sardinian.png" /></div>
        </div>
    </a>
    <div>
        <h4><a href="https://www.spesati.com/panedda-arborea-1kg"><b>Panedda Arborea 1Kg</b></a></h4>
        <p class="description">Arborea Panedda 1000 g</p>
        <p class="right price"><b>15.90 €</b></p>
        <p class="right unitPrice">15.90 € per kg</p>
    </div>
    <div class="notAvailable">
    <a class="button bgDarkGrey white" href="https://www.spesati.com/panedda-arborea-1kg">Not available</a>
</div>
</div>        </div>
    </div>
</section>
<div class="footer">
    <div class="bgDarkGrey"></div>
    <footer>
        <div class="left bgDarkGrey">
            <a id="logoFooter" href="https://www.spesati.com/" class="estDynamic">
                <img src="http://cdn.spesati.com/images/layout/logo-eng.png" alt="Spesati.com" />
                <h2 class="red">Grocery Delivery</h2>
            </a>
            <a class="button bgRed white mobile" href="tel:390707968318">Phone order</a>
            <a class="button bgRed white desktop" href="https://www.spesati.com/news/2020-04-07/news-on-spesati-the-telephone-order-service-is-active">Phone order</a>
            <a class="button bgRed white" href="https://www.spesati.com/cdn-cgi/l/email-protection#167f787079566566736577627f3875797b">Send mail</a>
            <div id="social">
                <a class="left" href="https://www.facebook.com/spesati/" rel="external" target="_blank">
                    <span class="facebook bgRed fa-stack fa-lg">
                        <i class="fa fa-facebook fa-stack-1x "></i>
                    </span>
                </a>
                <a class="right" href="https://twitter.com/spesati" rel="external" target="_blank">
                    <span class="twitter bgRed fa-stack fa-lg">
                        <i class="fa fa-twitter fa-stack-1x "></i>
                    </span>
                </a>
            </div>
            <p>Copyright 2024 Spesati.com </p>
            
                    <p>All rights reserved</p>
                    <p>SPESATI SRL</p>
                    <p>Corso Vittorio Veneto 15/I, 07026, Olbia</p>
                    <p>CF e P.Iva: 02772380909</p>
                        </div>
        <div class="center bgRed">
            <div class="top">
                <h3>Categories</h3>
                <div class="col">
                    <ul>
                        <li>
                            <a href="#" class="estDynamic">On sale</a>
                        </li>
                        <li>
                            <a href="https://www.spesati.com/fruit-and-vegetables" class="estDynamic">Fruit and vegetables</a>
                        </li>
                        <li>
                            <a href="https://www.spesati.com/fresh-products" class="estDynamic">Fresh products</a>
                        </li>
                        <li>
                            <a href="https://www.spesati.com/frozen-foods" class="estDynamic">Frozen foods</a>
                        </li>
                        <li>
                            <a href="https://www.spesati.com/bread-and-pasta" class="estDynamic">Bread and pasta</a>
                        </li>
                        <li>
                            <a href="https://www.spesati.com/meat" class="estDynamic">Meat</a>
                        </li>
                        <li>
                            <a href="https://www.spesati.com/fish" class="estDynamic">Fish</a>
                        </li>
                    </ul>
                </div>
                <div class="col">
                    <ul>
                        <li>
                            <a href="https://www.spesati.com/wine-beer-and-spirits" class="estDynamic">Wine beer and spirits</a>
                        </li>
                        <li>
                            <a href="https://www.spesati.com/water-and-drinks" class="estDynamic">Water and drinks</a>
                        </li>
                        <li>
                            <a href="https://www.spesati.com/sweets" class="estDynamic">Sweets</a>
                        </li>
                        <li>
                            <a href="https://www.spesati.com/shelf" class="estDynamic">Cupboard</a>
                        </li>
                        <li>
                            <a href="https://www.spesati.com/personal-care" class="estDynamic">Personal care</a>
                        </li>
                        <li>
                            <a href="https://www.spesati.com/household-and-outdoors" class="estDynamic">Home and outdoors</a>
                        </li>
                        <li>
                            <a href="https://www.spesati.com/pet" class="estDynamic">Pets</a>
                        </li>
                    </ul>
                </div>
                <div class="col">
                    <ul>
                        <li>
                            <a href="https://www.spesati.com/technology" class="estDynamic">Technology</a>
                        </li>
                        <li>
                            <a href="https://www.spesati.com/gluten-free" class="estDynamic">Gluten free</a>
                        </li>
                        <li>
                            <a href="https://www.spesati.com/lactose-free" class="estDynamic">Lactose free</a>
                        </li>
                        <li>
                            <a href="https://www.spesati.com/special" class="estDynamic">Special</a>
                        </li>
                        <li>
                            <a href="https://www.spesati.com/sardinian-products" class="estDynamic">Sardinian products</a>
                        </li>
                    </ul>
                </div>
            </div>
            <div class="bottom bgRed">
                <div class="left">
                    <h3>Delivery payment</h3>
                    <div>
                        <i class="fa fa-money fa-3x" aria-hidden="true"></i>
                        <p>Cash</p>
                    </div>
                    <div>
                        <i class="fa fa-credit-card fa-3x" aria-hidden="true"></i>
                        <p>Bancomat or card</p>
                    </div>
                </div>
                <div class="right">
                    <h3>Online payment</h3>
                    <div>
                        <i class="fa fa-credit-card fa-3x" aria-hidden="true"></i>
                        <p>Credit or debit card <span class="red">online</span></p>
                    </div>
                    <div>
                        <i class="fa fa-paypal fa-3x" aria-hidden="true"></i>
                        <p>PayPal</p>
                    </div>
                    <div>
                        <i class="fa fa-university fa-3x" aria-hidden="true"></i>
                        <p>Bank transfer</p>
                    </div>
                </div>
            </div>
        </div>
        <div class="right bgRed">
            <div>
                <i class="fa fa-truck fa-flip-horizontal"></i>
                <a class="button bgYellow white" href="https://www.spesati.com/delivery-prices">Delivery prices</a>
                
                    <h3>Home delivery:</h3>
                    <p><b>Monday to Saturday</b></p>
                    <p><b>9:00 to 20:00</b></p>
                    <p><b>Minimum order:</b> 29€</p>
                    <p><b>Delivery starting from:</b> 3,50€</p>
                            </div>
            <ul>
                <li>
                    <a href="https://www.spesati.com/delivery-prices">Delivery prices</a>
                </li>
                <li>
                    <a href="https://www.spesati.com/about">About</a>
                </li>
                <li>
                    <a href="https://www.spesati.com/faq">Faq</a>
                </li>
                <li>
                    <a href="https://www.spesati.com/customer-care">Support</a>
                </li>
                <li>
                    <a href="https://www.spesati.com/news">Blog</a>
                </li>
                <li>
                    <a href="https://www.spesati.com/terms-and-conditions">Conditions</a>
                </li>
                <li>
                    <a href="https://www.spesati.com/privacy-policy">Privacy policy</a>
                </li>
                <li>
                    <a href="https://www.spesati.com/legal-warranty">Legal guarantee</a>
                </li>
            </ul>
        </div>
    </footer>
    <div class="bgRed"></div>
</div>
<!--Start of Tawk.to Script-->
<script data-cfasync="false" src="https://www.spesati.com/cdn-cgi/scripts/5c5dd728/cloudflare-static/email-decode.min.js"></script><script type="text/javascript">
var Tawk_API=Tawk_API||{}, Tawk_LoadStart=new Date();
(function(){
var s1=document.createElement("script"),s0=document.getElementsByTagName("script")[0];
s1.async=true;
s1.src='https://embed.tawk.to/59e86945c28eca75e4626ed9/default';
s1.charset='UTF-8';
s1.setAttribute('crossorigin','*');
s0.parentNode.insertBefore(s1,s0);
})();
</script>
<!--End of Tawk.to Script-->

<!-- Here are parked a few translatable strings, useful for Javascript rendering -->
<div id="js-texts" hidden>
    <input type="hidden" name="save_cart_notice" value="Saving your cart it will be possible to reload it next time you come for shopping">
    <input type="hidden" name="save_cart_notice_title" value="Want to save your cart?">
    <input type="hidden" name="save_cart_ok" value="Save">
    <input type="hidden" name="save_cart_ko" value="Don't Save">
    <input type="hidden" name="reload_cart" value="The Reload Order function allows you to top up your last cart to make a New Order. Warning: do not use this function to add products to the last order. At this time it is not possible to modify an order placed previously.">
</div>

<!-- new site and login popup -->
</body>
<!-- Mirrored from www.spesati.com/sardinian-products/dairy-product by HTTrack Website Copier/3.x [XR&CO'2014], Fri, 23 Feb 2024 18:50:20 GMT -->
</html>