<!DOCTYPE html><html lang="en">
<!-- Mirrored from www.spesati.com/fresh-products/cured-meat by HTTrack Website Copier/3.x [XR&CO'2014], Fri, 23 Feb 2024 17:36:18 GMT -->
<!-- Added by HTTrack --><meta http-equiv="content-type" content="text/html;charset=utf-8" /><!-- /Added by HTTrack -->
<head>
    <title>Cured meat - Fresh products - Spesati.com</title>
    <meta http-equiv="Content-Type" content="text/html; charset=UTF-8" />
    <meta name="description" content="" />
    <meta name="keywords" content="" />
    <link href="../images/favicon.ico" rel="shortcut icon" type="image/x-icon" />
    <meta name="author" content="www.dodify.com" /><link rel="canonical" href="cured-meat.html" /><link rel="alternate" hreflang="en" href="cured-meat.html" /><link rel="alternate" hreflang="it" href="https://www.spesati.it/prodotti-freschi/salumi-e-salsicce" /><link href="../../cdnjs.cloudflare.com/ajax/libs/meyer-reset/2.0/reset.min.css" rel="stylesheet" type="text/css" /><link href="../../cdnjs.cloudflare.com/ajax/libs/font-awesome/6.5.1/css/all.min.css" rel="stylesheet" type="text/css" /><link href="https://fonts.googleapis.com/css?family=Montserrat:400,700" rel="stylesheet" type="text/css" /><link href="../../cdnjs.cloudflare.com/ajax/libs/fancybox/2.1.5/jquery.fancybox.min.css" rel="stylesheet" type="text/css" /><link href="../style/mainbea6.css?v=7" rel="stylesheet" type="text/css" /><link href="../style/lightslider.css" rel="stylesheet" type="text/css" /><link href="../style/categories.css" rel="stylesheet" type="text/css" /><script src="../../cdnjs.cloudflare.com/ajax/libs/jquery/3.6.1/jquery.min.js" type="text/javascript"></script><script src="../../ajax.googleapis.com/ajax/libs/jquery/1.11.0/jquery.min.js" type="text/javascript"></script><script src="http://unpkg.com/@floating-ui/core@0.4.0" type="text/javascript"></script><script src="http://unpkg.com/@floating-ui/dom@0.2.0" type="text/javascript"></script><script src="../../cdnjs.cloudflare.com/ajax/libs/fancybox/2.1.5/jquery.fancybox.min.js" type="text/javascript"></script><script src="../js/menu.js" type="text/javascript"></script><script src="../js/interfaceb6f5.js?v=10" type="text/javascript"></script><script src="../js/spesati.lightslider.min.js" type="text/javascript"></script><meta name="viewport" content="width=device-width, initial-scale=1, maximum-scale=1" /><meta name = "format-detection" content = "telephone=no">
<!-- Facebook Pixel Code -->
<script>
  !function(f,b,e,v,n,t,s)
  {if(f.fbq)return;n=f.fbq=function(){n.callMethod?
  n.callMethod.apply(n,arguments):n.queue.push(arguments)};
  if(!f._fbq)f._fbq=n;n.push=n;n.loaded=!0;n.version='2.0';
  n.queue=[];t=b.createElement(e);t.async=!0;
  t.src=v;s=b.getElementsByTagName(e)[0];
  s.parentNode.insertBefore(t,s)}(window, document,'script',
  '../../connect.facebook.net/en_US/fbevents.js');
  fbq('init', '792335014180667');
  fbq('track', 'PageView');
</script>
<noscript>
    <img height="1" width="1" style="display:none" src="https://www.facebook.com/tr?id=792335014180667&amp;ev=PageView&amp;noscript=1" />
</noscript>
<!-- End Facebook Pixel Code -->

<!-- GA4 -->
<script async src="https://www.googletagmanager.com/gtag/js?id=G-SSS6NRNXL0"></script>
<script>
  window.dataLayer = window.dataLayer || [];
  function gtag(){dataLayer.push(arguments);}
  gtag('js', new Date());
  gtag('config', 'AW-976671669');
  gtag('config', 'G-SSS6NRNXL0');
</script>
<!-- Elements for PWA deploy -->
<link rel="manifest" href="../manifest.json">
<meta name="theme-color" media="(prefers-color-scheme: light)" content="white">
<meta name="theme-color" media="(prefers-color-scheme: dark)"  content="black">
<link href=../images/icon-192.png rel=apple-touch-icon sizes="192x192">
<!-- Establishment logic -->
<script>var pageEstablishment = "Olbia"; var estDefaultPages = true</script>
    <!--[if lt IE 9]>
        <script src="https://cdnjs.cloudflare.com/ajax/libs/html5shiv/3.7.3/html5shiv.min.js" type="text/javascript"></script>
    <![endif]--><script type="text/javascript">
$(document).ready(function() {
    // Check if exists cookie
    if(document.cookie.indexOf("cookieAccepted") < 0) {
        var cookieText = '<div id=\"cookie\"><p>This site uses cookies. Cookies are used for ads personalisation. <a href=\"/privacy-policy\">More info</a></p><button id=\"cookieConsent\" type=\"button\">Accept</button></div>';
        $("body").append($(
            cookieText
        ));
        $('#cookie').css({
            'width'           : '100%',
            'text-align'      : 'center',
            'color'           : '#FFFFFF',
            'background-color': '#000000', 
            'opacity'         : '.8', 
            'position'        : 'fixed', 
            'bottom'          : '0',
            'padding'         : '.5em 0',
            'z-index'         : '999'
        });
        $('#cookie > *').css({
            'display': 'inline'
        });
        $('#cookie a').css({
            'color'          : '#FFFFFF',
            'text-decoration': 'underline',
            'margin-right'   : '2%'
        });
        $('#cookieConsent').click(function() {
            // Set cookie
            var expiry = new Date();
            expiry.setTime(expiry.getTime() + (365 * 24 * 60 * 60 * 1000));
            document.cookie = "cookieAccepted=yes; expires=" + expiry.toGMTString() + "; path=/; domain=.spesati.com";
            $('#cookie').css({'display': 'none'});
        });
    }
});
</script></head><body><script type="text/javascript">
    var addText = "Add";
    var slider  = null;
    $(document).ready(function() {
        slider = $('#cartSlider').lightSlider({
            controls: false,
            item:13,
            loop:false,
            slideMove:1,
            easing: 'cubic-bezier(0.25, 0, 0.25, 1)',
            speed:600,
            responsive : [
                {
                    breakpoint:1400,
                    settings: {
                        item:12,
                        slideMove:1,
                    }
                },
                {
                    breakpoint:1200,
                    settings: {
                        item:11,
                        slideMove:1,
                    }
                },
                {
                    breakpoint:1080,
                    settings: {
                        item:14,
                        slideMove:1,
                    }
                },
                {
                    breakpoint:800,
                    settings: {
                        item:12,
                        slideMove:1,
                    }
                }
            ]
        });
        $('.lSPager').css("display","none");
        $('.lSAction').css("display","block");
        $('#goToPrevSlide').on('click', function () {
            slider.goToPrevSlide();
        });
        $('#goToNextSlide').on('click', function () {
            slider.goToNextSlide();
        });
    });

</script>
<div id="header" class="bgYellow">
    <header>
        <a class="menu" href="#"><i class="fa red fa-bars fa-2x"></i></a>
        <a id="logo" class="colLeft estDynamic" href="../index.html">
            <img src="../../cdn.spesati.com/images/layout/logo-eng.png" alt="Spesati.com" />
            <h2 class="red">Grocery Delivery</h2>
        </a>
        <div class="colRight">
            <div id="controls" class="right">
                <p id="establishmentControls">
                    <span class="establishmentWarning"><i class="fa-solid fa-triangle-exclamation red" title="Stai visualizzando i prodotti disponibili in una zona diversa. Se vuoi cambiare zona, cliccan qui"></i>&nbsp;&nbsp;</span>
                    Shopping from <b><a id="establishment" href="#"></a></b> <span id="estAddress">for </span> <a href="../change-establishment.html">(<i class="fa-solid fa-pencil"></i> Change)</a> <span class="establishmentWarning">but viewing <b>Olbia</b></span>
                </p>
                <p><a href="https://www.spesati.it/prodotti-freschi/salumi-e-salsicce" class="black switch-site">Versione italiana</a></p>                
            </div>
            <div>
                <form id="search" action="https://www.spesati.com/search" method="post" class="left">
                    <fieldset>
                        <div>
                            <input type="text" name="searchBox" id="searchBox" placeholder="Search for a product"></input>
                            <input id="searchButton" type="submit" name="searchButton" class="button bgRed white left" value="Find" />
                        </div>
                    </fieldset>
                </form>
                <div class="center left">
                    <a class="button bgRed white log-in" href="../login.html">Login</a>
                    <a class="button bgRed white sign-up" href="../sign-up.html">Sign up</a>
                    <a class="button bgRed white profile" href="../profile.html">Profile</a>
                    <a class="button bgRed white log-out" href="../index.html" data-endpoint-check-cart="https://api.spesati.com/cart/check">Logout</a>
                </div>
                <div class="right user-function-icons">
                    <a class="red left account"><i class="fa fa-user fa-3x"></i></a>
                    <div id="dropdown">
                        <a class="log-in button bgRed white" href="../login.html">Login</a>
                        <a class="sign-up button bgRed white" href="../sign-up.html">Sign up</a>
                        <a class="profile button bgRed white" href="../profile.html">Profile</a>
                        <a class="log-out button bgRed white" href="../index.html">Logout</a>
                    </div>

                    <div class="cart left">
                        <i class="fa fa-sm fa-shopping-cart red" aria-hidden="true" id="shipping-cart-button"></i>
                        <p id="cartQuantity"></p>
                    </div>

                    <a class="right" href="../cart.html"><p class="black" id="cartTotal"></p></a>
                </div>
            </div>
                            <div id="previewCart">
                    <i id="goToPrevSlide" class="yellow fa fa-angle-left fa-2x" aria-hidden="true"></i>
                    <div><ul id="cartSlider"></ul></div>
                    <i id="goToNextSlide" class="yellow fa fa-angle-right fa-2x" aria-hidden="true"></i>
                </div>
                    </div>
    </header>

    <div id="shipping-cart-options" data-inited="false">
        <a href="../cart.html" class="goto-cart">checkout</a>
        <a href="#" data-endpoint-auth="https://api.spesati.com/cart/save" data-endpoint-noauth="/login" class="save-cart">save</a>
        <a href="#" data-endpoint-auth="https://api.spesati.com/cart/load" class="load-cart">load</a>
    </div>
</div>
<div id="menuCategoriesMobile" class="mobile bgRed">
    <div class="closeMenu">
        <i class="fa fa-times fa-2x white"></i>
        Close
    </div>
    <ul class="bgRed white">
        <div id="langMobile" class="right">
        <a href="https://www.spesati.it/prodotti-freschi/salumi-e-salsicce" class="white switch-site"><p>Versione italiana</p></a>    </div>
        <li><a>Categories</a>
            <ul class="bgWhite">
                <li>
                    <img src="../../cdn.spesati.com/images/menu/on-sale.png"/>
                    On sale                    <i class="fa fa-angle-down" aria-hidden="true"></i>
                    <ul class="sub-menu">
                    <li>
    <a href="../tacchino-fesa-a-fette.html">Tacchino Fesa A Fette</a>
</li><li>
    <a href="../amaro-montenegro-15lt.html">Amaro Montenegro 1,5lt</a>
</li><li>
    <a href="../carbone-di-legna-sacco-10kg.html">Carbone Di Legna Sacco 10Kg</a>
</li><li>
    <a href="../filu-e-ferru-silvio-carta-70cl.html">Filu E Ferru Silvio Carta 70Cl</a>
</li><li>
    <a href="../braciole-suino-con-cotenna.html">Braciole Suino Con Cotenna</a>
</li><li>
    <a href="../bovino-adulto-polpa.html">Bovino Adulto Polpa</a>
</li><li>
    <a href="../vino-la-palma-cannonau-le-bombarde.html">Vino La Palma Cannonau Le Bombarde</a>
</li><li>
    <a href="../fettine-sceltissime-bovino-adulto.html">Fettine Sceltissime Bovino Adulto</a>
</li><li>
    <a href="../suino-fettine-scelte.html">Suino Fettine Scelte</a>
</li><li>
    <a href="../lavazza-caffe-qualita-rossa-2x250gr.html">Lavazza Caffé Qualità Rossa 2x250gr</a>
</li>                        <li>
                            <a class="estDynamic" href="../on-offer.html">All products on sale</a>
                        </li>
                    </ul>
                </li>
                <li>
                    <img src="../../cdn.spesati.com/images/menu/gift.png"/>
                    Gifts                    <i class="fa fa-angle-down" aria-hidden="true"></i>
                    <ul class="sub-menu">
                        <li>
    <a href="../gift-card-da-150.html">Gift Card Da 150</a>
</li><li>
    <a href="../gift-card-da-100.html">Gift Card Da 100</a>
</li><li>
    <a href="../gift-card-da-50.html">Gift Card Da 50</a>
</li><li>
    <a href="../gift-card-da-25.html">Gift Card Da 25</a>
</li>                        <li>
                            <a class="estDynamic" href="../gift.html">All products in the gifts category</a>
                        </li>
                    </ul>
                </li>
                <li>
                    <img src="../../cdn.spesati.com/images/menu/gift-card.png"/>
                    Gift card and discounts                    <i class="fa fa-angle-down" aria-hidden="true"></i>
                    <ul class="sub-menu">
                        <li>
    <a href="../gift-card-da-150.html">Gift Card Da 150</a>
</li><li>
    <a href="../gift-card-da-100.html">Gift Card Da 100</a>
</li><li>
    <a href="../gift-card-da-50.html">Gift Card Da 50</a>
</li><li>
    <a href="../gift-card-da-25.html">Gift Card Da 25</a>
</li>                    </ul>
                </li>
                <li>
                    <img src="../../cdn.spesati.com/images/menu/fuit-and-vegetables.png"/>
                    Fruit and vegetables                    <i class="fa fa-angle-down" aria-hidden="true"></i>
                    <ul class="sub-menu">
                        <li>
                            <a class="estDynamic" href="../fruit-and-vegetables/pulses-and-beans.html">Cereals and pulses and beans</a>
                        </li>
                        <li>
                            <a class="estDynamic" href="../fruit-and-vegetables/fruit.html">Fruit</a>
                        </li>
                        <li>
                            <a class="estDynamic" href="../fruit-and-vegetables/canned-fruit.html">Canned fruit</a>
                        </li>
                        <li>
                            <a class="estDynamic" href="../fruit-and-vegetables/dried-fruit.html">Dried fruit</a>
                        </li>
                        <li>
                            <a class="estDynamic" href="../fruit-and-vegetables/ready-salads.html">Ready salads</a>
                        </li>
                        <li>
                            <a class="estDynamic" href="../fruit-and-vegetables/fresh-spices.html">Fresh spices</a>
                        </li>
                        <li>
                            <a class="estDynamic" href="../fruit-and-vegetables/vegetables.html">Vegetables and soy</a>
                        </li>
                    </ul>
                </li>
                <li>
                    <img src="../../cdn.spesati.com/images/menu/fresh-products.png"/>
                    Fresh products                    <i class="fa fa-angle-down" aria-hidden="true"></i>
                    <ul class="sub-menu">
                        <li>
                            <a class="estDynamic" href="margarine-and-butter.html">Butter and margarine</a>
                        </li>
                        <li>
                            <a class="estDynamic" href="danone.html">Danone</a>
                        </li>
                        <li>
                            <a class="estDynamic" href="dessert.html">Dessert</a>
                        </li>
                        <li>
                            <a class="estDynamic" href="sweets.html">Sweets</a>
                        </li>
                        <li>
                            <a class="estDynamic" href="dairy-products.html">Dairy product</a>
                        </li>
                        <li>
                            <a class="estDynamic" href="bakery.html">Yeast</a>
                        </li>
                        <li>
                            <a class="estDynamic" href="mascarpone.html">Mascarpone</a>
                        </li>
                        <li>
                            <a class="estDynamic" href="snacks.html">Snacks</a>
                        </li>
                        <li>
                            <a class="estDynamic" href="mozzarella.html">Mozzarella</a>
                        </li>
                        <li>
                            <a class="estDynamic" href="pasta.html">Pasta</a>
                        </li>
                        <li>
                            <a class="estDynamic" href="pesto-and-sauces.html">Pesto and sauces</a>
                        </li>
                        <li>
                            <a class="estDynamic" href="ricotta-and-cheese.html">Ricotta and cheese</a>
                        </li>
                        <li>
                            <a class="estDynamic" href="cured-meat.html">Cured meat</a>
                        </li>
                        <li>
                            <a class="estDynamic" href="wurstel.html">Würstel</a>
                        </li>
                        <li>
                            <a class="estDynamic" href="yogurt.html">Yogurt</a>
                        </li>
                    </ul>
                </li>
                <li>
                    <img src="../../cdn.spesati.com/images/menu/frozen-foods.png"/>
                    Frozen foods                    <i class="fa fa-angle-down" aria-hidden="true"></i>
                    <ul class="sub-menu">
                        <li>
                            <a class="estDynamic" href="../frozen-foods/meat.html">Meat</a>
                        </li>
                        <li>
                            <a class="estDynamic" href="../frozen-foods/ice-creams.html">Ice cream and sweet</a>
                        </li>
                        <li>
                            <a class="estDynamic" href="../frozen-foods/pasta.html">Pasta</a>
                        </li>
                        <li>
                            <a class="estDynamic" href="../frozen-foods/fish.html">Fish</a>
                        </li>
                        <li>
                            <a class="estDynamic" href="../frozen-foods/ready-meals.html">Ready meals</a>
                        </li>
                        <li>
                            <a class="estDynamic" href="../frozen-foods/pizzas.html">Pizzas</a>
                        </li>
                        <li>
                            <a class="estDynamic" href="../frozen-foods/vegetables.html">Vegetables and soy</a>
                        </li>
                    </ul>
                </li>
                <li>
                    <img src="../../cdn.spesati.com/images/menu/bread-and-pasta.png"/>
                    Bread and pasta                    <i class="fa fa-angle-down" aria-hidden="true"></i>
                    <ul class="sub-menu">
                        <li>
                            <a class="estDynamic" href="../bread-and-pasta/crackers.html">Crackers</a>
                        </li>
                        <li>
                            <a class="estDynamic" href="../bread-and-pasta/rusks.html">Rusks</a>
                        </li>
                        <li>
                            <a class="estDynamic" href="../bread-and-pasta/white-bread.html">White bread</a>
                        </li>
                        <li>
                            <a class="estDynamic" href="../bread-and-pasta/local-bread.html">Local bread</a>
                        </li>
                        <li>
                            <a class="estDynamic" href="../bread-and-pasta/soft-bread.html">Soft bread</a>
                        </li>
                        <li>
                            <a class="estDynamic" href="../bread-and-pasta/sardinian-bread.html">Sardinian bread</a>
                        </li>
                        <li>
                            <a class="estDynamic" href="../bread-and-pasta/bakery.html">Bakery</a>
                        </li>
                        <li>
                            <a class="estDynamic" href="../bread-and-pasta/pasta.html">Pasta</a>
                        </li>
                        <li>
                            <a class="estDynamic" href="../bread-and-pasta/fresh-pasta.html">Fresh pasta</a>
                        </li>
                    </ul>
                </li>
                <li>
                    <img src="../../cdn.spesati.com/images/menu/meat.png"/>
                    Meat                    <i class="fa fa-angle-down" aria-hidden="true"></i>
                    <ul class="sub-menu">
                        <li>
                            <a class="estDynamic" href="../meat/beef.html">Beef</a>
                        </li>
                        <li>
                            <a class="estDynamic" href="../meat/goat.html">Goat</a>
                        </li>
                        <li>
                            <a class="estDynamic" href="../meat/packaged-meat.html">Packaged meat</a>
                        </li>
                        <li>
                            <a class="estDynamic" href="../meat/rabbit.html">Rabbit</a>
                        </li>
                        <li>
                            <a class="estDynamic" href="../meat/horse.html">Horse</a>
                        </li>
                        <li>
                            <a class="estDynamic" href="../meat/pork.html">Pork</a>
                        </li>
                        <li>
                            <a class="estDynamic" href="../meat/lamb.html">Lamb</a>
                        </li>
                        <li>
                            <a class="estDynamic" href="../meat/poultry.html">Poultry</a>
                        </li>
                    </ul>
                </li>
                <li>
                    <img src="../../cdn.spesati.com/images/menu/fish.png"/>
                    Fish                    <i class="fa fa-angle-down" aria-hidden="true"></i>
                    <ul class="sub-menu">
                        <li>
                            <a class="estDynamic" href="../fish/fresh-water.html">Fresh water</a>
                        </li>
                        <li>
                            <a class="estDynamic" href="../fish/salt-water.html">Salt water</a>
                        </li>
                        <li>
                            <a class="estDynamic" href="../fish/mussels.html">Mussels</a>
                        </li>
                        <li>
                            <a class="estDynamic" href="../fish/dried-and-salted.html">Dried and salted</a>
                        </li>
                        <li>
                            <a class="estDynamic" href="../fish/seafood-salad.html">Seafood salad</a>
                        </li>
                        <li>
                            <a class="estDynamic" href="../fish/prepared.html">Prepared</a>
                        </li>
                        <li>
                            <a class="estDynamic" href="../fish/specialty.html">Specialty</a>
                        </li>   
                        <li>
                            <a class="estDynamic" href="../fish/tuna-and-salmon.html">Tuna and salmon</a>
                        </li>
                    </ul>
                </li>
                <li>
                    <img src="../../cdn.spesati.com/images/menu/alcohol.png"/>
                    Wine beer and spirits                    <i class="fa fa-angle-down" aria-hidden="true"></i>
                    <ul class="sub-menu">
                        <li>
                            <a class="estDynamic" href="../wine-beer-and-spirits/spirits-and-liquors.html">Alcohol</a>
                        </li>
                        <li>
                            <a class="estDynamic" href="../wine-beer-and-spirits/bitters.html">Bitters</a>
                        </li>
                        <li>
                            <a class="estDynamic" href="../wine-beer-and-spirits/aperatif.html">Aperatifs</a>
                        </li>
                        <li>
                            <a class="estDynamic" href="../wine-beer-and-spirits/beer.html">Beer</a>
                        </li>
                        <li>
                            <a class="estDynamic" href="../wine-beer-and-spirits/creams.html">Creams</a>
                        </li>
                        <li>
                            <a class="estDynamic" href="../wine-beer-and-spirits/spirits.html">Spirits</a>
                        </li>
                        <li>
                            <a class="estDynamic" href="../wine-beer-and-spirits/liquors.html">Liquors</a>
                        </li>
                        <li>
                            <a class="estDynamic" href="../wine-beer-and-spirits/white-wine.html">White wine</a>
                        </li>
                        <li>
                            <a class="estDynamic" href="../wine-beer-and-spirits/prosecco-wine.html">Prosecco wine</a>
                        </li>
                        <li>
                            <a class="estDynamic" href="../wine-beer-and-spirits/rose-wine.html">Rose wine</a>
                        </li>
                        <li>
                            <a class="estDynamic" href="../wine-beer-and-spirits/red-wine.html">Red wine</a>
                        </li>
                        <li>
                            <a class="estDynamic" href="../wine-beer-and-spirits/specialty-wine.html">Special wine</a>
                        </li>
                        <li>
                            <a class="estDynamic" href="../wine-beer-and-spirits/sparkling-wine.html">Sparkling wine</a>
                        </li>
                        <li>
                            <a class="estDynamic" href="../wine-beer-and-spirits/vermentino-wine.html">Vermentino wine</a>
                        </li>
                    </ul>
                </li>
                <li>
                    <img src="../../cdn.spesati.com/images/menu/water-and-drinks.png"/>
                    Water and drinks                    <i class="fa fa-angle-down" aria-hidden="true"></i>
                    <ul class="sub-menu">
                        <li>
                            <a class="estDynamic" href="../water-and-drinks/san-martino.html">San Martino</a>
                        </li>
                        <li>
                            <a class="estDynamic" href="../water-and-drinks/water.html">Water</a>
                        </li>
                        <li>
                            <a class="estDynamic" href="../water-and-drinks/alpro.html">Alpro</a>
                        </li>
                        <li>
                            <a class="estDynamic" href="../water-and-drinks/fizzy-drinks.html">Fizzy drinks</a>
                        </li>
                        <li>
                            <a class="estDynamic" href="../water-and-drinks/coca-cola.html">Coca-Cola</a>
                        </li>
                        <li>
                            <a class="estDynamic" href="../water-and-drinks/energy-drink.html">Energy drink</a>
                        </li>
                        <li>
                            <a class="estDynamic" href="../water-and-drinks/syrups.html">Syrups</a>
                        </li>
                        <li>
                            <a class="estDynamic" href="../water-and-drinks/supplements.html">Supplements</a>
                        </li>
                        <li>
                            <a class="estDynamic" href="../water-and-drinks/instant-drinks.html">Instant drinks</a>
                        </li>
                        <li>
                            <a class="estDynamic" href="../water-and-drinks/juice.html">Juice</a>
                        </li>
                        <li>
                            <a class="estDynamic" href="../water-and-drinks/tea.html">Tea</a>
                        </li>
                    </ul>
                </li>
                <li>
                    <img src="../../cdn.spesati.com/images/menu/sweets.png"/>
                    Sweets                    <i class="fa fa-angle-down" aria-hidden="true"></i>
                    <ul class="sub-menu">
                        <li>
                            <a class="estDynamic" href="../sweets/bars-and-snacks.html">Bars and snacks</a>
                        </li>
                        <li>
                            <a class="estDynamic" href="../sweets/biscuits.html">Biscuits</a>
                        </li>
                        <li>
                            <a class="estDynamic" href="../sweets/brioches.html">Brioches</a>
                        </li>
                        <li>
                            <a class="estDynamic" href="../sweets/candy-and-chewing-gum.html">Candy and chewing gum</a>
                        </li>
                        <li>
                            <a class="estDynamic" href="../sweets/cereals.html">Cereals</a>
                        </li>
                        <li>
                            <a class="estDynamic" href="../sweets/chocolate.html">Chocolate</a>
                        </li>
                        <li>
                            <a class="estDynamic" href="../sweets/spreadable-creams.html">Spreads</a>
                        </li>
                        <li>
                            <a class="estDynamic" href="../sweets/dessert-toppings.html">Dessert toppings</a>
                        </li>
                        <li>
                            <a class="estDynamic" href="../sweets/jam.html">Jam</a>
                        </li>
                        <li>
                            <a class="estDynamic" href="../sweets/honey.html">Honey</a>
                        </li>
                        <li>
                            <a class="estDynamic" href="../sweets/panettoni-and-pandoro.html">Panettone and pandoro</a>
                        </li>
                        <li>
                            <a class="estDynamic" href="../sweets/pastry.html">Pastry</a>
                        </li>
                        <li>
                            <a class="estDynamic" href="../sweets/instant-dessert.html">Prepared</a>
                        </li>
                        <li>
                            <a class="estDynamic" href="../sweets/cakes-and-pies.html">Cakes and pies</a>
                        </li>
                        <li>
                            <a class="estDynamic" href="../sweets/easter-eggs-and-doves.html">Easter eggs and doves</a>
                        </li>
                    </ul>
                </li>
                <li>
                    <img src="../../cdn.spesati.com/images/menu/shelf.png"/>
                    Cupboard                    <i class="fa fa-angle-down" aria-hidden="true"></i>
                    <ul class="sub-menu">
                        <li>
                            <a class="estDynamic" href="../shelf/coffee.html">Coffee</a>
                        </li>
                        <li>
                            <a class="estDynamic" href="../shelf/gift-baskets.html">Gift baskets</a>
                        </li>
                        <li>
                            <a class="estDynamic" href="../shelf/stock-cubes.html">Nuts and preparations</a>
                        </li>
                        <li>
                            <a class="estDynamic" href="../shelf/flour-and-baking.html">Flour and baking</a>
                        </li>
                        <li>
                            <a class="estDynamic" href="../shelf/milk.html">Milk</a>
                        </li>
                        <li>
                            <a class="estDynamic" href="../shelf/oil-salt-vinegar.html">Oil, vinegar and salt</a>
                        </li>
                        <li>
                            <a class="estDynamic" href="../shelf/cream-and-bechamel.html">Cream and bechamel</a>
                        </li>
                        <li>
                            <a class="estDynamic" href="../shelf/crisps-and-pretzels.html">Crisps and pretzels</a>
                        </li>
                        <li>
                            <a class="estDynamic" href="../shelf/baby-and-infants-products.html">Early childhood products</a>
                        </li>
                        <li>
                            <a class="estDynamic" href="../shelf/rice.html">Rice</a>
                        </li>
                        <li>
                            <a class="estDynamic" href="../shelf/tins-and-preserves.html">Tins and Preserves</a>
                        </li>
                        <li>
                            <a class="estDynamic" href="../shelf/spices.html">Spices</a>
                        </li>
                        <li>
                            <a class="estDynamic" href="../shelf/sauces.html">Sauces</a>
                        </li>
                        <li>
                            <a class="estDynamic" href="../shelf/tea-and-infusions.html">Tea and infusions</a>
                        </li>
                        <li>
                            <a class="estDynamic" href="../shelf/eggs.html">Eggs</a>
                        </li>
                        <li>
                            <a class="estDynamic" href="../shelf/sugar-and-sweeteners.html">Sugar and sweeteners</a>
                        </li>
                    </ul>
                </li>
                <li>
                    <img src="../../cdn.spesati.com/images/menu/personal-care.png"/>
                    Personal care                    <i class="fa fa-angle-down" aria-hidden="true"></i>
                    <ul class="sub-menu">
                        <li>
                            <a class="estDynamic" href="../personal-care/accessories-and-cotton.html">Accessories and cotton</a>
                        </li>
                        <li>
                            <a class="estDynamic" href="../personal-care/feminine-care-incontinence-and-baby-diapers.html">Feminine incontinence and diapers</a>
                        </li>
                        <li>
                            <a class="estDynamic" href="../personal-care/shower-gel.html">Shower gel</a>
                        </li>
                        <li>
                            <a class="estDynamic" href="../personal-care/creams.html">Creams</a>
                        </li>
                        <li>
                            <a class="estDynamic" href="../personal-care/deodorant.html">Deodorant</a>
                        </li>
                        <li>
                            <a class="estDynamic" href="../personal-care/hair-removal.html">Hair removal</a>
                        </li>
                        <li>
                            <a class="estDynamic" href="../personal-care/disinfectants.html">Disinfectants</a>
                        </li>
                        <li>
                            <a class="estDynamic" href="../personal-care/oral-hygiene.html">Oral hygiene</a>
                        </li>
                        <li>
                            <a class="estDynamic" href="../personal-care/supplements-and-multivitamins.html">Supplements and multivitamins</a>
                        </li>
                        <li>
                            <a class="estDynamic" href="../personal-care/first-aid.html">First aid label</a>
                        </li>
                        <li>
                            <a class="estDynamic" href="../personal-care/beard-products.html">Beard products</a>
                        </li>
                        <li>
                            <a class="estDynamic" href="../personal-care/hairs-products.html">Hair products</a>
                        </li>
                        <li>
                            <a class="estDynamic" href="../personal-care/perfume.html">Perfumes</a>
                        </li>
                        <li>
                            <a class="estDynamic" href="../personal-care/wipes.html">Wipes</a>
                        </li>
                        <li>
                            <a class="estDynamic" href="../personal-care/soaps-and-body-wash.html">Soaps and body wash</a>
                        </li>
                        <li>
                            <a class="estDynamic" href="../personal-care/shampoo-and-conditioner.html">Shampoo and conditioner</a>
                        </li>
                    </ul>
                </li>
                <li>
                    <img src="../../cdn.spesati.com/images/menu/pellet-and-home.png"/>
                    Home and outdoors                    <i class="fa fa-angle-down" aria-hidden="true"></i>
                    <ul class="sub-menu">
                        <li>
                            <a class="estDynamic" href="../household-and-outdoors/distilled-water.html">Distilled water</a>
                        </li>
                        <li>
                            <a class="estDynamic" href="../household-and-outdoors/car-products.html">Cars</a>
                        </li>
                        <li>
                            <a class="estDynamic" href="../household-and-outdoors/bin-bags-and-buckets.html">Bin bags and buckets</a>
                        </li>
                        <li>
                            <a class="estDynamic" href="../household-and-outdoors/bleach-and-stain-removers.html">Bleach and stain removers</a>
                        </li>
                        <li>
                            <a class="estDynamic" href="../household-and-outdoors/candles.html">Candles</a>
                        </li>
                        <li>
                            <a class="estDynamic" href="../household-and-outdoors/kitchen-roll.html">Kitchen roll</a>
                        </li>
                        <li>
                            <a class="estDynamic" href="../household-and-outdoors/air-fresheners.html">Air fresheners</a>
                        </li>
                        <li>
                            <a class="estDynamic" href="../household-and-outdoors/laundry-accessories-and-detergent.html">Laundry detergent</a>
                        </li>
                        <li>
                            <a class="estDynamic" href="../household-and-outdoors/dishwasher-and-washing-up.html">Dishwasher and washing up</a>
                        </li>
                        <li>
                            <a class="estDynamic" href="../household-and-outdoors/gardening.html">Gardening</a>
                        </li>
                        <li>
                            <a class="estDynamic" href="../household-and-outdoors/light-bulbs-and-batteries.html">Lightbulbs and batteries</a>
                        </li>
                        <li>
                            <a class="estDynamic" href="../household-and-outdoors/pellet-and-bbq.html">Pellet and BBQ</a>
                        </li>
                        <li>
                            <a class="estDynamic" href="../household-and-outdoors/bathroom-products.html">Bathroom products</a>
                        </li>
                        <li>
                            <a class="estDynamic" href="../household-and-outdoors/home-and-furniture-products.html">Home and furniture products</a>
                        </li>
                        <li>
                            <a class="estDynamic" href="../household-and-outdoors/kitchen-products.html">Kitchen products</a>
                        </li>
                        <li>
                            <a class="estDynamic" href="../household-and-outdoors/window-and-floor-cleaners.html">Window and floor cleaner</a>
                        </li>
                        <li>
                            <a class="estDynamic" href="../household-and-outdoors/repellents.html">Repellents</a>
                        </li>
                        <li>
                            <a class="estDynamic" href="../household-and-outdoors/disposable-tableware.html">Disposable tableware</a>
                        </li>
                    </ul>
                </li>
                <li>
                    <img src="../../cdn.spesati.com/images/menu/animals.png"/>
                    Pets                    <i class="fa fa-angle-down" aria-hidden="true"></i>
                    <ul class="sub-menu">
                        <li>
                            <a class="estDynamic" href="../pets/pet-food-other-animals.html">Other animals pet food</a>
                        </li>
                        <li>
                            <a class="estDynamic" href="../pets/pet-food-dogs.html">Pet food dogs</a>
                        </li>
                        <li>
                            <a class="estDynamic" href="../pets/pet-food-cats.html">Pet food cats</a>
                        </li>
                        <li>
                            <a class="estDynamic" href="../pets/hygiene-and-cleaning.html">Hygiene and cleaning</a>
                        </li>
                    </ul>
                </li>
                <li>
                    <img src="../../cdn.spesati.com/images/menu/technology.png"/>
                    Technology                    <i class="fa fa-angle-down" aria-hidden="true"></i>
                    <ul class="sub-menu">
                        <li>
                            <a class="estDynamic" href="../technology/accessories.html">Accessories</a>
                        </li>
                        <li>
                            <a class="estDynamic" href="../technology/computer.html">Computer</a>
                        </li>
                        <li>
                            <a class="estDynamic" href="../technology/telephones.html">Telephones</a>
                        </li>
                        <li>
                            <a class="estDynamic" href="../technology/tv.html">TV</a>
                        </li>
                    </ul>
                </li>
                <li>
                    <img src="../../cdn.spesati.com/images/menu/gluten-free.png"/>
                    Gluten free                    <i class="fa fa-angle-down" aria-hidden="true"></i>
                    <ul class="sub-menu">
                        <li>
                            <a class="estDynamic" href="../gluten-free/frozen-foods.html">Frozen foods</a>
                        </li>
                        <li>
                            <a class="estDynamic" href="../gluten-free/beer.html">Beer</a>
                        </li>
                        <li>
                            <a class="estDynamic" href="../gluten-free/sweets.html">Sweets</a>
                        </li>
                        <li>
                            <a class="estDynamic" href="../gluten-free/bread-and-pasta.html">Bread and pasta</a>
                        </li>
                        <li>
                            <a class="estDynamic" href="../gluten-free/shelf.html">Cupboard</a>
                        </li>
                    </ul>
                </li>
                <li>
                    <img src="../../cdn.spesati.com/images/menu/lactose-free.png"/>
                    Lactose free                    <i class="fa fa-angle-down" aria-hidden="true"></i>
                    <ul class="sub-menu">
                        <li>
                            <a class="estDynamic" href="../lactose-free/frozen-foods.html">Frozen foods</a>
                        </li>
                        <li>
                            <a class="estDynamic" href="../lactose-free/sweets.html">Sweets</a>
                        </li>
                        <li>
                            <a class="estDynamic" href="../lactose-free/dairy-product.html">Dairy product</a>
                        </li>
                        <li>
                            <a class="estDynamic" href="../lactose-free/shelf.html">Cupboard</a>
                        </li>
                    </ul>
                </li>
                <li>
                    <img src="../../cdn.spesati.com/images/menu/special.png"/>
                    Special                    <i class="fa fa-angle-down" aria-hidden="true"></i>
                    <ul class="sub-menu">
                        <li>
                            <a class="estDynamic" href="../special/alpro.html">Alpro</a>
                        </li>
                        <li>
                            <a class="estDynamic" href="../special/organic.html">Biological</a>
                        </li>
                        <li>
                            <a class="estDynamic" href="../special/meat.html">Meat</a>
                        </li>
                        <li>
                            <a class="estDynamic" href="../special/wholegrain.html">Wholegrain</a>
                        </li>
                        <li>
                            <a class="estDynamic" href="../special/bread-and-pasta.html">Bread and pasta</a>
                        </li>
                        <li>
                            <a class="estDynamic" href="../special/vegan.html">Vegan</a>
                        </li>
                    </ul>
                </li>
                <li>
                    <img src="../../cdn.spesati.com/images/menu/sardinian-products.png"/>
                    Sardinian products                    <i class="fa fa-angle-down" aria-hidden="true"></i>
                    <ul class="sub-menu">
                        <li>
                            <a class="estDynamic" href="../sardinian-products/drinks.html">Drinks</a>
                        </li>
                        <li>
                            <a class="estDynamic" href="../sardinian-products/meat.html">Meat</a>
                        </li>
                        <li>
                            <a class="estDynamic" href="../sardinian-products/sweets.html">Sweets</a>
                        </li>
                        <li>
                            <a class="estDynamic" href="../sardinian-products/fruit-and-vegetables.html">Fruit and vegetables</a>
                        </li>
                        <li>
                            <a class="estDynamic" href="../sardinian-products/ichnusa.html">Ichnusa</a>
                        </li>
                        <li>
                            <a class="estDynamic" href="../sardinian-products/dairy-product.html">Dairy product</a>
                        </li>
                        <li>
                            <a class="estDynamic" href="../sardinian-products/bread-and-pasta.html">Bread and pasta</a>
                        </li>
                        <li>
                            <a class="estDynamic" href="../sardinian-products/fish.html">Fish</a>
                        </li>
                        <li>
                            <a class="estDynamic" href="../sardinian-products/cured-meat.html">Cured meat</a>
                        </li>
                        <li>
                            <a class="estDynamic" href="../sardinian-products/shelf.html">Cupboard</a>
                        </li>
                        <li>
                            <a class="estDynamic" href="../sardinian-products/vermentino-wine.html">Vermentino wine</a>
                        </li>
                        <li>
                            <a class="estDynamic" href="../sardinian-products/wine-beer-and-spirits.html">Wine beer and spirits</a>
                        </li>
                    </ul>
                </li>
            </ul>
        </li>
        <li>
            <a href="../about.html">About</a>
        </li>
        <li>
            <a href="../faq.html">Faq</a>
        </li>
        <li>
            <a href="../customer-care.html">Support</a>
        </li>
        <li>
            <a href="../news.html">Blog</a>
        </li>
        <li>
            <a href="../terms-and-conditions.html">Conditions</a>
        </li>
        <li>
            <a href="../privacy-policy.html">Privacy policy</a>
        </li>
        <li>
            <a href="../login.html">Login</a>
        </li>
        <li>
             <a href="../sign-up.html">Sign up</a>
        </li>
    </ul>
</div><section class="first">
    <div id="menuCategories" class="colLeft">
    <ul id="main_nav" >
        <li>
            <a class="estDynamic" href="../on-offer.html">
               <img src="../../cdn.spesati.com/images/menu/on-sale.png"/>
               On sale            </a>
            <i class="fa fa-angle-right" aria-hidden="true"></i>
            <ul class="sub-menu">
                <li>
    <a href="../tacchino-fesa-a-fette.html" class="estDynamic">Tacchino Fesa A Fette</a>
</li><li>
    <a href="../amaro-montenegro-15lt.html" class="estDynamic">Amaro Montenegro 1,5lt</a>
</li><li>
    <a href="../carbone-di-legna-sacco-10kg.html" class="estDynamic">Carbone Di Legna Sacco 10Kg</a>
</li><li>
    <a href="../filu-e-ferru-silvio-carta-70cl.html" class="estDynamic">Filu E Ferru Silvio Carta 70Cl</a>
</li><li>
    <a href="../braciole-suino-con-cotenna.html" class="estDynamic">Braciole Suino Con Cotenna</a>
</li><li>
    <a href="../bovino-adulto-polpa.html" class="estDynamic">Bovino Adulto Polpa</a>
</li><li>
    <a href="../vino-la-palma-cannonau-le-bombarde.html" class="estDynamic">Vino La Palma Cannonau Le Bombarde</a>
</li><li>
    <a href="../fettine-sceltissime-bovino-adulto.html" class="estDynamic">Fettine Sceltissime Bovino Adulto</a>
</li><li>
    <a href="../suino-fettine-scelte.html" class="estDynamic">Suino Fettine Scelte</a>
</li><li>
    <a href="../lavazza-caffe-qualita-rossa-2x250gr.html" class="estDynamic">Lavazza Caffé Qualità Rossa 2x250gr</a>
</li>                <li>
                    <a class="estDynamic" href="../on-offer.html">All products on sale</a>
                </li>
            </ul>
        </li>
        <li>
            <a class="estDynamic" href="../gift.html">
               <img src="../../cdn.spesati.com/images/menu/gift.png"/>
               Gifts            </a>
            <i class="fa fa-angle-right" aria-hidden="true"></i>
            <ul class="sub-menu">
                <li>
    <a href="../gift-card-da-150.html" class="estDynamic">Gift Card Da 150</a>
</li><li>
    <a href="../gift-card-da-100.html" class="estDynamic">Gift Card Da 100</a>
</li><li>
    <a href="../gift-card-da-50.html" class="estDynamic">Gift Card Da 50</a>
</li><li>
    <a href="../gift-card-da-25.html" class="estDynamic">Gift Card Da 25</a>
</li>                <li>
                    <a class="estDynamic" href="../gift.html">All products in the gifts category</a>
                </li>
            </ul>
        </li>
        <li>
            <a class="estDynamic" href="../gift-card.html">
               <img src="../../cdn.spesati.com/images/menu/gift-card.png"/>
               Gift card and discounts            </a>
            <i class="fa fa-angle-right" aria-hidden="true"></i>
            <ul class="sub-menu">
                <li>
    <a href="../gift-card-da-150.html">Gift Card Da 150</a>
</li><li>
    <a href="../gift-card-da-100.html">Gift Card Da 100</a>
</li><li>
    <a href="../gift-card-da-50.html">Gift Card Da 50</a>
</li><li>
    <a href="../gift-card-da-25.html">Gift Card Da 25</a>
</li>            </ul>
        </li>
        <li>
            <a class="estDynamic" href="../fruit-and-vegetables.html">
               <img src="../../cdn.spesati.com/images/menu/fuit-and-vegetables.png"/>
               Fruit and vegetables           </a>
            <i class="fa fa-angle-right" aria-hidden="true"></i>
            <ul class="sub-menu">
                <li>
                    <a class="estDynamic" href="../fruit-and-vegetables/pulses-and-beans.html">Cereals and pulses and beans</a>
                </li>
                <li>
                    <a class="estDynamic" href="../fruit-and-vegetables/fruit.html">Fruit</a>
                </li>
                <li>
                    <a class="estDynamic" href="../fruit-and-vegetables/canned-fruit.html">Canned fruit</a>
                </li>
                <li>
                    <a class="estDynamic" href="../fruit-and-vegetables/dried-fruit.html">Dried fruit</a>
                </li>
                <li>
                    <a class="estDynamic" href="../fruit-and-vegetables/ready-salads.html">Ready salads</a>
                </li>
                <li>
                    <a class="estDynamic" href="../fruit-and-vegetables/fresh-spices.html">Fresh spices</a>
                </li>
                <li>
                    <a class="estDynamic" href="../fruit-and-vegetables/vegetables.html">Vegetables and soy</a>
                </li>
            </ul>
        </li>
        <li>
            <a class="estDynamic" href="../fresh-products.html">
                <img src="../../cdn.spesati.com/images/menu/fresh-products.png"/>
                Fresh products            </a>
            <i class="fa fa-angle-right" aria-hidden="true"></i>
            <ul class="sub-menu">
                <li>
                    <a class="estDynamic" href="margarine-and-butter.html">Butter and margarine</a>
                </li>
                <li>
                    <a class="estDynamic" href="danone.html">Danone</a>
                </li>
                <li>
                    <a class="estDynamic" href="dessert.html">Dessert</a>
                </li>
                <li>
                    <a class="estDynamic" href="sweets.html">Sweets</a>
                </li>
                <li>
                    <a class="estDynamic" href="dairy-products.html">Dairy product</a>
                </li>
                <li>
                    <a class="estDynamic" href="bakery.html">Yeast</a>
                </li>
                <li>
                    <a class="estDynamic" href="mascarpone.html">Mascarpone</a>
                </li>
                <li>
                    <a class="estDynamic" href="snacks.html">Snacks</a>
                </li>
                <li>
                    <a class="estDynamic" href="mozzarella.html">Mozzarella</a>
                </li>
                <li>
                    <a class="estDynamic" href="pasta.html">Pasta</a>
                </li>
                <li>
                    <a class="estDynamic" href="pesto-and-sauces.html">Pesto and sauces</a>
                </li>
                <li>
                    <a class="estDynamic" href="ricotta-and-cheese.html">Ricotta and cheese</a>
                </li>
                <li>
                    <a class="estDynamic" href="cured-meat.html">Cured meat</a>
                </li>
                <li>
                    <a class="estDynamic" href="wurstel.html">Würstel</a>
                </li>
                <li>
                    <a class="estDynamic" href="yogurt.html">Yogurt</a>
                </li>
            </ul>
        </li>
        <li>
            <a class="estDynamic" href="../frozen-foods.html">
                <img src="../../cdn.spesati.com/images/menu/frozen-foods.png"/>
                Frozen foods            </a>
            <i class="fa fa-angle-right" aria-hidden="true"></i>
            <ul class="sub-menu">
                <li>
                    <a class="estDynamic" href="../frozen-foods/meat.html">Meat</a>
                </li>
                <li>
                    <a class="estDynamic" href="../frozen-foods/ice-creams.html">Ice cream and sweet</a>
                </li>
                <li>
                    <a class="estDynamic" href="../frozen-foods/pasta.html">Pasta</a>
                </li>
                <li>
                    <a class="estDynamic" href="../frozen-foods/fish.html">Fish</a>
                </li>
                <li>
                    <a class="estDynamic" href="../frozen-foods/ready-meals.html">Ready meals</a>
                </li>
                <li>
                    <a class="estDynamic" href="../frozen-foods/pizzas.html">Pizzas</a>
                </li>
                <li>
                    <a class="estDynamic" href="../frozen-foods/vegetables.html">Vegetables and soy</a>
                </li>
            </ul>
        </li>
        <li>
            <a class="estDynamic" href="../bread-and-pasta.html">
                <img src="../../cdn.spesati.com/images/menu/bread-and-pasta.png"/>
                Bread and pasta            </a>
            <i class="fa fa-angle-right" aria-hidden="true"></i>
            <ul class="sub-menu">
                <li>
                    <a class="estDynamic" href="../bread-and-pasta/crackers.html">Crackers</a>
                </li>
                <li>
                    <a class="estDynamic" href="../bread-and-pasta/rusks.html">Rusks</a>
                </li>
                <li>
                    <a class="estDynamic" href="../bread-and-pasta/white-bread.html">White bread</a>
                </li>
                <li>
                    <a class="estDynamic" href="../bread-and-pasta/local-bread.html">Local bread</a>
                </li>
                <li>
                    <a class="estDynamic" href="../bread-and-pasta/soft-bread.html">Soft bread</a>
                </li>
                <li>
                    <a class="estDynamic" href="../bread-and-pasta/sardinian-bread.html">Sardinian bread</a>
                </li>
                <li>
                    <a class="estDynamic" href="../bread-and-pasta/bakery.html">Bakery</a>
                </li>
                <li>
                    <a class="estDynamic" href="../bread-and-pasta/pasta.html">Pasta</a>
                </li>
                <li>
                    <a class="estDynamic" href="../bread-and-pasta/fresh-pasta.html">Fresh pasta</a>
                </li>
            </ul>
        </li>
        <li>
            <a class="estDynamic" href="../meat.html">
                <img src="../../cdn.spesati.com/images/menu/meat.png"/>
                Meat            </a>
            <i class="fa fa-angle-right" aria-hidden="true"></i>
            <ul class="sub-menu">
                <li>
                    <a class="estDynamic" href="../meat/beef.html">Beef</a>
                </li>
                <li>
                    <a class="estDynamic" href="../meat/goat.html">Goat</a>
                </li>
                <li>
                    <a class="estDynamic" href="../meat/packaged-meat.html">Packaged meat</a>
                </li>
                <li>
                    <a class="estDynamic" href="../meat/rabbit.html">Rabbit</a>
                </li>
                <li>
                    <a class="estDynamic" href="../meat/horse.html">Horse</a>
                </li>
                <li>
                    <a class="estDynamic" href="../meat/pork.html">Pork</a>
                </li>
                <li>
                    <a class="estDynamic" href="../meat/lamb.html">Lamb</a>
                </li>
                <li>
                    <a class="estDynamic" href="../meat/poultry.html">Poultry</a>
                </li>
            </ul>
        </li>
        <li>
            <a class="estDynamic" href="../fish.html">
                <img src="../../cdn.spesati.com/images/menu/fish.png"/>
                Fish            </a>
            <i class="fa fa-angle-right" aria-hidden="true"></i>
            <ul class="sub-menu">
                <li>
                    <a class="estDynamic" href="../fish/fresh-water.html">Fresh water</a>
                </li>
                <li>
                    <a class="estDynamic" href="../fish/salt-water.html">Salt water</a>
                </li>
                <li>
                    <a class="estDynamic" href="../fish/mussels.html">Mussels</a>
                </li>
                <li>
                    <a class="estDynamic" href="../fish/dried-and-salted.html">Dried and salted</a>
                </li>
                <li>
                    <a class="estDynamic" href="../fish/seafood-salad.html">Seafood salad</a>
                </li>
                <li>
                    <a class="estDynamic" href="../fish/prepared.html">Prepared</a>
                </li>
                <li>
                    <a class="estDynamic" href="../fish/specialty.html">Specialty</a>
                </li>   
                <li>
                    <a class="estDynamic" href="../fish/tuna-and-salmon.html">Tuna and salmon</a>
                </li>
            </ul>
        </li>
        <li>
            <a class="estDynamic" href="../wine-beer-and-spirits.html">
                <img src="../../cdn.spesati.com/images/menu/alcohol.png"/>
                Wine beer and spirits            </a>
            <i class="fa fa-angle-right" aria-hidden="true"></i>
            <ul class="sub-menu">
                <li>
                    <a class="estDynamic" href="../wine-beer-and-spirits/spirits-and-liquors.html">Alcohol</a>
                </li>
                <li>
                    <a class="estDynamic" href="../wine-beer-and-spirits/bitters.html">Bitters</a>
                </li>
                <li>
                    <a class="estDynamic" href="../wine-beer-and-spirits/aperatif.html">Aperatifs</a>
                </li>
                <li>
                    <a class="estDynamic" href="../wine-beer-and-spirits/beer.html">Beer</a>
                </li>
                <li>
                    <a class="estDynamic" href="../wine-beer-and-spirits/creams.html">Creams</a>
                </li>
                <li>
                    <a class="estDynamic" href="../wine-beer-and-spirits/spirits.html">Spirits</a>
                </li>
                <li>
                    <a class="estDynamic" href="../wine-beer-and-spirits/liquors.html">Liquors</a>
                </li>
                <li>
                    <a class="estDynamic" href="../wine-beer-and-spirits/white-wine.html">White wine</a>
                </li>
                <li>
                    <a class="estDynamic" href="../wine-beer-and-spirits/prosecco-wine.html">Prosecco wine</a>
                </li>
                <li>
                    <a class="estDynamic" href="../wine-beer-and-spirits/rose-wine.html">Rose wine</a>
                </li>
                <li>
                    <a class="estDynamic" href="../wine-beer-and-spirits/red-wine.html">Red wine</a>
                </li>
                <li>
                    <a class="estDynamic" href="../wine-beer-and-spirits/specialty-wine.html">Special wine</a>
                </li>
                <li>
                    <a class="estDynamic" href="../wine-beer-and-spirits/sparkling-wine.html">Sparkling wine</a>
                </li>
                <li>
                    <a class="estDynamic" href="../wine-beer-and-spirits/vermentino-wine.html">Vermentino wine</a>
                </li>
            </ul>
        </li>
        <li>
            <a class="estDynamic" href="../water-and-drinks.html">
                <img src="../../cdn.spesati.com/images/menu/water-and-drinks.png"/>
                Water and drinks            </a>
            <i class="fa fa-angle-right" aria-hidden="true"></i>
            <ul class="sub-menu">
                <li>
                    <a class="estDynamic" href="../water-and-drinks/san-martino.html">San Martino</a>
                </li>
                <li>
                    <a class="estDynamic" href="../water-and-drinks/water.html">Water</a>
                </li>
                <li>
                    <a class="estDynamic" href="../water-and-drinks/alpro.html">Alpro</a>
                </li>
                <li>
                    <a class="estDynamic" href="../water-and-drinks/fizzy-drinks.html">Fizzy drinks</a>
                </li>
                <li>
                    <a class="estDynamic" href="../water-and-drinks/coca-cola.html">Coca-Cola</a>
                </li>
                <li>
                    <a class="estDynamic" href="../water-and-drinks/energy-drink.html">Energy drink</a>
                </li>
                <li>
                    <a class="estDynamic" href="../water-and-drinks/syrups.html">Syrups</a>
                </li>
                <li>
                    <a class="estDynamic" href="../water-and-drinks/supplements.html">Supplements</a>
                </li>
                <li>
                    <a class="estDynamic" href="../water-and-drinks/instant-drinks.html">Instant drinks</a>
                </li>
                <li>
                    <a class="estDynamic" href="../water-and-drinks/juice.html">Juice</a>
                </li>
                <li>
                    <a class="estDynamic" href="../water-and-drinks/tea.html">Tea</a>
                </li>
            </ul>
        </li>
        <li>
            <a class="estDynamic" href="../sweets.html">
                <img src="../../cdn.spesati.com/images/menu/sweets.png"/>
                Sweets            </a>
            <i class="fa fa-angle-right" aria-hidden="true"></i>
            <ul class="sub-menu">
                <li>
                    <a class="estDynamic" href="../sweets/bars-and-snacks.html">Bars and snacks</a>
                </li>
                <li>
                    <a class="estDynamic" href="../sweets/biscuits.html">Biscuits</a>
                </li>
                <li>
                    <a class="estDynamic" href="../sweets/brioches.html">Brioches</a>
                </li>
                <li>
                    <a class="estDynamic" href="../sweets/candy-and-chewing-gum.html">Candy and chewing gum</a>
                </li>
                <li>
                    <a class="estDynamic" href="../sweets/cereals.html">Cereals</a>
                </li>
                <li>
                    <a class="estDynamic" href="../sweets/chocolate.html">Chocolate</a>
                </li>
                <li>
                    <a class="estDynamic" href="../sweets/spreadable-creams.html">Spreads</a>
                </li>
                <li>
                    <a class="estDynamic" href="../sweets/dessert-toppings.html">Dessert toppings</a>
                </li>
                <li>
                    <a class="estDynamic" href="../sweets/jam.html">Jam</a>
                </li>
                <li>
                    <a class="estDynamic" href="../sweets/honey.html">Honey</a>
                </li>
                <li>
                    <a class="estDynamic" href="../sweets/panettoni-and-pandoro.html">Panettone and pandoro</a>
                </li>
                <li>
                    <a class="estDynamic" href="../sweets/pastry.html">Pastry</a>
                </li>
                <li>
                    <a class="estDynamic" href="../sweets/instant-dessert.html">Prepared</a>
                </li>
                <li>
                    <a class="estDynamic" href="../sweets/cakes-and-pies.html">Cakes and pies</a>
                </li>
                <li>
                    <a class="estDynamic" href="../sweets/easter-eggs-and-doves.html">Easter eggs and doves</a>
                </li>
            </ul>
        </li>
        <li>
            <a class="estDynamic" href="../shelf.html">
                <img src="../../cdn.spesati.com/images/menu/shelf.png"/>
                Cupboard            </a>
            <i class="fa fa-angle-right" aria-hidden="true"></i>
            <ul class="sub-menu">
                <li>
                    <a class="estDynamic" href="../shelf/coffee.html">Coffee</a>
                </li>
                <li>
                    <a class="estDynamic" href="../shelf/gift-baskets.html">Gift baskets</a>
                </li>
                <li>
                    <a class="estDynamic" href="../shelf/stock-cubes.html">Nuts and preparations</a>
                </li>
                <li>
                    <a class="estDynamic" href="../shelf/flour-and-baking.html">Flour and baking</a>
                </li>
                <li>
                    <a class="estDynamic" href="../shelf/milk.html">Milk</a>
                </li>
                <li>
                    <a class="estDynamic" href="../shelf/oil-salt-vinegar.html">Oil, vinegar and salt</a>
                </li>
                <li>
                    <a class="estDynamic" href="../shelf/cream-and-bechamel.html">Cream and bechamel</a>
                </li>
                <li>
                    <a class="estDynamic" href="../shelf/crisps-and-pretzels.html">Crisps and pretzels</a>
                </li>
                <li>
                    <a class="estDynamic" href="../shelf/baby-and-infants-products.html">Early childhood products</a>
                </li>
                <li>
                    <a class="estDynamic" href="../shelf/rice.html">Rice</a>
                </li>
                <li>
                    <a class="estDynamic" href="../shelf/tins-and-preserves.html">Tins and Preserves</a>
                </li>
                <li>
                    <a class="estDynamic" href="../shelf/spices.html">Spices</a>
                </li>
                <li>
                    <a class="estDynamic" href="../shelf/sauces.html">Sauces</a>
                </li>
                <li>
                    <a class="estDynamic" href="../shelf/tea-and-infusions.html">Tea and infusions</a>
                </li>
                <li>
                    <a class="estDynamic" href="../shelf/eggs.html">Eggs</a>
                </li>
                <li>
                    <a class="estDynamic" href="../shelf/sugar-and-sweeteners.html">Sugar and sweeteners</a>
                </li>
            </ul>
        </li>
        <li>
            <a class="estDynamic" href="../personal-care.html">
                <img src="../../cdn.spesati.com/images/menu/personal-care.png"/>
                Personal care            </a>
            <i class="fa fa-angle-right" aria-hidden="true"></i>
            <ul class="sub-menu">
                <li>
                    <a class="estDynamic" href="../personal-care/accessories-and-cotton.html">Accessories and cotton</a>
                </li>
                <li>
                    <a class="estDynamic" href="../personal-care/feminine-care-incontinence-and-baby-diapers.html">Feminine incontinence and diapers</a>
                </li>
                <li>
                    <a class="estDynamic" href="../personal-care/shower-gel.html">Shower gel</a>
                </li>
                <li>
                    <a class="estDynamic" href="../personal-care/creams.html">Creams</a>
                </li>
                <li>
                    <a class="estDynamic" href="../personal-care/deodorant.html">Deodorant</a>
                </li>
                <li>
                    <a class="estDynamic" href="../personal-care/hair-removal.html">Hair removal</a>
                </li>
                <li>
                    <a class="estDynamic" href="../personal-care/disinfectants.html">Disinfectants</a>
                </li>
                <li>
                    <a class="estDynamic" href="../personal-care/oral-hygiene.html">Oral hygiene</a>
                </li>
                <li>
                    <a class="estDynamic" href="../personal-care/supplements-and-multivitamins.html">Supplements and multivitamins</a>
                </li>
                <li>
                    <a class="estDynamic" href="../personal-care/first-aid.html">First aid label</a>
                </li>
                <li>
                    <a class="estDynamic" href="../personal-care/beard-products.html">Beard products</a>
                </li>
                <li>
                    <a class="estDynamic" href="../personal-care/hairs-products.html">Hair products</a>
                </li>
                <li>
                    <a class="estDynamic" href="../personal-care/perfume.html">Perfumes</a>
                </li>
                <li>
                    <a class="estDynamic" href="../personal-care/wipes.html">Wipes</a>
                </li>
                <li>
                    <a class="estDynamic" href="../personal-care/soaps-and-body-wash.html">Soaps and body wash</a>
                </li>
                <li>
                    <a class="estDynamic" href="../personal-care/shampoo-and-conditioner.html">Shampoo and conditioner</a>
                </li>
            </ul>
        </li>
        <li>
            <a class="estDynamic" href="../household-and-outdoors.html">
                <img src="../../cdn.spesati.com/images/menu/pellet-and-home.png"/>
                Home and outdoors 
            </a>
            <i class="fa fa-angle-right" aria-hidden="true"></i>
            <ul class="sub-menu">
                <li>
                    <a class="estDynamic" href="../household-and-outdoors/distilled-water.html">Distilled water</a>
                </li>
                <li>
                    <a class="estDynamic" href="../household-and-outdoors/car-products.html">Cars</a>
                </li>
                <li>
                    <a class="estDynamic" href="../household-and-outdoors/bin-bags-and-buckets.html">Bin bags and buckets</a>
                </li>
                <li>
                    <a class="estDynamic" href="../household-and-outdoors/bleach-and-stain-removers.html">Bleach and stain removers</a>
                </li>
                <li>
                    <a class="estDynamic" href="../household-and-outdoors/candles.html">Candles</a>
                </li>
                <li>
                    <a class="estDynamic" href="../household-and-outdoors/kitchen-roll.html">Kitchen roll</a>
                </li>
                <li>
                    <a class="estDynamic" href="../household-and-outdoors/air-fresheners.html">Air fresheners</a>
                </li>
                <li>
                    <a class="estDynamic" href="../household-and-outdoors/laundry-accessories-and-detergent.html">Laundry detergent</a>
                </li>
                <li>
                    <a class="estDynamic" href="../household-and-outdoors/dishwasher-and-washing-up.html">Dishwasher and washing up</a>
                </li>
                <li>
                    <a class="estDynamic" href="../household-and-outdoors/gardening.html">Gardening</a>
                </li>
                <li>
                    <a class="estDynamic" href="../household-and-outdoors/light-bulbs-and-batteries.html">Lightbulbs and batteries</a>
                </li>
                <li>
                    <a class="estDynamic" href="../household-and-outdoors/pellet-and-bbq.html">Pellet and BBQ</a>
                </li>
                <li>
                    <a class="estDynamic" href="../household-and-outdoors/bathroom-products.html">Bathroom products</a>
                </li>
                <li>
                    <a class="estDynamic" href="../household-and-outdoors/home-and-furniture-products.html">Home and furniture products</a>
                </li>
                <li>
                    <a class="estDynamic" href="../household-and-outdoors/kitchen-products.html">Kitchen products</a>
                </li>
                <li>
                    <a class="estDynamic" href="../household-and-outdoors/window-and-floor-cleaners.html">Window and floor cleaner</a>
                </li>
                <li>
                    <a class="estDynamic" href="../household-and-outdoors/repellents.html">Repellents</a>
                </li>
                <li>
                    <a class="estDynamic" href="../household-and-outdoors/disposable-tableware.html">Disposable tableware</a>
                </li>
            </ul>
        </li>
        <li>
            <a class="estDynamic" href="../pet.html">
                <img src="../../cdn.spesati.com/images/menu/animals.png"/>
                Pets            </a>
            <i class="fa fa-angle-right" aria-hidden="true"></i>
            <ul class="sub-menu">
                <li>
                    <a class="estDynamic" href="../pets/pet-food-other-animals.html">Other animals pet food</a>
                </li>
                <li>
                    <a class="estDynamic" href="../pets/pet-food-dogs.html">Pet food dogs</a>
                </li>
                <li>
                    <a class="estDynamic" href="../pets/pet-food-cats.html">Pet food cats</a>
                </li>
                <li>
                    <a class="estDynamic" href="../pets/hygiene-and-cleaning.html">Hygiene and cleaning</a>
                </li>
            </ul>
        </li>
        <li>
            <a class="estDynamic" href="../technology.html">
                <img src="../../cdn.spesati.com/images/menu/technology.png"/>
                Technology            </a>
            <i class="fa fa-angle-right" aria-hidden="true"></i>
            <ul class="sub-menu">
                <li>
                    <a class="estDynamic" href="../technology/accessories.html">Accessories</a>
                </li>
                <li>
                    <a class="estDynamic" href="../technology/computer.html">Computer</a>
                </li>
                <li>
                    <a class="estDynamic" href="../technology/telephones.html">Telephones</a>
                </li>
                <li>
                    <a class="estDynamic" href="../technology/tv.html">TV</a>
                </li>
            </ul>
        </li>
        <li>
            <a class="estDynamic" href="../gluten-free.html">
                <img src="../../cdn.spesati.com/images/menu/gluten-free.png"/>
                Gluten free            </a>
            <i class="fa fa-angle-right" aria-hidden="true"></i>
            <ul class="sub-menu">
                <li>
                    <a class="estDynamic" href="../gluten-free/frozen-foods.html">Frozen foods</a>
                </li>
                <li>
                    <a class="estDynamic" href="../gluten-free/beer.html">Beer</a>
                </li>
                <li>
                    <a class="estDynamic" href="../gluten-free/sweets.html">Sweets</a>
                </li>
                <li>
                    <a class="estDynamic" href="../gluten-free/bread-and-pasta.html">Bread and pasta</a>
                </li>
                <li>
                    <a class="estDynamic" href="../gluten-free/shelf.html">Cupboard</a>
                </li>
            </ul>
        </li>
        <li>
            <a class="estDynamic" href="../lactose-free.html">
                <img src="../../cdn.spesati.com/images/menu/lactose-free.png"/>
                Lactose free            </a>
            <i class="fa fa-angle-right" aria-hidden="true"></i>
            <ul class="sub-menu">
                <li>
                    <a class="estDynamic" href="../lactose-free/frozen-foods.html">Frozen foods</a>
                </li>
                <li>
                    <a class="estDynamic" href="../lactose-free/sweets.html">Sweets</a>
                </li>
                <li>
                    <a class="estDynamic" href="../lactose-free/dairy-product.html">Dairy product</a>
                </li>
                <li>
                    <a class="estDynamic" href="../lactose-free/shelf.html">Cupboard</a>
                </li>
            </ul>
        </li>
        <li>
            <a class="estDynamic" href="../special.html">
                <img src="../../cdn.spesati.com/images/menu/special.png"/>
                Special            </a>
            <i class="fa fa-angle-right" aria-hidden="true"></i>
            <ul class="sub-menu">
                <li>
                    <a class="estDynamic" href="../special/alpro.html">Alpro</a>
                </li>
                <li>
                    <a class="estDynamic" href="../special/organic.html">Biological</a>
                </li>
                <li>
                    <a class="estDynamic" href="../special/meat.html">Meat</a>
                </li>
                <li>
                    <a class="estDynamic" href="../special/wholegrain.html">Wholegrain</a>
                </li>
                <li>
                    <a class="estDynamic" href="../special/bread-and-pasta.html">Bread and pasta</a>
                </li>
                <li>
                    <a class="estDynamic" href="../special/vegan.html">Vegan</a>
                </li>
            </ul>
        </li>
        <li>
            <a class="estDynamic" href="../sardinian-products.html">
                <img src="../../cdn.spesati.com/images/menu/sardinian-products.png"/>
                Sardinian products            </a>
            <i class="fa fa-angle-right" aria-hidden="true"></i>
            <ul class="sub-menu">
                <li>
                    <a class="estDynamic" href="../sardinian-products/drinks.html">Drinks</a>
                </li>
                <li>
                    <a class="estDynamic" href="../sardinian-products/meat.html">Meat</a>
                </li>
                <li>
                    <a class="estDynamic" href="../sardinian-products/sweets.html">Sweets</a>
                </li>
                <li>
                    <a class="estDynamic" href="../sardinian-products/fruit-and-vegetables.html">Fruit and vegetables</a>
                </li>
                <li>
                    <a class="estDynamic" href="../sardinian-products/ichnusa.html">Ichnusa</a>
                </li>
                <li>
                    <a class="estDynamic" href="../sardinian-products/dairy-product.html">Dairy product</a>
                </li>
                <li>
                    <a class="estDynamic" href="../sardinian-products/bread-and-pasta.html">Bread and pasta</a>
                </li>
                <li>
                    <a class="estDynamic" href="../sardinian-products/fish.html">Fish</a>
                </li>
                <li>
                    <a class="estDynamic" href="../sardinian-products/cured-meat.html">Cured meat</a>
                </li>
                <li>
                    <a class="estDynamic" href="../sardinian-products/shelf.html">Cupboard</a>
                </li>
                <li>
                    <a class="estDynamic" href="../sardinian-products/vermentino-wine.html">Vermentino wine</a>
                </li>
                <li>
                    <a class="estDynamic" href="../sardinian-products/wine-beer-and-spirits.html">Wine beer and spirits</a>
                </li>
            </ul>
        </li>
    </ul>
</div>    <div class="colRight">
        <div class="title mobile">
	<a href="../fresh-products.html"><i class="fa red fa-angle-left fa-3x mobile" aria-hidden="true"></i></a>
	<h2>
		<b>
			cured meat		</b>
	</h2>
</div>

<div class="breadcrumb bgGrey internal">
	<p>
		<b>
			<a href="../index.html">Home</a>
												&gt; <a href="../fresh-products.html">Fresh products</a>
																&gt; Cured meat									</b>
	</p>
	<div>
		<p>Order by</p>
		<select name="orderProd" id="orderProd">
			<option disabled="disabled" selected="selected">- Choose -</option>
			<option value="nameAsc">Name (A - Z)</option>
			<option value="nameDes">Name (Z - A)</option>
			<option value="priceHigh">Price - High to low</option>
			<option value="priceLow">Price - Low to high</option>
			<option value="soldAsc">Best Selling</option>
			<option value="available">Availability</option>
		</select>
	</div>
</div>
        <div class="containerProduct">
            <script type='text/javascript'>var track = '{"event":"ViewContent", "type":"category", "id":"Carne", "subids":["Bresaola","Capocollo","Coppa","Culatello","Guanciale","Lardo","Mortadella","Pancetta","Porchetta","Prosciutto","Salame","Salsiccia","Soppressata","Spalla","Speck","Zampone","Misti","Pollo","Tacchino"], "url":"https://www.spesati.com/fresh-products/cured-meat"}';</script>
<script>
gtag('event', 'select_content', {content_type: 'category', item_id: 'Carne'});gtag('event', 'select_content', {content_type: 'category', item_id: 'Bresaola'});gtag('event', 'select_content', {content_type: 'category', item_id: 'Capocollo'});gtag('event', 'select_content', {content_type: 'category', item_id: 'Coppa'});gtag('event', 'select_content', {content_type: 'category', item_id: 'Culatello'});gtag('event', 'select_content', {content_type: 'category', item_id: 'Guanciale'});gtag('event', 'select_content', {content_type: 'category', item_id: 'Lardo'});gtag('event', 'select_content', {content_type: 'category', item_id: 'Mortadella'});gtag('event', 'select_content', {content_type: 'category', item_id: 'Pancetta'});gtag('event', 'select_content', {content_type: 'category', item_id: 'Porchetta'});gtag('event', 'select_content', {content_type: 'category', item_id: 'Prosciutto'});gtag('event', 'select_content', {content_type: 'category', item_id: 'Salame'});gtag('event', 'select_content', {content_type: 'category', item_id: 'Salsiccia'});gtag('event', 'select_content', {content_type: 'category', item_id: 'Soppressata'});gtag('event', 'select_content', {content_type: 'category', item_id: 'Spalla'});gtag('event', 'select_content', {content_type: 'category', item_id: 'Speck'});gtag('event', 'select_content', {content_type: 'category', item_id: 'Zampone'});gtag('event', 'select_content', {content_type: 'category', item_id: 'Misti'});gtag('event', 'select_content', {content_type: 'category', item_id: 'Pollo'});gtag('event', 'select_content', {content_type: 'category', item_id: 'Tacchino'});
</script>
<div class="left product prod1"
        data-name="Prosciutto Cotto Alta Qualita' 120gr"
        data-price="2.05"
        data-id="85184"
        data-available="yes"
        data-category="4628"
        data-bestselling="16">
    <a href="../prosciutto-cotto-alta-qualita-120gr.html">
        <div style="background-image: url('../../cdn.spesati.com/images/products/579654/prosciutto-cotto-alta-01.jpg')">
            <div class="hover"></div>
            <p class="arrow bgRed white">Best Seller</p>
            <div class="stickers"></div>
        </div>
    </a>
    <div>
        <h4><a href="../prosciutto-cotto-alta-qualita-120gr.html"><b>Prosciutto Cotto Alta Qualita' 120gr</b></a></h4>
        <p class="description">0.12 Kg</p>
        <p class="right price"><b>2.05 €</b></p>
        <p class="right unitPrice">17.09 € per kg</p>
    </div>
    <div class="contButton">
    <a class="button bgRed white addToCart" href="#">Add</a>
</div>
</div><div class="left product prod2"
        data-name="Spianate Crudo Formaggio 140Gr"
        data-price="2.56"
        data-id="5946"
        data-available="yes"
        data-category="4628"
        data-bestselling="">
    <a href="../spianate-crudo-formaggio-140gr.html">
        <div style="background-image: url('../../cdn.spesati.com/images/products/503661/spianate-crudo-formaggio-01.jpg')">
            <div class="hover"></div>
            
            <div class="stickers"><img class="left" src="../../cdn.spesati.com/images/layout/sardinian.png" /></div>
        </div>
    </a>
    <div>
        <h4><a href="../spianate-crudo-formaggio-140gr.html"><b>Spianate Crudo Formaggio 140Gr</b></a></h4>
        <p class="description">0.14 Kg</p>
        <p class="right price"><b>2.56 €</b></p>
        <p class="right unitPrice">18.29 € per kg</p>
    </div>
    <div class="contButton">
    <a class="button bgRed white addToCart" href="#">Add</a>
</div>
</div><div class="left product prod3"
        data-name="Spianate Salame Formaggio 140Gr"
        data-price="2.31"
        data-id="5947"
        data-available="yes"
        data-category="4628"
        data-bestselling="">
    <a href="../spianate-salame-formaggio-140gr.html">
        <div style="background-image: url('../../cdn.spesati.com/images/products/503659/spianate-salame-formaggio-01.jpg')">
            <div class="hover"></div>
            
            <div class="stickers"><img class="left" src="../../cdn.spesati.com/images/layout/sardinian.png" /></div>
        </div>
    </a>
    <div>
        <h4><a href="../spianate-salame-formaggio-140gr.html"><b>Spianate Salame Formaggio 140Gr</b></a></h4>
        <p class="description">0.14 Kg</p>
        <p class="right price"><b>2.31 €</b></p>
        <p class="right unitPrice">16.47 € per kg</p>
    </div>
    <div class="contButton">
    <a class="button bgRed white addToCart" href="#">Add</a>
</div>
</div><div class="left product prod4"
        data-name="Salsiccia Sarda Irgoli Classica Sotto Vuoto"
        data-price="7.96"
        data-id="14574"
        data-available="yes"
        data-category="4628"
        data-bestselling="1">
    <a href="../salsiccia-sarda-irgoli-classica-sotto-vuoto.html">
        <div style="background-image: url('../../cdn.spesati.com/images/products/48787601/murru-salsiccia-classica.jpg')">
            <div class="hover"></div>
            <p class="arrow bgRed white">Best Seller</p>
            <div class="stickers"><img class="left" src="../../cdn.spesati.com/images/layout/sardinian.png" /></div>
        </div>
    </a>
    <div>
        <h4><a href="../salsiccia-sarda-irgoli-classica-sotto-vuoto.html"><b>Salsiccia Sarda Irgoli Classica Sotto Vuoto</b></a></h4>
        <p class="description">medium weight 0.400 Kg</p>
        <p class="right price"><b>7.96 €</b></p>
        <p class="right unitPrice">19.90 € per kg</p>
    </div>
    <div class="contButton">
    <a class="button bgRed white addToCart" href="#">Add</a>
</div>
</div><div class="left product prod5"
        data-name="Murru Salsiccia Sarda Cilindrica Sotto Vuoto"
        data-price="6.97"
        data-id="5954"
        data-available="yes"
        data-category="4628"
        data-bestselling="1">
    <a href="../murru-salsiccia-sarda-cilindrica-sotto-vuoto.html">
        <div style="background-image: url('../../cdn.spesati.com/images/products/157602/murru-salsiccia-sarda-01.jpg')">
            <div class="hover"></div>
            <p class="arrow bgRed white">Best Seller</p>
            <div class="stickers"><img class="left" src="../../cdn.spesati.com/images/layout/sardinian.png" /></div>
        </div>
    </a>
    <div>
        <h4><a href="../murru-salsiccia-sarda-cilindrica-sotto-vuoto.html"><b>Murru Salsiccia Sarda Cilindrica Sotto Vuoto</b></a></h4>
        <p class="description">medium weight 0.350 Kg</p>
        <p class="right price"><b>6.97 €</b></p>
        <p class="right unitPrice">19.90 € per kg</p>
    </div>
    <div class="contButton">
    <a class="button bgRed white addToCart" href="#">Add</a>
</div>
</div><div class="left product prod6"
        data-name="Pancetta Affumicata Tesa 1-2 Sv"
        data-price="29.85"
        data-id="24943"
        data-available="yes"
        data-category="4628"
        data-bestselling="">
    <a href="../pancetta-affumicata-tesa-1-2-sv.html">
        <div style="background-image: url('../../cdn.spesati.com/images/products/106465/pancetta-affumicata-tesa-01.html')">
            <div class="hover"></div>
            
            <div class="stickers"></div>
        </div>
    </a>
    <div>
        <h4><a href="../pancetta-affumicata-tesa-1-2-sv.html"><b>Pancetta Affumicata Tesa 1-2 Sv</b></a></h4>
        <p class="description">medium weight 1.500 Kg</p>
        <p class="right price"><b>29.85 €</b></p>
        <p class="right unitPrice">19.90 € per kg</p>
    </div>
    <div class="contButton">
    <a class="button bgRed white addToCart" href="#">Add</a>
</div>
</div><div class="left product prod7"
        data-name="Salsiccia Belvi' Classica 400g"
        data-price="6.36"
        data-id="24935"
        data-available="yes"
        data-category="4628"
        data-bestselling="">
    <a href="../salsiccia-belvi-classica-400g.html">
        <div style="background-image: url('../../cdn.spesati.com/images/products/106395/salsiccia-belvi-classica-01.html')">
            <div class="hover"></div>
            
            <div class="stickers"></div>
        </div>
    </a>
    <div>
        <h4><a href="../salsiccia-belvi-classica-400g.html"><b>Salsiccia Belvi' Classica 400g</b></a></h4>
        <p class="description">medium weight 0.4 Kg</p>
        <p class="right price"><b>6.36 €</b></p>
        <p class="right unitPrice">15.91 € per kg</p>
    </div>
    <div class="contButton">
    <a class="button bgRed white addToCart" href="#">Add</a>
</div>
</div><div class="left product prod8"
        data-name="Salsiccia Belvi'affum 300-400g"
        data-price="6.76"
        data-id="24934"
        data-available="yes"
        data-category="4628"
        data-bestselling="">
    <a href="../salsiccia-belviaffum-300-400g.html">
        <div style="background-image: url('../../cdn.spesati.com/images/products/106394/salsiccia-belvi-affumicata-01.jpg')">
            <div class="hover"></div>
            
            <div class="stickers"></div>
        </div>
    </a>
    <div>
        <h4><a href="../salsiccia-belviaffum-300-400g.html"><b>Salsiccia Belvi'affum 300-400g</b></a></h4>
        <p class="description">medium weight 0.4 Kg</p>
        <p class="right price"><b>6.76 €</b></p>
        <p class="right unitPrice">16.90 € per kg</p>
    </div>
    <div class="contButton">
    <a class="button bgRed white addToCart" href="#">Add</a>
</div>
</div><div class="left product prod9"
        data-name="Salsiccia Belvi' Peperoncino 400g"
        data-price="7.03"
        data-id="24933"
        data-available="yes"
        data-category="4628"
        data-bestselling="">
    <a href="../salsiccia-belvi-peperoncino-400g.html">
        <div style="background-image: url('../../cdn.spesati.com/images/products/106393/salsiccia-belvi-peperoncino-01.jpg')">
            <div class="hover"></div>
            
            <div class="stickers"></div>
        </div>
    </a>
    <div>
        <h4><a href="../salsiccia-belvi-peperoncino-400g.html"><b>Salsiccia Belvi' Peperoncino 400g</b></a></h4>
        <p class="description">medium weight 0.4 Kg</p>
        <p class="right price"><b>7.03 €</b></p>
        <p class="right unitPrice">17.58 € per kg</p>
    </div>
    <div class="contButton">
    <a class="button bgRed white addToCart" href="#">Add</a>
</div>
</div><div class="left product prod10"
        data-name="Salsiccia Fattorie Gennargentu Cilindrica Sotto Vuoto"
        data-price="5.67"
        data-id="6817"
        data-available="yes"
        data-category="4628"
        data-bestselling="">
    <a href="../salsiccia-fattorie-gennargentu-cilindrica-sotto-vuoto.html">
        <div style="background-image: url('../../cdn.spesati.com/images/products/106383/salsiccia-fattorie-gennargentu-01.jpg')">
            <div class="hover"></div>
            
            <div class="stickers"><img class="left" src="../../cdn.spesati.com/images/layout/sardinian.png" /></div>
        </div>
    </a>
    <div>
        <h4><a href="../salsiccia-fattorie-gennargentu-cilindrica-sotto-vuoto.html"><b>Salsiccia Fattorie Gennargentu Cilindrica Sotto Vuoto</b></a></h4>
        <p class="description">medium weight 0.300 Kg</p>
        <p class="right price"><b>5.67 €</b></p>
        <p class="right unitPrice">18.90 € per kg</p>
    </div>
    <div class="contButton">
    <a class="button bgRed white addToCart" href="#">Add</a>
</div>
</div><div class="left product prod11"
        data-name="Cotto Toast Segata"
        data-price="25.54"
        data-id="24916"
        data-available="yes"
        data-category="4628"
        data-bestselling="">
    <a href="../cotto-toast-segata.html">
        <div style="background-image: url('../../cdn.spesati.com/images/products/106324/cotto-toast-segata-01.jpg')">
            <div class="hover"></div>
            
            <div class="stickers"></div>
        </div>
    </a>
    <div>
        <h4><a href="../cotto-toast-segata.html"><b>Cotto Toast Segata</b></a></h4>
        <p class="description">medium weight  3.000 Kg</p>
        <p class="right price"><b>25.54 €</b></p>
        <p class="right unitPrice">8.51 € per kg</p>
    </div>
    <div class="contButton">
    <a class="button bgRed white addToCart" href="#">Add</a>
</div>
</div><div class="left product prod12"
        data-name="Mortadella Segata Brunella S-p 6kg"
        data-price="56.23"
        data-id="24907"
        data-available="yes"
        data-category="4628"
        data-bestselling="">
    <a href="../mortadella-segata-brunella-s-p-6kg.html">
        <div style="background-image: url('../../cdn.spesati.com/images/products/106309/mortadella-segata-brunella-01.jpg')">
            <div class="hover"></div>
            
            <div class="stickers"></div>
        </div>
    </a>
    <div>
        <h4><a href="../mortadella-segata-brunella-s-p-6kg.html"><b>Mortadella Segata Brunella S-p 6kg</b></a></h4>
        <p class="description">medium weight  6.5 Kg</p>
        <p class="right price"><b>56.23 €</b></p>
        <p class="right unitPrice">8.66 € per kg</p>
    </div>
    <div class="contButton">
    <a class="button bgRed white addToCart" href="#">Add</a>
</div>
</div><div class="left product prod13"
        data-name="Spalla Cotta Segata Sgrassata"
        data-price="66.72"
        data-id="24906"
        data-available="yes"
        data-category="4628"
        data-bestselling="">
    <a href="../spalla-cotta-segata-sgrassata.html">
        <div style="background-image: url('../../cdn.spesati.com/images/products/106308/spalla-cotta-segata-01.jpg')">
            <div class="hover"></div>
            
            <div class="stickers"></div>
        </div>
    </a>
    <div>
        <h4><a href="../spalla-cotta-segata-sgrassata.html"><b>Spalla Cotta Segata Sgrassata</b></a></h4>
        <p class="description">medium weight 7 Kg</p>
        <p class="right price"><b>66.72 €</b></p>
        <p class="right unitPrice">9.54 € per kg</p>
    </div>
    <div class="contButton">
    <a class="button bgRed white addToCart" href="#">Add</a>
</div>
</div><div class="left product prod14"
        data-name="Prosciutto Cotto Coati Blu"
        data-price="91.36"
        data-id="24905"
        data-available="yes"
        data-category="4628"
        data-bestselling="">
    <a href="../prosciutto-cotto-coati-blu.html">
        <div style="background-image: url('../../cdn.spesati.com/images/products/106307/prosciutto-cotto-coati-01.html')">
            <div class="hover"></div>
            
            <div class="stickers"></div>
        </div>
    </a>
    <div>
        <h4><a href="../prosciutto-cotto-coati-blu.html"><b>Prosciutto Cotto Coati Blu</b></a></h4>
        <p class="description">medium weight  8 Kg</p>
        <p class="right price"><b>91.36 €</b></p>
        <p class="right unitPrice">11.42 € per kg</p>
    </div>
    <div class="contButton">
    <a class="button bgRed white addToCart" href="#">Add</a>
</div>
</div><div class="left product prod15"
        data-name="Prosciutto Cotto Coati Bordo'"
        data-price="102.81"
        data-id="24903"
        data-available="yes"
        data-category="4628"
        data-bestselling="">
    <a href="../prosciutto-cotto-coati-bordo.html">
        <div style="background-image: url('../../cdn.spesati.com/images/products/106303/prosciutto-cotto-coati-01.html')">
            <div class="hover"></div>
            
            <div class="stickers"></div>
        </div>
    </a>
    <div>
        <h4><a href="../prosciutto-cotto-coati-bordo.html"><b>Prosciutto Cotto Coati Bordo'</b></a></h4>
        <p class="description">medium weight 8 Kg</p>
        <p class="right price"><b>102.81 €</b></p>
        <p class="right unitPrice">12.85 € per kg</p>
    </div>
    <div class="contButton">
    <a class="button bgRed white addToCart" href="#">Add</a>
</div>
</div><div class="left product prod16"
        data-name="Prosciutto Cotto Coati Mister Pizza"
        data-price="61.12"
        data-id="24899"
        data-available="yes"
        data-category="4628"
        data-bestselling="">
    <a href="../prosciutto-cotto-coati-mister-pizza.html">
        <div style="background-image: url('../../cdn.spesati.com/images/products/106287/prosciutto-cotto-coati-01.html')">
            <div class="hover"></div>
            
            <div class="stickers"></div>
        </div>
    </a>
    <div>
        <h4><a href="../prosciutto-cotto-coati-mister-pizza.html"><b>Prosciutto Cotto Coati Mister Pizza</b></a></h4>
        <p class="description">medium weight  7.5 Kg</p>
        <p class="right price"><b>61.12 €</b></p>
        <p class="right unitPrice">8.15 € per kg</p>
    </div>
    <div class="contButton">
    <a class="button bgRed white addToCart" href="#">Add</a>
</div>
</div><div class="left product prod17"
        data-name="Salame Coati Milano Intero S-v"
        data-price="65.83"
        data-id="24898"
        data-available="yes"
        data-category="4628"
        data-bestselling="">
    <a href="../salame-coati-milano-intero-s-v.html">
        <div style="background-image: url('../../cdn.spesati.com/images/products/106286/salame-coati-milano-01.jpg')">
            <div class="hover"></div>
            
            <div class="stickers"></div>
        </div>
    </a>
    <div>
        <h4><a href="../salame-coati-milano-intero-s-v.html"><b>Salame Coati Milano Intero S-v</b></a></h4>
        <p class="description">medium weight 4 Kg</p>
        <p class="right price"><b>65.83 €</b></p>
        <p class="right unitPrice">16.46 € per kg</p>
    </div>
    <div class="contButton">
    <a class="button bgRed white addToCart" href="#">Add</a>
</div>
</div><div class="left product prod18"
        data-name="Salsiccia Segata Piccante Sv"
        data-price="8.36"
        data-id="24894"
        data-available="yes"
        data-category="4628"
        data-bestselling="">
    <a href="../salsiccia-segata-piccante-sv.html">
        <div style="background-image: url('../../cdn.spesati.com/images/products/106281/salsiccia-segata-piccante-01.jpg')">
            <div class="hover"></div>
            
            <div class="stickers"></div>
        </div>
    </a>
    <div>
        <h4><a href="../salsiccia-segata-piccante-sv.html"><b>Salsiccia Segata Piccante Sv</b></a></h4>
        <p class="description">medium weight 0.500 Kg</p>
        <p class="right price"><b>8.36 €</b></p>
        <p class="right unitPrice">16.72 € per kg</p>
    </div>
    <div class="contButton">
    <a class="button bgRed white addToCart" href="#">Add</a>
</div>
</div><div class="left product prod19"
        data-name="Speck Segata Classica 1-2 Sv"
        data-price="46.54"
        data-id="24891"
        data-available="yes"
        data-category="4628"
        data-bestselling="">
    <a href="../speck-segata-classica-1-2-sv.html">
        <div style="background-image: url('../../cdn.spesati.com/images/products/106278/speck-segata-classica-01.jpg')">
            <div class="hover"></div>
            
            <div class="stickers"></div>
        </div>
    </a>
    <div>
        <h4><a href="../speck-segata-classica-1-2-sv.html"><b>Speck Segata Classica 1-2 Sv</b></a></h4>
        <p class="description">medium weight 2.750 Kg</p>
        <p class="right price"><b>46.54 €</b></p>
        <p class="right unitPrice">16.93 € per kg</p>
    </div>
    <div class="contButton">
    <a class="button bgRed white addToCart" href="#">Add</a>
</div>
</div><div class="left product prod20"
        data-name="Salame Segata Milano 1-2 Sv 2 Kg"
        data-price="29.33"
        data-id="24890"
        data-available="yes"
        data-category="4628"
        data-bestselling="">
    <a href="../salame-segata-milano-1-2-sv-2-kg.html">
        <div style="background-image: url('../../cdn.spesati.com/images/products/106277/salame-segata-milano-01.html')">
            <div class="hover"></div>
            
            <div class="stickers"></div>
        </div>
    </a>
    <div>
        <h4><a href="../salame-segata-milano-1-2-sv-2-kg.html"><b>Salame Segata Milano 1-2 Sv 2 Kg</b></a></h4>
        <p class="description">medium weight 2 Kg</p>
        <p class="right price"><b>29.33 €</b></p>
        <p class="right unitPrice">14.66 € per kg</p>
    </div>
    <div class="contButton">
    <a class="button bgRed white addToCart" href="#">Add</a>
</div>
</div><div class="left product prod21"
        data-name="Salame Segata Ungherese 1-2 Sv 2 Kg"
        data-price="29.33"
        data-id="24889"
        data-available="yes"
        data-category="4628"
        data-bestselling="">
    <a href="../salame-segata-ungherese-1-2-sv-2-kg.html">
        <div style="background-image: url('../../cdn.spesati.com/images/products/106274/salame-segata-ungherese-01.html')">
            <div class="hover"></div>
            
            <div class="stickers"></div>
        </div>
    </a>
    <div>
        <h4><a href="../salame-segata-ungherese-1-2-sv-2-kg.html"><b>Salame Segata Ungherese 1-2 Sv 2 Kg</b></a></h4>
        <p class="description">medium weight 2 Kg</p>
        <p class="right price"><b>29.33 €</b></p>
        <p class="right unitPrice">14.66 € per kg</p>
    </div>
    <div class="contButton">
    <a class="button bgRed white addToCart" href="#">Add</a>
</div>
</div><div class="left product prod22"
        data-name="Pancetta Coati Stufata 1-2"
        data-price="28.99"
        data-id="24888"
        data-available="yes"
        data-category="4628"
        data-bestselling="">
    <a href="../pancetta-coati-stufata-1-2.html">
        <div style="background-image: url('../../cdn.spesati.com/images/products/106273/pancetta-coati-stufata-01.jpg')">
            <div class="hover"></div>
            
            <div class="stickers"></div>
        </div>
    </a>
    <div>
        <h4><a href="../pancetta-coati-stufata-1-2.html"><b>Pancetta Coati Stufata 1-2</b></a></h4>
        <p class="description">medium weight  2.500 Kg</p>
        <p class="right price"><b>28.99 €</b></p>
        <p class="right unitPrice">11.59 € per kg</p>
    </div>
    <div class="contButton">
    <a class="button bgRed white addToCart" href="#">Add</a>
</div>
</div><div class="left product prod23"
        data-name="Salame Coati Campagnolo 1,5kg"
        data-price="23.27"
        data-id="24886"
        data-available="yes"
        data-category="4628"
        data-bestselling="">
    <a href="../salame-coati-campagnolo-15kg.html">
        <div style="background-image: url('../../cdn.spesati.com/images/products/106269/salame-coati-campagnolo-01.html')">
            <div class="hover"></div>
            
            <div class="stickers"></div>
        </div>
    </a>
    <div>
        <h4><a href="../salame-coati-campagnolo-15kg.html"><b>Salame Coati Campagnolo 1,5kg</b></a></h4>
        <p class="description">medium weight 1.500 Kg</p>
        <p class="right price"><b>23.27 €</b></p>
        <p class="right unitPrice">15.52 € per kg</p>
    </div>
    <div class="contButton">
    <a class="button bgRed white addToCart" href="#">Add</a>
</div>
</div><div class="left product prod24"
        data-name="Bresaola Punta D'anca Intera"
        data-price="94.05"
        data-id="24884"
        data-available="yes"
        data-category="4628"
        data-bestselling="">
    <a href="../bresaola-punta-danca-intera.html">
        <div style="background-image: url('../../cdn.spesati.com/images/products/106267/bresaola-punta-danca-01.jpg')">
            <div class="hover"></div>
            
            <div class="stickers"></div>
        </div>
    </a>
    <div>
        <h4><a href="../bresaola-punta-danca-intera.html"><b>Bresaola Punta D'anca Intera</b></a></h4>
        <p class="description">medium weight  2.500 Kg</p>
        <p class="right price"><b>94.05 €</b></p>
        <p class="right unitPrice">37.62 € per kg</p>
    </div>
    <div class="contButton">
    <a class="button bgRed white addToCart" href="#">Add</a>
</div>
</div><div class="left product prod25"
        data-name="Bresaola Sottofesa Intera Sv"
        data-price="92.12"
        data-id="24883"
        data-available="yes"
        data-category="4628"
        data-bestselling="">
    <a href="../bresaola-sottofesa-intera-sv.html">
        <div style="background-image: url('../../cdn.spesati.com/images/products/106266/bresaola-sottofesa-intera-01.jpg')">
            <div class="hover"></div>
            
            <div class="stickers"></div>
        </div>
    </a>
    <div>
        <h4><a href="../bresaola-sottofesa-intera-sv.html"><b>Bresaola Sottofesa Intera Sv</b></a></h4>
        <p class="description">medium weight  2.800 Kg</p>
        <p class="right price"><b>92.12 €</b></p>
        <p class="right unitPrice">32.90 € per kg</p>
    </div>
    <div class="contButton">
    <a class="button bgRed white addToCart" href="#">Add</a>
</div>
</div><div class="left product prod26"
        data-name="Salame Coati Ungherese Intero S-v"
        data-price="49.37"
        data-id="24880"
        data-available="yes"
        data-category="4628"
        data-bestselling="">
    <a href="../salame-coati-ungherese-intero-s-v.html">
        <div style="background-image: url('../../cdn.spesati.com/images/products/106261/salame-coati-ungherese-01.html')">
            <div class="hover"></div>
            
            <div class="stickers"></div>
        </div>
    </a>
    <div>
        <h4><a href="../salame-coati-ungherese-intero-s-v.html"><b>Salame Coati Ungherese Intero S-v</b></a></h4>
        <p class="description">medium weight  3.000 Kg</p>
        <p class="right price"><b>49.37 €</b></p>
        <p class="right unitPrice">16.46 € per kg</p>
    </div>
    <div class="contButton">
    <a class="button bgRed white addToCart" href="#">Add</a>
</div>
</div><div class="left product prod27"
        data-name="Bresaola Sottofesa Favolosa 1-2"
        data-price="69.12"
        data-id="24878"
        data-available="yes"
        data-category="4628"
        data-bestselling="">
    <a href="../bresaola-sottofesa-favolosa-1-2.html">
        <div style="background-image: url('../../cdn.spesati.com/images/products/106258/bresaola-sottofesa-favolosa-01.jpg')">
            <div class="hover"></div>
            
            <div class="stickers"></div>
        </div>
    </a>
    <div>
        <h4><a href="../bresaola-sottofesa-favolosa-1-2.html"><b>Bresaola Sottofesa Favolosa 1-2</b></a></h4>
        <p class="description">medium weight 1.800 Kg</p>
        <p class="right price"><b>69.12 €</b></p>
        <p class="right unitPrice">38.40 € per kg</p>
    </div>
    <div class="contButton">
    <a class="button bgRed white addToCart" href="#">Add</a>
</div>
</div><div class="left product prod28"
        data-name="Mortadella Deli Con Pistacchio"
        data-price="37.30"
        data-id="24876"
        data-available="yes"
        data-category="4628"
        data-bestselling="">
    <a href="../mortadella-deli-con-pistacchio.html">
        <div style="background-image: url('../../cdn.spesati.com/images/products/106253/mortadella-deli-con-01.jpg')">
            <div class="hover"></div>
            
            <div class="stickers"></div>
        </div>
    </a>
    <div>
        <h4><a href="../mortadella-deli-con-pistacchio.html"><b>Mortadella Deli Con Pistacchio</b></a></h4>
        <p class="description">medium weight  3.500 Kg</p>
        <p class="right price"><b>37.30 €</b></p>
        <p class="right unitPrice">10.66 € per kg</p>
    </div>
    <div class="contButton">
    <a class="button bgRed white addToCart" href="#">Add</a>
</div>
</div><div class="left product prod29"
        data-name="Prosciutto Cotto Rosafino Viola 1-2"
        data-price="77.11"
        data-id="24875"
        data-available="yes"
        data-category="4628"
        data-bestselling="">
    <a href="../prosciutto-cotto-rosafino-viola-1-2.html">
        <div style="background-image: url('../../cdn.spesati.com/images/products/106252/prosciutto-cotto-rosafino-01.html')">
            <div class="hover"></div>
            
            <div class="stickers"></div>
        </div>
    </a>
    <div>
        <h4><a href="../prosciutto-cotto-rosafino-viola-1-2.html"><b>Prosciutto Cotto Rosafino Viola 1-2</b></a></h4>
        <p class="description">medium weight  4.000 Kg</p>
        <p class="right price"><b>77.11 €</b></p>
        <p class="right unitPrice">19.28 € per kg</p>
    </div>
    <div class="contButton">
    <a class="button bgRed white addToCart" href="#">Add</a>
</div>
</div><div class="left product prod30"
        data-name="Prosciutto Cotto Preliba 1-2"
        data-price="55.80"
        data-id="24873"
        data-available="yes"
        data-category="4628"
        data-bestselling="">
    <a href="../prosciutto-cotto-preliba-1-2.html">
        <div style="background-image: url('../../cdn.spesati.com/images/products/106248/prosciutto-cotto-preliba-01.jpg')">
            <div class="hover"></div>
            
            <div class="stickers"></div>
        </div>
    </a>
    <div>
        <h4><a href="../prosciutto-cotto-preliba-1-2.html"><b>Prosciutto Cotto Preliba 1-2</b></a></h4>
        <p class="description">medium weight  4.000 Kg</p>
        <p class="right price"><b>55.80 €</b></p>
        <p class="right unitPrice">13.95 € per kg</p>
    </div>
    <div class="contButton">
    <a class="button bgRed white addToCart" href="#">Add</a>
</div>
</div><div class="left product prod31"
        data-name="Prosciutto Cotto Preliba 1-4"
        data-price="28.21"
        data-id="24867"
        data-available="yes"
        data-category="4628"
        data-bestselling="">
    <a href="../prosciutto-cotto-preliba-1-4.html">
        <div style="background-image: url('../../cdn.spesati.com/images/products/106236/prosciutto-cotto-preliba-01.jpg')">
            <div class="hover"></div>
            
            <div class="stickers"></div>
        </div>
    </a>
    <div>
        <h4><a href="../prosciutto-cotto-preliba-1-4.html"><b>Prosciutto Cotto Preliba 1-4</b></a></h4>
        <p class="description">medium weight 2 Kg</p>
        <p class="right price"><b>28.21 €</b></p>
        <p class="right unitPrice">14.10 € per kg</p>
    </div>
    <div class="contButton">
    <a class="button bgRed white addToCart" href="#">Add</a>
</div>
</div><div class="left product prod32"
        data-name="Mortadella Citterio Romagnola 1-2"
        data-price="43.99"
        data-id="24856"
        data-available="yes"
        data-category="4628"
        data-bestselling="">
    <a href="../mortadella-citterio-romagnola-1-2.html">
        <div style="background-image: url('../../cdn.spesati.com/images/products/106180/mortadella-citterio-romagnola-01.jpg')">
            <div class="hover"></div>
            
            <div class="stickers"></div>
        </div>
    </a>
    <div>
        <h4><a href="../mortadella-citterio-romagnola-1-2.html"><b>Mortadella Citterio Romagnola 1-2</b></a></h4>
        <p class="description">medium weight  5.000 Kg</p>
        <p class="right price"><b>43.99 €</b></p>
        <p class="right unitPrice">8.80 € per kg</p>
    </div>
    <div class="contButton">
    <a class="button bgRed white addToCart" href="#">Add</a>
</div>
</div><div class="left product prod33"
        data-name="Lardo Pancettato Meta' Sv"
        data-price="39.80"
        data-id="24847"
        data-available="yes"
        data-category="4628"
        data-bestselling="">
    <a href="../lardo-pancettato-meta-sv.html">
        <div style="background-image: url('../../cdn.spesati.com/images/products/106105/lardo-pancettato-meta-01.jpg')">
            <div class="hover"></div>
            
            <div class="stickers"></div>
        </div>
    </a>
    <div>
        <h4><a href="../lardo-pancettato-meta-sv.html"><b>Lardo Pancettato Meta' Sv</b></a></h4>
        <p class="description">medium weight 2 Kg</p>
        <p class="right price"><b>39.80 €</b></p>
        <p class="right unitPrice">19.90 € per kg</p>
    </div>
    <div class="contButton">
    <a class="button bgRed white addToCart" href="#">Add</a>
</div>
</div><div class="left product prod34"
        data-name="Coppa Tripla Pelata Meta's-v"
        data-price="60.15"
        data-id="24846"
        data-available="yes"
        data-category="4628"
        data-bestselling="">
    <a href="../coppa-tripla-pelata-metas-v.html">
        <div style="background-image: url('../../cdn.spesati.com/images/products/106095/coppa-tripla-pelata-01.jpg')">
            <div class="hover"></div>
            
            <div class="stickers"></div>
        </div>
    </a>
    <div>
        <h4><a href="../coppa-tripla-pelata-metas-v.html"><b>Coppa Tripla Pelata Meta's-v</b></a></h4>
        <p class="description">medium weight  2.600 Kg</p>
        <p class="right price"><b>60.15 €</b></p>
        <p class="right unitPrice">23.13 € per kg</p>
    </div>
    <div class="contButton">
    <a class="button bgRed white addToCart" href="#">Add</a>
</div>
</div><div class="left product prod35"
        data-name="Salame Beretta Milano Affettato 100Gr"
        data-price="3.79"
        data-id="5925"
        data-available="yes"
        data-category="4628"
        data-bestselling="4">
    <a href="../salame-beretta-milano-affettato-100gr.html">
        <div style="background-image: url('../../cdn.spesati.com/images/products/106005/salame-beretta-milano-01.jpg')">
            <div class="hover"></div>
            <p class="arrow bgRed white">Best Seller</p>
            <div class="stickers"></div>
        </div>
    </a>
    <div>
        <h4><a href="../salame-beretta-milano-affettato-100gr.html"><b>Salame Beretta Milano Affettato 100Gr</b></a></h4>
        <p class="description">0.1 Kg</p>
        <p class="right price"><b>3.79 €</b></p>
        <p class="right unitPrice">37.90 € per kg</p>
    </div>
    <div class="contButton">
    <a class="button bgRed white addToCart" href="#">Add</a>
</div>
</div><div class="left product prod36"
        data-name="Prosciutto Cotto Beretta Alta Qualità Affettato 120Gr"
        data-price="4.55"
        data-id="5926"
        data-available="yes"
        data-category="4628"
        data-bestselling="16">
    <a href="../prosciutto-cotto-beretta-alta-qualita-affettato-120gr.html">
        <div style="background-image: url('../../cdn.spesati.com/images/products/106003/prosciutto-cotto-beretta-01.jpg')">
            <div class="hover"></div>
            <p class="arrow bgRed white">Best Seller</p>
            <div class="stickers"></div>
        </div>
    </a>
    <div>
        <h4><a href="../prosciutto-cotto-beretta-alta-qualita-affettato-120gr.html"><b>Prosciutto Cotto Beretta Alta Qualità Affettato 120Gr</b></a></h4>
        <p class="description">0.12 Kg</p>
        <p class="right price"><b>4.55 €</b></p>
        <p class="right unitPrice">37.92 € per kg</p>
    </div>
    <div class="contButton">
    <a class="button bgRed white addToCart" href="#">Add</a>
</div>
</div><div class="left product prod37"
        data-name="Prosciutto Crudo Beretta Affettato 100Gr"
        data-price="4.35"
        data-id="5924"
        data-available="yes"
        data-category="4628"
        data-bestselling="11">
    <a href="../prosciutto-crudo-beretta-affettato-100gr.html">
        <div style="background-image: url('../../cdn.spesati.com/images/products/106002/prosciutto-crudo-beretta-01.jpg')">
            <div class="hover"></div>
            <p class="arrow bgRed white">Best Seller</p>
            <div class="stickers"></div>
        </div>
    </a>
    <div>
        <h4><a href="../prosciutto-crudo-beretta-affettato-100gr.html"><b>Prosciutto Crudo Beretta Affettato 100Gr</b></a></h4>
        <p class="description">0.1 Kg</p>
        <p class="right price"><b>4.35 €</b></p>
        <p class="right unitPrice">43.51 € per kg</p>
    </div>
    <div class="contButton">
    <a class="button bgRed white addToCart" href="#">Add</a>
</div>
</div><div class="left product prod38"
        data-name="Spianata Segata Piccante 1-2 Sv"
        data-price="19.01"
        data-id="24589"
        data-available="yes"
        data-category="4628"
        data-bestselling="">
    <a href="../spianata-segata-piccante-1-2-sv.html">
        <div style="background-image: url('../../cdn.spesati.com/images/products/103990/spianata-segata-piccante-01.jpg')">
            <div class="hover"></div>
            
            <div class="stickers"></div>
        </div>
    </a>
    <div>
        <h4><a href="../spianata-segata-piccante-1-2-sv.html"><b>Spianata Segata Piccante 1-2 Sv</b></a></h4>
        <p class="description">medium weight 0.500 Kg</p>
        <p class="right price"><b>19.01 €</b></p>
        <p class="right unitPrice">15.84 € per kg</p>
    </div>
    <div class="contButton">
    <a class="button bgRed white addToCart" href="#">Add</a>
</div>
</div><div class="left product prod39"
        data-name="Salsiccia Sarda Del Giudicato"
        data-price="5.64"
        data-id="6818"
        data-available="yes"
        data-category="4628"
        data-bestselling="">
    <a href="../salsiccia-sarda-del-giudicato.html">
        <div style="background-image: url('../../cdn.spesati.com/images/products/103919/salsiccia-sarda-del-01.jpg')">
            <div class="hover"></div>
            
            <div class="stickers"><img class="left" src="../../cdn.spesati.com/images/layout/sardinian.png" /></div>
        </div>
    </a>
    <div>
        <h4><a href="../salsiccia-sarda-del-giudicato.html"><b>Salsiccia Sarda Del Giudicato</b></a></h4>
        <p class="description">medium weight 0.330 Kg</p>
        <p class="right price"><b>5.64 €</b></p>
        <p class="right unitPrice">17.11 € per kg</p>
    </div>
    <div class="contButton">
    <a class="button bgRed white addToCart" href="#">Add</a>
</div>
</div><div class="left product prod40"
        data-name="Coppa Affettato 100gr Fatt Genn"
        data-price="2.19"
        data-id="66093"
        data-available="yes"
        data-category="4628"
        data-bestselling="">
    <a href="../coppa-affettato-100gr-fatt-genn.html">
        <div style="background-image: url('../../cdn.spesati.com/images/products/missing-image/missing-image.jpg')">
            <div class="hover"></div>
            
            <div class="stickers"></div>
        </div>
    </a>
    <div>
        <h4><a href="../coppa-affettato-100gr-fatt-genn.html"><b>Coppa Affettato 100gr Fatt Genn</b></a></h4>
        <p class="description">0.1 Kg</p>
        <p class="right price"><b>2.19 €</b></p>
        <p class="right unitPrice">21.90 € per kg</p>
    </div>
    <div class="contButton">
    <a class="button bgRed white addToCart" href="#">Add</a>
</div>
</div><div class="left product prod41"
        data-name="Prosciutto Cotto Affettato 100g Fatt Genn"
        data-price="2.29"
        data-id="66096"
        data-available="yes"
        data-category="4628"
        data-bestselling="2">
    <a href="../prosciutto-cotto-affettato-100g-fatt-genn.html">
        <div style="background-image: url('../../cdn.spesati.com/images/products/missing-image/missing-image.jpg')">
            <div class="hover"></div>
            <p class="arrow bgRed white">Best Seller</p>
            <div class="stickers"></div>
        </div>
    </a>
    <div>
        <h4><a href="../prosciutto-cotto-affettato-100g-fatt-genn.html"><b>Prosciutto Cotto Affettato 100g Fatt Genn</b></a></h4>
        <p class="description">0.1 Kg</p>
        <p class="right price"><b>2.29 €</b></p>
        <p class="right unitPrice">22.90 € per kg</p>
    </div>
    <div class="contButton">
    <a class="button bgRed white addToCart" href="#">Add</a>
</div>
</div><div class="left product prod42"
        data-name="Prosciutto Crudo Affettato 80gr Fatt Genn"
        data-price="2.29"
        data-id="66099"
        data-available="yes"
        data-category="4628"
        data-bestselling="2">
    <a href="../prosciutto-crudo-affettato-80gr-fatt-genn.html">
        <div style="background-image: url('../../cdn.spesati.com/images/products/missing-image/missing-image.jpg')">
            <div class="hover"></div>
            <p class="arrow bgRed white">Best Seller</p>
            <div class="stickers"></div>
        </div>
    </a>
    <div>
        <h4><a href="../prosciutto-crudo-affettato-80gr-fatt-genn.html"><b>Prosciutto Crudo Affettato 80gr Fatt Genn</b></a></h4>
        <p class="description">0.08 Kg</p>
        <p class="right price"><b>2.29 €</b></p>
        <p class="right unitPrice">28.63 € per kg</p>
    </div>
    <div class="contButton">
    <a class="button bgRed white addToCart" href="#">Add</a>
</div>
</div><div class="left product prod43"
        data-name="Mortadella Affettato 100gr Fatt Genn"
        data-price="1.99"
        data-id="66288"
        data-available="yes"
        data-category="4628"
        data-bestselling="2">
    <a href="../mortadella-affettato-100gr-fatt-genn.html">
        <div style="background-image: url('../../cdn.spesati.com/images/products/missing-image/missing-image.jpg')">
            <div class="hover"></div>
            <p class="arrow bgRed white">Best Seller</p>
            <div class="stickers"></div>
        </div>
    </a>
    <div>
        <h4><a href="../mortadella-affettato-100gr-fatt-genn.html"><b>Mortadella Affettato 100gr Fatt Genn</b></a></h4>
        <p class="description">0.1 Kg</p>
        <p class="right price"><b>1.99 €</b></p>
        <p class="right unitPrice">19.90 € per kg</p>
    </div>
    <div class="contButton">
    <a class="button bgRed white addToCart" href="#">Add</a>
</div>
</div><div class="left product prod44"
        data-name="Salame Grana Grossa 100g Fatt Genn"
        data-price="2.19"
        data-id="66291"
        data-available="yes"
        data-category="4628"
        data-bestselling="1">
    <a href="../salame-grana-grossa-100g-fatt-genn.html">
        <div style="background-image: url('../../cdn.spesati.com/images/products/missing-image/missing-image.jpg')">
            <div class="hover"></div>
            <p class="arrow bgRed white">Best Seller</p>
            <div class="stickers"></div>
        </div>
    </a>
    <div>
        <h4><a href="../salame-grana-grossa-100g-fatt-genn.html"><b>Salame Grana Grossa 100g Fatt Genn</b></a></h4>
        <p class="description">0.1 Kg</p>
        <p class="right price"><b>2.19 €</b></p>
        <p class="right unitPrice">21.90 € per kg</p>
    </div>
    <div class="contButton">
    <a class="button bgRed white addToCart" href="#">Add</a>
</div>
</div><div class="left product prod45"
        data-name="Salame Grana Fine 100g Fatt Genn"
        data-price="2.39"
        data-id="66294"
        data-available="yes"
        data-category="4628"
        data-bestselling="1">
    <a href="../salame-grana-fine-100g-fatt-genn.html">
        <div style="background-image: url('../../cdn.spesati.com/images/products/missing-image/missing-image.jpg')">
            <div class="hover"></div>
            <p class="arrow bgRed white">Best Seller</p>
            <div class="stickers"></div>
        </div>
    </a>
    <div>
        <h4><a href="../salame-grana-fine-100g-fatt-genn.html"><b>Salame Grana Fine 100g Fatt Genn</b></a></h4>
        <p class="description">0.1 Kg</p>
        <p class="right price"><b>2.39 €</b></p>
        <p class="right unitPrice">23.90 € per kg</p>
    </div>
    <div class="contButton">
    <a class="button bgRed white addToCart" href="#">Add</a>
</div>
</div><div class="left product prod46"
        data-name="Prosciutto Crudo 150gr"
        data-price="3.37"
        data-id="85160"
        data-available="yes"
        data-category="4628"
        data-bestselling="">
    <a href="../prosciutto-crudo-150gr.html">
        <div style="background-image: url('../../cdn.spesati.com/images/products/missing-image/missing-image.jpg')">
            <div class="hover"></div>
            
            <div class="stickers"></div>
        </div>
    </a>
    <div>
        <h4><a href="../prosciutto-crudo-150gr.html"><b>Prosciutto Crudo 150gr</b></a></h4>
        <p class="description">0.15 Kg</p>
        <p class="right price"><b>3.37 €</b></p>
        <p class="right unitPrice">22.47 € per kg</p>
    </div>
    <div class="contButton">
    <a class="button bgRed white addToCart" href="#">Add</a>
</div>
</div><div class="left product prod47"
        data-name="Salame Ungherese 150gr"
        data-price="2.32"
        data-id="85163"
        data-available="yes"
        data-category="4628"
        data-bestselling="">
    <a href="../salame-ungherese-150gr.html">
        <div style="background-image: url('../../cdn.spesati.com/images/products/missing-image/missing-image.jpg')">
            <div class="hover"></div>
            
            <div class="stickers"></div>
        </div>
    </a>
    <div>
        <h4><a href="../salame-ungherese-150gr.html"><b>Salame Ungherese 150gr</b></a></h4>
        <p class="description">0.15 Kg</p>
        <p class="right price"><b>2.32 €</b></p>
        <p class="right unitPrice">15.46 € per kg</p>
    </div>
    <div class="contButton">
    <a class="button bgRed white addToCart" href="#">Add</a>
</div>
</div><div class="left product prod48"
        data-name="Salame Milano 150gr"
        data-price="2.68"
        data-id="85166"
        data-available="yes"
        data-category="4628"
        data-bestselling="">
    <a href="../salame-milano-150gr.html">
        <div style="background-image: url('../../cdn.spesati.com/images/products/missing-image/missing-image.jpg')">
            <div class="hover"></div>
            
            <div class="stickers"></div>
        </div>
    </a>
    <div>
        <h4><a href="../salame-milano-150gr.html"><b>Salame Milano 150gr</b></a></h4>
        <p class="description">0.15 Kg</p>
        <p class="right price"><b>2.68 €</b></p>
        <p class="right unitPrice">17.88 € per kg</p>
    </div>
    <div class="contButton">
    <a class="button bgRed white addToCart" href="#">Add</a>
</div>
</div><div class="left product prod49"
        data-name="Coppa Stagionata 150gr"
        data-price="3.23"
        data-id="85169"
        data-available="yes"
        data-category="4628"
        data-bestselling="">
    <a href="../coppa-stagionata-150gr.html">
        <div style="background-image: url('../../cdn.spesati.com/images/products/missing-image/missing-image.jpg')">
            <div class="hover"></div>
            
            <div class="stickers"></div>
        </div>
    </a>
    <div>
        <h4><a href="../coppa-stagionata-150gr.html"><b>Coppa Stagionata 150gr</b></a></h4>
        <p class="description">0.15 Kg</p>
        <p class="right price"><b>3.23 €</b></p>
        <p class="right unitPrice">21.51 € per kg</p>
    </div>
    <div class="contButton">
    <a class="button bgRed white addToCart" href="#">Add</a>
</div>
</div><div class="left product prod50"
        data-name="Pancetta Arrotolata 150gr"
        data-price="2.60"
        data-id="85172"
        data-available="yes"
        data-category="4628"
        data-bestselling="1">
    <a href="../pancetta-arrotolata-150gr.html">
        <div style="background-image: url('../../cdn.spesati.com/images/products/missing-image/missing-image.jpg')">
            <div class="hover"></div>
            <p class="arrow bgRed white">Best Seller</p>
            <div class="stickers"></div>
        </div>
    </a>
    <div>
        <h4><a href="../pancetta-arrotolata-150gr.html"><b>Pancetta Arrotolata 150gr</b></a></h4>
        <p class="description">0.15 Kg</p>
        <p class="right price"><b>2.60 €</b></p>
        <p class="right unitPrice">17.30 € per kg</p>
    </div>
    <div class="contButton">
    <a class="button bgRed white addToCart" href="#">Add</a>
</div>
</div><div class="left product prod51"
        data-name="Salame Piccante 150gr"
        data-price="2.50"
        data-id="85175"
        data-available="yes"
        data-category="4628"
        data-bestselling="">
    <a href="../salame-piccante-150gr.html">
        <div style="background-image: url('../../cdn.spesati.com/images/products/missing-image/missing-image.jpg')">
            <div class="hover"></div>
            
            <div class="stickers"></div>
        </div>
    </a>
    <div>
        <h4><a href="../salame-piccante-150gr.html"><b>Salame Piccante 150gr</b></a></h4>
        <p class="description">0.15 Kg</p>
        <p class="right price"><b>2.50 €</b></p>
        <p class="right unitPrice">16.69 € per kg</p>
    </div>
    <div class="contButton">
    <a class="button bgRed white addToCart" href="#">Add</a>
</div>
</div><div class="left product prod52"
        data-name="Mortadella Modenella 120gr"
        data-price="1.79"
        data-id="85178"
        data-available="yes"
        data-category="4628"
        data-bestselling="1">
    <a href="../mortadella-modenella-120gr.html">
        <div style="background-image: url('../../cdn.spesati.com/images/products/missing-image/missing-image.jpg')">
            <div class="hover"></div>
            <p class="arrow bgRed white">Best Seller</p>
            <div class="stickers"></div>
        </div>
    </a>
    <div>
        <h4><a href="../mortadella-modenella-120gr.html"><b>Mortadella Modenella 120gr</b></a></h4>
        <p class="description">0.12 Kg</p>
        <p class="right price"><b>1.79 €</b></p>
        <p class="right unitPrice">14.89 € per kg</p>
    </div>
    <div class="contButton">
    <a class="button bgRed white addToCart" href="#">Add</a>
</div>
</div><div class="left product prod53"
        data-name="Pancetta Tesa Affumicata 100gr"
        data-price="2.04"
        data-id="85181"
        data-available="yes"
        data-category="4628"
        data-bestselling="">
    <a href="../pancetta-tesa-affumicata-100gr.html">
        <div style="background-image: url('../../cdn.spesati.com/images/products/missing-image/missing-image.jpg')">
            <div class="hover"></div>
            
            <div class="stickers"></div>
        </div>
    </a>
    <div>
        <h4><a href="../pancetta-tesa-affumicata-100gr.html"><b>Pancetta Tesa Affumicata 100gr</b></a></h4>
        <p class="description">0.1 Kg</p>
        <p class="right price"><b>2.04 €</b></p>
        <p class="right unitPrice">20.39 € per kg</p>
    </div>
    <div class="contButton">
    <a class="button bgRed white addToCart" href="#">Add</a>
</div>
</div><div class="left product prod54"
        data-name="Salame Napoli 120gr"
        data-price="2.18"
        data-id="85193"
        data-available="yes"
        data-category="4628"
        data-bestselling="">
    <a href="../salame-napoli-120gr.html">
        <div style="background-image: url('../../cdn.spesati.com/images/products/missing-image/missing-image.jpg')">
            <div class="hover"></div>
            
            <div class="stickers"></div>
        </div>
    </a>
    <div>
        <h4><a href="../salame-napoli-120gr.html"><b>Salame Napoli 120gr</b></a></h4>
        <p class="description">0.12 Kg</p>
        <p class="right price"><b>2.18 €</b></p>
        <p class="right unitPrice">18.19 € per kg</p>
    </div>
    <div class="contButton">
    <a class="button bgRed white addToCart" href="#">Add</a>
</div>
</div><div class="left product prod55"
        data-name="Salsicc Su Sirboni Suino Stag"
        data-price="85.05"
        data-id="24927"
        data-available="yes"
        data-category="4628"
        data-bestselling="">
    <a href="../salsicc-su-sirboni-suino-stag.html">
        <div style="background-image: url('../../cdn.spesati.com/images/products/missing-image/missing-image.jpg')">
            <div class="hover"></div>
            
            <div class="stickers"></div>
        </div>
    </a>
    <div>
        <h4><a href="../salsicc-su-sirboni-suino-stag.html"><b>Salsicc Su Sirboni Suino Stag</b></a></h4>
        <p class="description">medium weight  4.500 Kg</p>
        <p class="right price"><b>85.05 €</b></p>
        <p class="right unitPrice">18.90 € per kg</p>
    </div>
    <div class="contButton">
    <a class="button bgRed white addToCart" href="#">Add</a>
</div>
</div><div class="left product prod56"
        data-name="Salsicc Su Sirboni Suino-cingh"
        data-price="117.00"
        data-id="24928"
        data-available="yes"
        data-category="4628"
        data-bestselling="">
    <a href="../salsicc-su-sirboni-suino-cingh.html">
        <div style="background-image: url('../../cdn.spesati.com/images/products/missing-image/missing-image.jpg')">
            <div class="hover"></div>
            
            <div class="stickers"></div>
        </div>
    </a>
    <div>
        <h4><a href="../salsicc-su-sirboni-suino-cingh.html"><b>Salsicc Su Sirboni Suino-cingh</b></a></h4>
        <p class="description">medium weight  5.200 Kg</p>
        <p class="right price"><b>117.00 €</b></p>
        <p class="right unitPrice">22.51 € per kg</p>
    </div>
    <div class="contButton">
    <a class="button bgRed white addToCart" href="#">Add</a>
</div>
</div><div class="left product prod57"
        data-name="Beretta Pancetta A Cubetti Affumicata 150Gr"
        data-price="4.29"
        data-id="14516"
        data-available="yes"
        data-category="4628"
        data-bestselling="4">
    <a href="../beretta-pancetta-a-cubetti-affumicata-150gr.html">
        <div style="background-image: url('../../cdn.spesati.com/images/products/missing-image/missing-image.jpg')">
            <div class="hover"></div>
            <p class="arrow bgRed white">Best Seller</p>
            <div class="stickers"><img class="left" src="../../cdn.spesati.com/images/layout/gluten-free.png" /></div>
        </div>
    </a>
    <div>
        <h4><a href="../beretta-pancetta-a-cubetti-affumicata-150gr.html"><b>Beretta Pancetta A Cubetti Affumicata 150Gr</b></a></h4>
        <p class="description">0.15 Kg</p>
        <p class="right price"><b>4.29 €</b></p>
        <p class="right unitPrice">28.60 € per kg</p>
    </div>
    <div class="contButton">
    <a class="button bgRed white addToCart" href="#">Add</a>
</div>
</div><div class="left product prod58"
        data-name="Salsiccia Sarda Irgoli Cla A-p"
        data-price="95.52"
        data-id="24929"
        data-available="yes"
        data-category="4628"
        data-bestselling="">
    <a href="../salsiccia-sarda-irgoli-cla-a-p.html">
        <div style="background-image: url('../../cdn.spesati.com/images/products/missing-image/missing-image.jpg')">
            <div class="hover"></div>
            
            <div class="stickers"></div>
        </div>
    </a>
    <div>
        <h4><a href="../salsiccia-sarda-irgoli-cla-a-p.html"><b>Salsiccia Sarda Irgoli Cla A-p</b></a></h4>
        <p class="description">medium weight  4.800 Kg</p>
        <p class="right price"><b>95.52 €</b></p>
        <p class="right unitPrice">19.90 € per kg</p>
    </div>
    <div class="contButton">
    <a class="button bgRed white addToCart" href="#">Add</a>
</div>
</div><div class="left product prod59"
        data-name="Salsiccia Sarda Irgoli Aff S-v"
        data-price="109.45"
        data-id="24931"
        data-available="yes"
        data-category="4628"
        data-bestselling="">
    <a href="../salsiccia-sarda-irgoli-aff-s-v.html">
        <div style="background-image: url('../../cdn.spesati.com/images/products/missing-image/missing-image.jpg')">
            <div class="hover"></div>
            
            <div class="stickers"></div>
        </div>
    </a>
    <div>
        <h4><a href="../salsiccia-sarda-irgoli-aff-s-v.html"><b>Salsiccia Sarda Irgoli Aff S-v</b></a></h4>
        <p class="description">medium weight  5.500 Kg</p>
        <p class="right price"><b>109.45 €</b></p>
        <p class="right unitPrice">19.90 € per kg</p>
    </div>
    <div class="contButton">
    <a class="button bgRed white addToCart" href="#">Add</a>
</div>
</div><div class="left product prod60"
        data-name="pancetta campagnola monte arci"
        data-price="7.76"
        data-id="22861"
        data-available="yes"
        data-category="4628"
        data-bestselling="">
    <a href="../pancetta-campagnola-monte-arci.html">
        <div style="background-image: url('../../cdn.spesati.com/images/products/missing-image/missing-image.jpg')">
            <div class="hover"></div>
            
            <div class="stickers"></div>
        </div>
    </a>
    <div>
        <h4><a href="../pancetta-campagnola-monte-arci.html"><b>pancetta campagnola monte arci</b></a></h4>
        <p class="description">medum weight 0.450 Kg</p>
        <p class="right price"><b>7.76 €</b></p>
        <p class="right unitPrice">17.24 € per kg</p>
    </div>
    <div class="contButton">
    <a class="button bgRed white addToCart" href="#">Add</a>
</div>
</div><div class="left product prod61"
        data-name="Salsiccia Stag Di Fonni"
        data-price="75.62"
        data-id="24932"
        data-available="yes"
        data-category="4628"
        data-bestselling="">
    <a href="../salsiccia-stag-di-fonni.html">
        <div style="background-image: url('../../cdn.spesati.com/images/products/missing-image/missing-image.jpg')">
            <div class="hover"></div>
            
            <div class="stickers"></div>
        </div>
    </a>
    <div>
        <h4><a href="../salsiccia-stag-di-fonni.html"><b>Salsiccia Stag Di Fonni</b></a></h4>
        <p class="description">medium weight  3.800 Kg</p>
        <p class="right price"><b>75.62 €</b></p>
        <p class="right unitPrice">19.90 € per kg</p>
    </div>
    <div class="contButton">
    <a class="button bgRed white addToCart" href="#">Add</a>
</div>
</div><div class="left product prod62"
        data-name="Salsiccia M Arci Al Mirto"
        data-price="11.63"
        data-id="24541"
        data-available="yes"
        data-category="4628"
        data-bestselling="">
    <a href="../salsiccia-m-arci-al-mirto.html">
        <div style="background-image: url('../../cdn.spesati.com/images/products/missing-image/missing-image.jpg')">
            <div class="hover"></div>
            
            <div class="stickers"></div>
        </div>
    </a>
    <div>
        <h4><a href="../salsiccia-m-arci-al-mirto.html"><b>Salsiccia M Arci Al Mirto</b></a></h4>
        <p class="description">medium weight 0.500 Kg</p>
        <p class="right price"><b>11.63 €</b></p>
        <p class="right unitPrice">23.27 € per kg</p>
    </div>
    <div class="contButton">
    <a class="button bgRed white addToCart" href="#">Add</a>
</div>
</div><div class="left product prod63"
        data-name="Lardo Magro Alle Erbe Sv 1.5kg"
        data-price="25.86"
        data-id="24547"
        data-available="yes"
        data-category="4628"
        data-bestselling="">
    <a href="../lardo-magro-alle-erbe-sv-15kg.html">
        <div style="background-image: url('../../cdn.spesati.com/images/products/missing-image/missing-image.jpg')">
            <div class="hover"></div>
            
            <div class="stickers"></div>
        </div>
    </a>
    <div>
        <h4><a href="../lardo-magro-alle-erbe-sv-15kg.html"><b>Lardo Magro Alle Erbe Sv 1.5kg</b></a></h4>
        <p class="description">medium weight 1.500 Kg</p>
        <p class="right price"><b>25.86 €</b></p>
        <p class="right unitPrice">17.24 € per kg</p>
    </div>
    <div class="contButton">
    <a class="button bgRed white addToCart" href="#">Add</a>
</div>
</div><div class="left product prod64"
        data-name="Prosc Cotto Rosafino Giallo"
        data-price="110.34"
        data-id="24937"
        data-available="yes"
        data-category="4628"
        data-bestselling="">
    <a href="../prosc-cotto-rosafino-giallo.html">
        <div style="background-image: url('../../cdn.spesati.com/images/products/missing-image/missing-image.jpg')">
            <div class="hover"></div>
            
            <div class="stickers"></div>
        </div>
    </a>
    <div>
        <h4><a href="../prosc-cotto-rosafino-giallo.html"><b>Prosc Cotto Rosafino Giallo</b></a></h4>
        <p class="description">medium weight  8 Kg</p>
        <p class="right price"><b>110.34 €</b></p>
        <p class="right unitPrice">13.79 € per kg</p>
    </div>
    <div class="contButton">
    <a class="button bgRed white addToCart" href="#">Add</a>
</div>
</div><div class="left product prod65"
        data-name="Guanciale Stagionato Sv 1.5kg"
        data-price="18.04"
        data-id="24548"
        data-available="yes"
        data-category="4628"
        data-bestselling="">
    <a href="../guanciale-stagionato-sv-15kg.html">
        <div style="background-image: url('../../cdn.spesati.com/images/products/missing-image/missing-image.jpg')">
            <div class="hover"></div>
            
            <div class="stickers"></div>
        </div>
    </a>
    <div>
        <h4><a href="../guanciale-stagionato-sv-15kg.html"><b>Guanciale Stagionato Sv 1.5kg</b></a></h4>
        <p class="description">medium weight 1 Kg</p>
        <p class="right price"><b>18.04 €</b></p>
        <p class="right unitPrice">18.04 € per kg</p>
    </div>
    <div class="contButton">
    <a class="button bgRed white addToCart" href="#">Add</a>
</div>
</div><div class="left product prod66"
        data-name="Bacon Affumic. Affettato 500gr"
        data-price="12.07"
        data-id="24550"
        data-available="yes"
        data-category="4628"
        data-bestselling="">
    <a href="../bacon-affumic-affettato-500gr.html">
        <div style="background-image: url('../../cdn.spesati.com/images/products/missing-image/missing-image.jpg')">
            <div class="hover"></div>
            
            <div class="stickers"></div>
        </div>
    </a>
    <div>
        <h4><a href="../bacon-affumic-affettato-500gr.html"><b>Bacon Affumic. Affettato 500gr</b></a></h4>
        <p class="description">0.5 Kg</p>
        <p class="right price"><b>12.07 €</b></p>
        <p class="right unitPrice">24.13 € per kg</p>
    </div>
    <div class="contButton">
    <a class="button bgRed white addToCart" href="#">Add</a>
</div>
</div><div class="left product prod67"
        data-name="Prosc Crudo Norcia Igp S-o"
        data-price="329.00"
        data-id="24941"
        data-available="yes"
        data-category="4628"
        data-bestselling="">
    <a href="../prosc-crudo-norcia-igp-s-o.html">
        <div style="background-image: url('../../cdn.spesati.com/images/products/missing-image/missing-image.jpg')">
            <div class="hover"></div>
            
            <div class="stickers"></div>
        </div>
    </a>
    <div>
        <h4><a href="../prosc-crudo-norcia-igp-s-o.html"><b>Prosc Crudo Norcia Igp S-o</b></a></h4>
        <p class="description">10 Kg</p>
        <p class="right price"><b>329.00 €</b></p>
        <p class="right unitPrice">32.90 € per kg</p>
    </div>
    <div class="contButton">
    <a class="button bgRed white addToCart" href="#">Add</a>
</div>
</div><div class="left product prod68"
        data-name="Bacon Dolce Affettato 500gr"
        data-price="12.07"
        data-id="24551"
        data-available="yes"
        data-category="4628"
        data-bestselling="">
    <a href="../bacon-dolce-affettato-500gr.html">
        <div style="background-image: url('../../cdn.spesati.com/images/products/missing-image/missing-image.jpg')">
            <div class="hover"></div>
            
            <div class="stickers"></div>
        </div>
    </a>
    <div>
        <h4><a href="../bacon-dolce-affettato-500gr.html"><b>Bacon Dolce Affettato 500gr</b></a></h4>
        <p class="description">0.5 Kg</p>
        <p class="right price"><b>12.07 €</b></p>
        <p class="right unitPrice">24.13 € per kg</p>
    </div>
    <div class="contButton">
    <a class="button bgRed white addToCart" href="#">Add</a>
</div>
</div><div class="left product prod69"
        data-name="Pancetta Rustica S-v Belvi'"
        data-price="9.56"
        data-id="24942"
        data-available="yes"
        data-category="4628"
        data-bestselling="">
    <a href="../pancetta-rustica-s-v-belvi.html">
        <div style="background-image: url('../../cdn.spesati.com/images/products/missing-image/missing-image.jpg')">
            <div class="hover"></div>
            
            <div class="stickers"></div>
        </div>
    </a>
    <div>
        <h4><a href="../pancetta-rustica-s-v-belvi.html"><b>Pancetta Rustica S-v Belvi'</b></a></h4>
        <p class="description">medium weight 0.500 Kg</p>
        <p class="right price"><b>9.56 €</b></p>
        <p class="right unitPrice">19.12 € per kg</p>
    </div>
    <div class="contButton">
    <a class="button bgRed white addToCart" href="#">Add</a>
</div>
</div><div class="left product prod70"
        data-name="Prosciutto Cotto Alle Erbe 2kg"
        data-price="35.20"
        data-id="24558"
        data-available="yes"
        data-category="4628"
        data-bestselling="">
    <a href="../prosciutto-cotto-alle-erbe-2kg.html">
        <div style="background-image: url('../../cdn.spesati.com/images/products/missing-image/missing-image.jpg')">
            <div class="hover"></div>
            
            <div class="stickers"></div>
        </div>
    </a>
    <div>
        <h4><a href="../prosciutto-cotto-alle-erbe-2kg.html"><b>Prosciutto Cotto Alle Erbe 2kg</b></a></h4>
        <p class="description">2 Kg</p>
        <p class="right price"><b>35.20 €</b></p>
        <p class="right unitPrice">17.60 € per kg</p>
    </div>
    <div class="contButton">
    <a class="button bgRed white addToCart" href="#">Add</a>
</div>
</div><div class="left product prod71"
        data-name="Prosciutto Cotto C-tartufo 2kg"
        data-price="35.20"
        data-id="24559"
        data-available="yes"
        data-category="4628"
        data-bestselling="">
    <a href="../prosciutto-cotto-c-tartufo-2kg.html">
        <div style="background-image: url('../../cdn.spesati.com/images/products/missing-image/missing-image.jpg')">
            <div class="hover"></div>
            
            <div class="stickers"></div>
        </div>
    </a>
    <div>
        <h4><a href="../prosciutto-cotto-c-tartufo-2kg.html"><b>Prosciutto Cotto C-tartufo 2kg</b></a></h4>
        <p class="description">2 Kg</p>
        <p class="right price"><b>35.20 €</b></p>
        <p class="right unitPrice">17.60 € per kg</p>
    </div>
    <div class="contButton">
    <a class="button bgRed white addToCart" href="#">Add</a>
</div>
</div><div class="left product prod72"
        data-name="Pancetta Stufata Bacon 1-2 Sv"
        data-price="50.70"
        data-id="24944"
        data-available="yes"
        data-category="4628"
        data-bestselling="">
    <a href="../pancetta-stufata-bacon-1-2-sv.html">
        <div style="background-image: url('../../cdn.spesati.com/images/products/missing-image/missing-image.jpg')">
            <div class="hover"></div>
            
            <div class="stickers"></div>
        </div>
    </a>
    <div>
        <h4><a href="../pancetta-stufata-bacon-1-2-sv.html"><b>Pancetta Stufata Bacon 1-2 Sv</b></a></h4>
        <p class="description">medium weight  3.000 Kg</p>
        <p class="right price"><b>50.70 €</b></p>
        <p class="right unitPrice">16.90 € per kg</p>
    </div>
    <div class="contButton">
    <a class="button bgRed white addToCart" href="#">Add</a>
</div>
</div><div class="left product prod73"
        data-name="Prosciutto Cotto Mini Praga Sv"
        data-price="29.47"
        data-id="24962"
        data-available="yes"
        data-category="4628"
        data-bestselling="">
    <a href="../prosciutto-cotto-mini-praga-sv.html">
        <div style="background-image: url('../../cdn.spesati.com/images/products/missing-image/missing-image.jpg')">
            <div class="hover"></div>
            
            <div class="stickers"></div>
        </div>
    </a>
    <div>
        <h4><a href="../prosciutto-cotto-mini-praga-sv.html"><b>Prosciutto Cotto Mini Praga Sv</b></a></h4>
        <p class="description">2 Kg</p>
        <p class="right price"><b>29.47 €</b></p>
        <p class="right unitPrice">14.73 € per kg</p>
    </div>
    <div class="contButton">
    <a class="button bgRed white addToCart" href="#">Add</a>
</div>
</div><div class="left product prod74"
        data-name="Mortad Segata Bondolina 1kg"
        data-price="10.05"
        data-id="24973"
        data-available="yes"
        data-category="4628"
        data-bestselling="">
    <a href="../mortad-segata-bondolina-1kg.html">
        <div style="background-image: url('../../cdn.spesati.com/images/products/missing-image/missing-image.jpg')">
            <div class="hover"></div>
            
            <div class="stickers"></div>
        </div>
    </a>
    <div>
        <h4><a href="../mortad-segata-bondolina-1kg.html"><b>Mortad Segata Bondolina 1kg</b></a></h4>
        <p class="description">medium weight 1 Kg</p>
        <p class="right price"><b>10.05 €</b></p>
        <p class="right unitPrice">10.05 € per kg</p>
    </div>
    <div class="contButton">
    <a class="button bgRed white addToCart" href="#">Add</a>
</div>
</div><div class="left product prod75"
        data-name="Prosc Crudo Fonni S-osso"
        data-price="194.35"
        data-id="24998"
        data-available="yes"
        data-category="4628"
        data-bestselling="">
    <a href="../prosc-crudo-fonni-s-osso.html">
        <div style="background-image: url('../../cdn.spesati.com/images/products/missing-image/missing-image.jpg')">
            <div class="hover"></div>
            
            <div class="stickers"></div>
        </div>
    </a>
    <div>
        <h4><a href="../prosc-crudo-fonni-s-osso.html"><b>Prosc Crudo Fonni S-osso</b></a></h4>
        <p class="description">medium weight  6.5 Kg</p>
        <p class="right price"><b>194.35 €</b></p>
        <p class="right unitPrice">29.90 € per kg</p>
    </div>
    <div class="contButton">
    <a class="button bgRed white addToCart" href="#">Add</a>
</div>
</div><div class="left product prod76"
        data-name="Prosc Cotto Coati Misterbar"
        data-price="38.40"
        data-id="24765"
        data-available="yes"
        data-category="4628"
        data-bestselling="">
    <a href="../prosc-cotto-coati-misterbar.html">
        <div style="background-image: url('../../cdn.spesati.com/images/products/missing-image/missing-image.jpg')">
            <div class="hover"></div>
            
            <div class="stickers"></div>
        </div>
    </a>
    <div>
        <h4><a href="../prosc-cotto-coati-misterbar.html"><b>Prosc Cotto Coati Misterbar</b></a></h4>
        <p class="description">medium weight  3.500 Kg</p>
        <p class="right price"><b>38.40 €</b></p>
        <p class="right unitPrice">10.97 € per kg</p>
    </div>
    <div class="contButton">
    <a class="button bgRed white addToCart" href="#">Add</a>
</div>
</div><div class="left product prod77"
        data-name="Prosc Crudo C-o Villagrande"
        data-price="21.95"
        data-id="24999"
        data-available="yes"
        data-category="4628"
        data-bestselling="">
    <a href="../prosc-crudo-c-o-villagrande.html">
        <div style="background-image: url('../../cdn.spesati.com/images/products/missing-image/missing-image.jpg')">
            <div class="hover"></div>
            
            <div class="stickers"></div>
        </div>
    </a>
    <div>
        <h4><a href="../prosc-crudo-c-o-villagrande.html"><b>Prosc Crudo C-o Villagrande</b></a></h4>
        <p class="description">medium weight 0.500 Kg</p>
        <p class="right price"><b>21.95 €</b></p>
        <p class="right unitPrice">43.90 € per kg</p>
    </div>
    <div class="contButton">
    <a class="button bgRed white addToCart" href="#">Add</a>
</div>
</div><div class="left product prod78"
        data-name="Prosc Serrano Mattonella Sv"
        data-price="51.72"
        data-id="24766"
        data-available="yes"
        data-category="4628"
        data-bestselling="">
    <a href="../prosc-serrano-mattonella-sv.html">
        <div style="background-image: url('../../cdn.spesati.com/images/products/missing-image/missing-image.jpg')">
            <div class="hover"></div>
            
            <div class="stickers"></div>
        </div>
    </a>
    <div>
        <h4><a href="../prosc-serrano-mattonella-sv.html"><b>Prosc Serrano Mattonella Sv</b></a></h4>
        <p class="description">medium weight  2.200 Kg</p>
        <p class="right price"><b>51.72 €</b></p>
        <p class="right unitPrice">23.51 € per kg</p>
    </div>
    <div class="contButton">
    <a class="button bgRed white addToCart" href="#">Add</a>
</div>
</div><div class="left product prod79"
        data-name="Salsiccia Monte Arci Del Contadino"
        data-price="48.18"
        data-id="24780"
        data-available="yes"
        data-category="4628"
        data-bestselling="">
    <a href="../salsiccia-monte-arci-del-contadino.html">
        <div style="background-image: url('../../cdn.spesati.com/images/products/missing-image/missing-image.jpg')">
            <div class="hover"></div>
            
            <div class="stickers"></div>
        </div>
    </a>
    <div>
        <h4><a href="../salsiccia-monte-arci-del-contadino.html"><b>Salsiccia Monte Arci Del Contadino</b></a></h4>
        <p class="description">medium weight  2.2 Kg</p>
        <p class="right price"><b>48.18 €</b></p>
        <p class="right unitPrice">21.90 € per kg</p>
    </div>
    <div class="contButton">
    <a class="button bgRed white addToCart" href="#">Add</a>
</div>
</div><div class="left product prod80"
        data-name="Testa In Cassetta M Arci Meta'"
        data-price="26.79"
        data-id="24781"
        data-available="yes"
        data-category="4628"
        data-bestselling="">
    <a href="../testa-in-cassetta-m-arci-meta.html">
        <div style="background-image: url('../../cdn.spesati.com/images/products/missing-image/missing-image.jpg')">
            <div class="hover"></div>
            
            <div class="stickers"></div>
        </div>
    </a>
    <div>
        <h4><a href="../testa-in-cassetta-m-arci-meta.html"><b>Testa In Cassetta M Arci Meta'</b></a></h4>
        <p class="description">medium weight 1.685 Kg</p>
        <p class="right price"><b>26.79 €</b></p>
        <p class="right unitPrice">15.91 € per kg</p>
    </div>
    <div class="contButton">
    <a class="button bgRed white addToCart" href="#">Add</a>
</div>
</div><div class="left product prod81"
        data-name="Guanciale M Arci Campagnolo"
        data-price="9.45"
        data-id="24782"
        data-available="yes"
        data-category="4628"
        data-bestselling="">
    <a href="../guanciale-m-arci-campagnolo.html">
        <div style="background-image: url('../../cdn.spesati.com/images/products/missing-image/missing-image.jpg')">
            <div class="hover"></div>
            
            <div class="stickers"></div>
        </div>
    </a>
    <div>
        <h4><a href="../guanciale-m-arci-campagnolo.html"><b>Guanciale M Arci Campagnolo</b></a></h4>
        <p class="description">medium weight 0.500 Kg</p>
        <p class="right price"><b>9.45 €</b></p>
        <p class="right unitPrice">18.90 € per kg</p>
    </div>
    <div class="contButton">
    <a class="button bgRed white addToCart" href="#">Add</a>
</div>
</div><div class="left product prod82"
        data-name="Mortadella Fiorucci Suprem S-p"
        data-price="304.21"
        data-id="25011"
        data-available="yes"
        data-category="4628"
        data-bestselling="">
    <a href="../mortadella-fiorucci-suprem-s-p.html">
        <div style="background-image: url('../../cdn.spesati.com/images/products/missing-image/missing-image.jpg')">
            <div class="hover"></div>
            
            <div class="stickers"></div>
        </div>
    </a>
    <div>
        <h4><a href="../mortadella-fiorucci-suprem-s-p.html"><b>Mortadella Fiorucci Suprem S-p</b></a></h4>
        <p class="description">1 Kg</p>
        <p class="right price"><b>304.21 €</b></p>
        <p class="right unitPrice">16.90 € per kg</p>
    </div>
    <div class="contButton">
    <a class="button bgRed white addToCart" href="#">Add</a>
</div>
</div><div class="left product prod83"
        data-name="Lonza M Arci Campagnola Meta'"
        data-price="13.95"
        data-id="24784"
        data-available="yes"
        data-category="4628"
        data-bestselling="">
    <a href="../lonza-m-arci-campagnola-meta.html">
        <div style="background-image: url('../../cdn.spesati.com/images/products/missing-image/missing-image.jpg')">
            <div class="hover"></div>
            
            <div class="stickers"></div>
        </div>
    </a>
    <div>
        <h4><a href="../lonza-m-arci-campagnola-meta.html"><b>Lonza M Arci Campagnola Meta'</b></a></h4>
        <p class="description">medium weight 0.500 Kg</p>
        <p class="right price"><b>13.95 €</b></p>
        <p class="right unitPrice">27.90 € per kg</p>
    </div>
    <div class="contButton">
    <a class="button bgRed white addToCart" href="#">Add</a>
</div>
</div><div class="left product prod84"
        data-name="Fiorucci Guanciale Amatriciana"
        data-price="69.96"
        data-id="25012"
        data-available="yes"
        data-category="4628"
        data-bestselling="">
    <a href="../fiorucci-guanciale-amatriciana.html">
        <div style="background-image: url('../../cdn.spesati.com/images/products/missing-image/missing-image.jpg')">
            <div class="hover"></div>
            
            <div class="stickers"></div>
        </div>
    </a>
    <div>
        <h4><a href="../fiorucci-guanciale-amatriciana.html"><b>Fiorucci Guanciale Amatriciana</b></a></h4>
        <p class="description">medium weight  4.400 Kg</p>
        <p class="right price"><b>69.96 €</b></p>
        <p class="right unitPrice">15.91 € per kg</p>
    </div>
    <div class="contButton">
    <a class="button bgRed white addToCart" href="#">Add</a>
</div>
</div><div class="left product prod85"
        data-name="Pros Crudo M Arci Stag Pepato"
        data-price="14.45"
        data-id="24785"
        data-available="yes"
        data-category="4628"
        data-bestselling="">
    <a href="../pros-crudo-m-arci-stag-pepato.html">
        <div style="background-image: url('../../cdn.spesati.com/images/products/missing-image/missing-image.jpg')">
            <div class="hover"></div>
            
            <div class="stickers"></div>
        </div>
    </a>
    <div>
        <h4><a href="../pros-crudo-m-arci-stag-pepato.html"><b>Pros Crudo M Arci Stag Pepato</b></a></h4>
        <p class="description">medium weight 0.500 Kg</p>
        <p class="right price"><b>14.45 €</b></p>
        <p class="right unitPrice">28.90 € per kg</p>
    </div>
    <div class="contButton">
    <a class="button bgRed white addToCart" href="#">Add</a>
</div>
</div><div class="left product prod86"
        data-name="Prosc Crudo Fatt Genn Pepato"
        data-price="129.35"
        data-id="24839"
        data-available="yes"
        data-category="4628"
        data-bestselling="">
    <a href="../prosc-crudo-fatt-genn-pepato.html">
        <div style="background-image: url('../../cdn.spesati.com/images/products/missing-image/missing-image.jpg')">
            <div class="hover"></div>
            
            <div class="stickers"></div>
        </div>
    </a>
    <div>
        <h4><a href="../prosc-crudo-fatt-genn-pepato.html"><b>Prosc Crudo Fatt Genn Pepato</b></a></h4>
        <p class="description">medium weight  6.5 Kg</p>
        <p class="right price"><b>129.35 €</b></p>
        <p class="right unitPrice">19.90 € per kg</p>
    </div>
    <div class="contButton">
    <a class="button bgRed white addToCart" href="#">Add</a>
</div>
</div><div class="left product prod87"
        data-name="Salsicc Bressani T-sarda S-v"
        data-price="6.32"
        data-id="25018"
        data-available="yes"
        data-category="4628"
        data-bestselling="">
    <a href="../salsicc-bressani-t-sarda-s-v.html">
        <div style="background-image: url('../../cdn.spesati.com/images/products/missing-image/missing-image.jpg')">
            <div class="hover"></div>
            
            <div class="stickers"></div>
        </div>
    </a>
    <div>
        <h4><a href="../salsicc-bressani-t-sarda-s-v.html"><b>Salsicc Bressani T-sarda S-v</b></a></h4>
        <p class="description">medium weight 0.500 Kg</p>
        <p class="right price"><b>6.32 €</b></p>
        <p class="right unitPrice">12.65 € per kg</p>
    </div>
    <div class="contButton">
    <a class="button bgRed white addToCart" href="#">Add</a>
</div>
</div><div class="left product prod88"
        data-name="Pancetta Coati Cubett Aff 500g"
        data-price="7.84"
        data-id="24845"
        data-available="yes"
        data-category="4628"
        data-bestselling="">
    <a href="../pancetta-coati-cubett-aff-500g.html">
        <div style="background-image: url('../../cdn.spesati.com/images/products/missing-image/missing-image.jpg')">
            <div class="hover"></div>
            
            <div class="stickers"></div>
        </div>
    </a>
    <div>
        <h4><a href="../pancetta-coati-cubett-aff-500g.html"><b>Pancetta Coati Cubett Aff 500g</b></a></h4>
        <p class="description">0.5 Kg</p>
        <p class="right price"><b>7.84 €</b></p>
        <p class="right unitPrice">15.68 € per kg</p>
    </div>
    <div class="contButton">
    <a class="button bgRed white addToCart" href="#">Add</a>
</div>
</div><div class="left product prod89"
        data-name="Prosc Crudo Fette 500gr"
        data-price="15.22"
        data-id="25031"
        data-available="yes"
        data-category="4628"
        data-bestselling="">
    <a href="../prosc-crudo-fette-500gr.html">
        <div style="background-image: url('../../cdn.spesati.com/images/products/missing-image/missing-image.jpg')">
            <div class="hover"></div>
            
            <div class="stickers"></div>
        </div>
    </a>
    <div>
        <h4><a href="../prosc-crudo-fette-500gr.html"><b>Prosc Crudo Fette 500gr</b></a></h4>
        <p class="description">0.5 Kg</p>
        <p class="right price"><b>15.22 €</b></p>
        <p class="right unitPrice">30.44 € per kg</p>
    </div>
    <div class="contButton">
    <a class="button bgRed white addToCart" href="#">Add</a>
</div>
</div><div class="left product prod90"
        data-name="Speck Fette 300gr"
        data-price="10.06"
        data-id="25033"
        data-available="yes"
        data-category="4628"
        data-bestselling="">
    <a href="../speck-fette-300gr.html">
        <div style="background-image: url('../../cdn.spesati.com/images/products/missing-image/missing-image.jpg')">
            <div class="hover"></div>
            
            <div class="stickers"></div>
        </div>
    </a>
    <div>
        <h4><a href="../speck-fette-300gr.html"><b>Speck Fette 300gr</b></a></h4>
        <p class="description">0.3 Kg</p>
        <p class="right price"><b>10.06 €</b></p>
        <p class="right unitPrice">33.55 € per kg</p>
    </div>
    <div class="contButton">
    <a class="button bgRed white addToCart" href="#">Add</a>
</div>
</div><div class="left product prod91"
        data-name="Prosc Cotto Rosaf Verde 1-2"
        data-price="67.08"
        data-id="24854"
        data-available="yes"
        data-category="4628"
        data-bestselling="">
    <a href="../prosc-cotto-rosaf-verde-1-2.html">
        <div style="background-image: url('../../cdn.spesati.com/images/products/missing-image/missing-image.jpg')">
            <div class="hover"></div>
            
            <div class="stickers"></div>
        </div>
    </a>
    <div>
        <h4><a href="../prosc-cotto-rosaf-verde-1-2.html"><b>Prosc Cotto Rosaf Verde 1-2</b></a></h4>
        <p class="description">medium weight  4.000 Kg</p>
        <p class="right price"><b>67.08 €</b></p>
        <p class="right unitPrice">16.78 € per kg</p>
    </div>
    <div class="contButton">
    <a class="button bgRed white addToCart" href="#">Add</a>
</div>
</div><div class="left product prod92"
        data-name="Lonza M Arci Campagnola Tranci"
        data-price="9.27"
        data-id="25106"
        data-available="yes"
        data-category="4628"
        data-bestselling="">
    <a href="../lonza-m-arci-campagnola-tranci.html">
        <div style="background-image: url('../../cdn.spesati.com/images/products/missing-image/missing-image.jpg')">
            <div class="hover"></div>
            
            <div class="stickers"></div>
        </div>
    </a>
    <div>
        <h4><a href="../lonza-m-arci-campagnola-tranci.html"><b>Lonza M Arci Campagnola Tranci</b></a></h4>
        <p class="description">medium weight 0.300 Kg</p>
        <p class="right price"><b>9.27 €</b></p>
        <p class="right unitPrice">30.90 € per kg</p>
    </div>
    <div class="contButton">
    <a class="button bgRed white addToCart" href="#">Add</a>
</div>
</div><div class="left product prod93"
        data-name="Lardo Teso M Arci Dolce Tranci"
        data-price="7.96"
        data-id="25109"
        data-available="yes"
        data-category="4628"
        data-bestselling="">
    <a href="../lardo-teso-m-arci-dolce-tranci.html">
        <div style="background-image: url('../../cdn.spesati.com/images/products/missing-image/missing-image.jpg')">
            <div class="hover"></div>
            
            <div class="stickers"></div>
        </div>
    </a>
    <div>
        <h4><a href="../lardo-teso-m-arci-dolce-tranci.html"><b>Lardo Teso M Arci Dolce Tranci</b></a></h4>
        <p class="description">medium weight 0.400 Kg</p>
        <p class="right price"><b>7.96 €</b></p>
        <p class="right unitPrice">19.90 € per kg</p>
    </div>
    <div class="contButton">
    <a class="button bgRed white addToCart" href="#">Add</a>
</div>
</div><div class="left product prod94"
        data-name="Guanciale M Arci Campag Tranci"
        data-price="7.96"
        data-id="25110"
        data-available="yes"
        data-category="4628"
        data-bestselling="">
    <a href="../guanciale-m-arci-campag-tranci.html">
        <div style="background-image: url('../../cdn.spesati.com/images/products/missing-image/missing-image.jpg')">
            <div class="hover"></div>
            
            <div class="stickers"></div>
        </div>
    </a>
    <div>
        <h4><a href="../guanciale-m-arci-campag-tranci.html"><b>Guanciale M Arci Campag Tranci</b></a></h4>
        <p class="description">medium weight 0.400 Kg</p>
        <p class="right price"><b>7.96 €</b></p>
        <p class="right unitPrice">19.90 € per kg</p>
    </div>
    <div class="contButton">
    <a class="button bgRed white addToCart" href="#">Add</a>
</div>
</div><div class="left product prod95"
        data-name="Mustela Villagrande Sarda Sv"
        data-price="31.67"
        data-id="25113"
        data-available="yes"
        data-category="4628"
        data-bestselling="">
    <a href="../mustela-villagrande-sarda-sv.html">
        <div style="background-image: url('../../cdn.spesati.com/images/products/missing-image/missing-image.jpg')">
            <div class="hover"></div>
            
            <div class="stickers"></div>
        </div>
    </a>
    <div>
        <h4><a href="../mustela-villagrande-sarda-sv.html"><b>Mustela Villagrande Sarda Sv</b></a></h4>
        <p class="description">medium weight 1 Kg</p>
        <p class="right price"><b>31.67 €</b></p>
        <p class="right unitPrice">31.67 € per kg</p>
    </div>
    <div class="contButton">
    <a class="button bgRed white addToCart" href="#">Add</a>
</div>
</div><div class="left product prod96"
        data-name="Prosc Crudo S Daniele S-o 14m"
        data-price="293.16"
        data-id="24872"
        data-available="yes"
        data-category="4628"
        data-bestselling="">
    <a href="../prosc-crudo-s-daniele-s-o-14m.html">
        <div style="background-image: url('../../cdn.spesati.com/images/products/missing-image/missing-image.jpg')">
            <div class="hover"></div>
            
            <div class="stickers"></div>
        </div>
    </a>
    <div>
        <h4><a href="../prosc-crudo-s-daniele-s-o-14m.html"><b>Prosc Crudo S Daniele S-o 14m</b></a></h4>
        <p class="description">medium weight  8.5 Kg</p>
        <p class="right price"><b>293.16 €</b></p>
        <p class="right unitPrice">34.90 € per kg</p>
    </div>
    <div class="contButton">
    <a class="button bgRed white addToCart" href="#">Add</a>
</div>
</div><div class="left product prod97"
        data-name="Guanciale Fatt Genn 100gr"
        data-price="3.49"
        data-id="25117"
        data-available="yes"
        data-category="4628"
        data-bestselling="">
    <a href="../guanciale-fatt-genn-100gr.html">
        <div style="background-image: url('../../cdn.spesati.com/images/products/missing-image/missing-image.jpg')">
            <div class="hover"></div>
            
            <div class="stickers"></div>
        </div>
    </a>
    <div>
        <h4><a href="../guanciale-fatt-genn-100gr.html"><b>Guanciale Fatt Genn 100gr</b></a></h4>
        <p class="description">0.1 Kg</p>
        <p class="right price"><b>3.49 €</b></p>
        <p class="right unitPrice">34.90 € per kg</p>
    </div>
    <div class="contButton">
    <a class="button bgRed white addToCart" href="#">Add</a>
</div>
</div><div class="left product prod98"
        data-name="Mustela Fatt Genn 100gr"
        data-price="3.79"
        data-id="25119"
        data-available="yes"
        data-category="4628"
        data-bestselling="">
    <a href="../mustela-fatt-genn-100gr.html">
        <div style="background-image: url('../../cdn.spesati.com/images/products/missing-image/missing-image.jpg')">
            <div class="hover"></div>
            
            <div class="stickers"></div>
        </div>
    </a>
    <div>
        <h4><a href="../mustela-fatt-genn-100gr.html"><b>Mustela Fatt Genn 100gr</b></a></h4>
        <p class="description">0.1 Kg</p>
        <p class="right price"><b>3.79 €</b></p>
        <p class="right unitPrice">37.90 € per kg</p>
    </div>
    <div class="contButton">
    <a class="button bgRed white addToCart" href="#">Add</a>
</div>
</div><div class="left product prod99"
        data-name="Salame Fatt Genn 100gr"
        data-price="3.29"
        data-id="25120"
        data-available="yes"
        data-category="4628"
        data-bestselling="">
    <a href="../salame-fatt-genn-100gr.html">
        <div style="background-image: url('../../cdn.spesati.com/images/products/missing-image/missing-image.jpg')">
            <div class="hover"></div>
            
            <div class="stickers"></div>
        </div>
    </a>
    <div>
        <h4><a href="../salame-fatt-genn-100gr.html"><b>Salame Fatt Genn 100gr</b></a></h4>
        <p class="description">0.1 Kg</p>
        <p class="right price"><b>3.29 €</b></p>
        <p class="right unitPrice">32.90 € per kg</p>
    </div>
    <div class="contButton">
    <a class="button bgRed white addToCart" href="#">Add</a>
</div>
</div><div class="left product prod100"
        data-name="Salame Galbani Tre Torri"
        data-price="378.99"
        data-id="33938"
        data-available="yes"
        data-category="4628"
        data-bestselling="">
    <a href="../salame-galbani-tre-torri.html">
        <div style="background-image: url('../../cdn.spesati.com/images/products/missing-image/missing-image.jpg')">
            <div class="hover"></div>
            
            <div class="stickers"></div>
        </div>
    </a>
    <div>
        <h4><a href="../salame-galbani-tre-torri.html"><b>Salame Galbani Tre Torri</b></a></h4>
        <p class="description">1 Kg</p>
        <p class="right price"><b>378.99 €</b></p>
        <p class="right unitPrice">22.90 € per kg</p>
    </div>
    <div class="contButton">
    <a class="button bgRed white addToCart" href="#">Add</a>
</div>
</div><div class="left product prod101"
        data-name="Salame Galbani Rustico 1kg"
        data-price="24.90"
        data-id="33939"
        data-available="yes"
        data-category="4628"
        data-bestselling="">
    <a href="../salame-galbani-rustico-1kg.html">
        <div style="background-image: url('../../cdn.spesati.com/images/products/missing-image/missing-image.jpg')">
            <div class="hover"></div>
            
            <div class="stickers"></div>
        </div>
    </a>
    <div>
        <h4><a href="../salame-galbani-rustico-1kg.html"><b>Salame Galbani Rustico 1kg</b></a></h4>
        <p class="description">medium weight 1 Kg</p>
        <p class="right price"><b>24.90 €</b></p>
        <p class="right unitPrice">24.90 € per kg</p>
    </div>
    <div class="contButton">
    <a class="button bgRed white addToCart" href="#">Add</a>
</div>
</div><div class="left product prod102"
        data-name="Salame Galbani Galbanetto"
        data-price="102.82"
        data-id="33940"
        data-available="yes"
        data-category="4628"
        data-bestselling="">
    <a href="../salame-galbani-galbanetto.html">
        <div style="background-image: url('../../cdn.spesati.com/images/products/missing-image/missing-image.jpg')">
            <div class="hover"></div>
            
            <div class="stickers"></div>
        </div>
    </a>
    <div>
        <h4><a href="../salame-galbani-galbanetto.html"><b>Salame Galbani Galbanetto</b></a></h4>
        <p class="description">1 Kg</p>
        <p class="right price"><b>102.82 €</b></p>
        <p class="right unitPrice">26.50 € per kg</p>
    </div>
    <div class="contButton">
    <a class="button bgRed white addToCart" href="#">Add</a>
</div>
</div><div class="left product prod103"
        data-name="Mortadella Galbani August C-p"
        data-price="248.84"
        data-id="33941"
        data-available="yes"
        data-category="4628"
        data-bestselling="">
    <a href="../mortadella-galbani-august-c-p.html">
        <div style="background-image: url('../../cdn.spesati.com/images/products/missing-image/missing-image.jpg')">
            <div class="hover"></div>
            
            <div class="stickers"></div>
        </div>
    </a>
    <div>
        <h4><a href="../mortadella-galbani-august-c-p.html"><b>Mortadella Galbani August C-p</b></a></h4>
        <p class="description">1 Kg</p>
        <p class="right price"><b>248.84 €</b></p>
        <p class="right unitPrice">15.91 € per kg</p>
    </div>
    <div class="contButton">
    <a class="button bgRed white addToCart" href="#">Add</a>
</div>
</div><div class="left product prod104"
        data-name="Prosc Cotto Galbani Fetta Gol"
        data-price="366.82"
        data-id="33942"
        data-available="yes"
        data-category="4628"
        data-bestselling="">
    <a href="../prosc-cotto-galbani-fetta-gol.html">
        <div style="background-image: url('../../cdn.spesati.com/images/products/missing-image/missing-image.jpg')">
            <div class="hover"></div>
            
            <div class="stickers"></div>
        </div>
    </a>
    <div>
        <h4><a href="../prosc-cotto-galbani-fetta-gol.html"><b>Prosc Cotto Galbani Fetta Gol</b></a></h4>
        <p class="description">1 Kg</p>
        <p class="right price"><b>366.82 €</b></p>
        <p class="right unitPrice">21.90 € per kg</p>
    </div>
    <div class="contButton">
    <a class="button bgRed white addToCart" href="#">Add</a>
</div>
</div><div class="left product prod105"
        data-name="Coppa Parma Meta'pelata 800gr"
        data-price="20.77"
        data-id="34779"
        data-available="yes"
        data-category="4628"
        data-bestselling="">
    <a href="../coppa-parma-metapelata-800gr.html">
        <div style="background-image: url('../../cdn.spesati.com/images/products/missing-image/missing-image.jpg')">
            <div class="hover"></div>
            
            <div class="stickers"></div>
        </div>
    </a>
    <div>
        <h4><a href="../coppa-parma-metapelata-800gr.html"><b>Coppa Parma Meta'pelata 800gr</b></a></h4>
        <p class="description">medium weight 0.800 Kg</p>
        <p class="right price"><b>20.77 €</b></p>
        <p class="right unitPrice">25.96 € per kg</p>
    </div>
    <div class="contButton">
    <a class="button bgRed white addToCart" href="#">Add</a>
</div>
</div><div class="left product prod106"
        data-name="Pancetta Coati Affum 1-2 S-v"
        data-price="25.86"
        data-id="24887"
        data-available="yes"
        data-category="4628"
        data-bestselling="">
    <a href="../pancetta-coati-affum-1-2-s-v.html">
        <div style="background-image: url('../../cdn.spesati.com/images/products/missing-image/missing-image.jpg')">
            <div class="hover"></div>
            
            <div class="stickers"></div>
        </div>
    </a>
    <div>
        <h4><a href="../pancetta-coati-affum-1-2-s-v.html"><b>Pancetta Coati Affum 1-2 S-v</b></a></h4>
        <p class="description">medium weight 1.500 Kg</p>
        <p class="right price"><b>25.86 €</b></p>
        <p class="right unitPrice">17.24 € per kg</p>
    </div>
    <div class="contButton">
    <a class="button bgRed white addToCart" href="#">Add</a>
</div>
</div><div class="left product prod107"
        data-name="Prosc Cr Stag S-o Addobbo"
        data-price="343.50"
        data-id="34786"
        data-available="yes"
        data-category="4628"
        data-bestselling="">
    <a href="../prosc-cr-stag-s-o-addobbo.html">
        <div style="background-image: url('../../cdn.spesati.com/images/products/missing-image/missing-image.jpg')">
            <div class="hover"></div>
            
            <div class="stickers"></div>
        </div>
    </a>
    <div>
        <h4><a href="../prosc-cr-stag-s-o-addobbo.html"><b>Prosc Cr Stag S-o Addobbo</b></a></h4>
        <p class="description">1 Kg</p>
        <p class="right price"><b>343.50 €</b></p>
        <p class="right unitPrice">22.90 € per kg</p>
    </div>
    <div class="contButton">
    <a class="button bgRed white addToCart" href="#">Add</a>
</div>
</div><div class="left product prod108"
        data-name="Prosc Crudo Estero Addob S-oss"
        data-price="129.35"
        data-id="34789"
        data-available="yes"
        data-category="4628"
        data-bestselling="">
    <a href="../prosc-crudo-estero-addob-s-oss.html">
        <div style="background-image: url('../../cdn.spesati.com/images/products/missing-image/missing-image.jpg')">
            <div class="hover"></div>
            
            <div class="stickers"></div>
        </div>
    </a>
    <div>
        <h4><a href="../prosc-crudo-estero-addob-s-oss.html"><b>Prosc Crudo Estero Addob S-oss</b></a></h4>
        <p class="description">medium weight  6.5 Kg</p>
        <p class="right price"><b>129.35 €</b></p>
        <p class="right unitPrice">19.90 € per kg</p>
    </div>
    <div class="contButton">
    <a class="button bgRed white addToCart" href="#">Add</a>
</div>
</div><div class="left product prod109"
        data-name="Prosc Crudo Parma S-o 18m"
        data-price="262.79"
        data-id="34790"
        data-available="yes"
        data-category="4628"
        data-bestselling="">
    <a href="../prosc-crudo-parma-s-o-18m.html">
        <div style="background-image: url('../../cdn.spesati.com/images/products/missing-image/missing-image.jpg')">
            <div class="hover"></div>
            
            <div class="stickers"></div>
        </div>
    </a>
    <div>
        <h4><a href="../prosc-crudo-parma-s-o-18m.html"><b>Prosc Crudo Parma S-o 18m</b></a></h4>
        <p class="description">1 Kg</p>
        <p class="right price"><b>262.79 €</b></p>
        <p class="right unitPrice">34.90 € per kg</p>
    </div>
    <div class="contButton">
    <a class="button bgRed white addToCart" href="#">Add</a>
</div>
</div><div class="left product prod110"
        data-name="Prosc Crudo Parma S-o 16m"
        data-price="279.20"
        data-id="34797"
        data-available="yes"
        data-category="4628"
        data-bestselling="">
    <a href="../prosc-crudo-parma-s-o-16m.html">
        <div style="background-image: url('../../cdn.spesati.com/images/products/missing-image/missing-image.jpg')">
            <div class="hover"></div>
            
            <div class="stickers"></div>
        </div>
    </a>
    <div>
        <h4><a href="../prosc-crudo-parma-s-o-16m.html"><b>Prosc Crudo Parma S-o 16m</b></a></h4>
        <p class="description">medium weight  8 Kg</p>
        <p class="right price"><b>279.20 €</b></p>
        <p class="right unitPrice">34.90 € per kg</p>
    </div>
    <div class="contButton">
    <a class="button bgRed white addToCart" href="#">Add</a>
</div>
</div><div class="left product prod111"
        data-name="Salame Sardo Irgoli Grana Gros"
        data-price="139.30"
        data-id="24893"
        data-available="yes"
        data-category="4628"
        data-bestselling="">
    <a href="../salame-sardo-irgoli-grana-gros.html">
        <div style="background-image: url('../../cdn.spesati.com/images/products/missing-image/missing-image.jpg')">
            <div class="hover"></div>
            
            <div class="stickers"></div>
        </div>
    </a>
    <div>
        <h4><a href="../salame-sardo-irgoli-grana-gros.html"><b>Salame Sardo Irgoli Grana Gros</b></a></h4>
        <p class="description">medium weight  7 Kg</p>
        <p class="right price"><b>139.30 €</b></p>
        <p class="right unitPrice">19.90 € per kg</p>
    </div>
    <div class="contButton">
    <a class="button bgRed white addToCart" href="#">Add</a>
</div>
</div><div class="left product prod112"
        data-name="Prosc Crudo Parma C-o 16m"
        data-price="1,099.34"
        data-id="34798"
        data-available="yes"
        data-category="4628"
        data-bestselling="">
    <a href="../prosc-crudo-parma-c-o-16m.html">
        <div style="background-image: url('../../cdn.spesati.com/images/products/missing-image/missing-image.jpg')">
            <div class="hover"></div>
            
            <div class="stickers"></div>
        </div>
    </a>
    <div>
        <h4><a href="../prosc-crudo-parma-c-o-16m.html"><b>Prosc Crudo Parma C-o 16m</b></a></h4>
        <p class="description">1 Kg</p>
        <p class="right price"><b>1,099.34 €</b></p>
        <p class="right unitPrice">34.90 € per kg</p>
    </div>
    <div class="contButton">
    <a class="button bgRed white addToCart" href="#">Add</a>
</div>
</div><div class="left product prod113"
        data-name="Prosc Crudo Estero Pres S-osso"
        data-price="110.45"
        data-id="34799"
        data-available="yes"
        data-category="4628"
        data-bestselling="">
    <a href="../prosc-crudo-estero-pres-s-osso.html">
        <div style="background-image: url('../../cdn.spesati.com/images/products/missing-image/missing-image.jpg')">
            <div class="hover"></div>
            
            <div class="stickers"></div>
        </div>
    </a>
    <div>
        <h4><a href="../prosc-crudo-estero-pres-s-osso.html"><b>Prosc Crudo Estero Pres S-osso</b></a></h4>
        <p class="description">1 Kg</p>
        <p class="right price"><b>110.45 €</b></p>
        <p class="right unitPrice">19.90 € per kg</p>
    </div>
    <div class="contButton">
    <a class="button bgRed white addToCart" href="#">Add</a>
</div>
</div><div class="left product prod114"
        data-name="Speck Coati Prealpen 1-2 Sv"
        data-price="39.18"
        data-id="24896"
        data-available="yes"
        data-category="4628"
        data-bestselling="">
    <a href="../speck-coati-prealpen-1-2-sv.html">
        <div style="background-image: url('../../cdn.spesati.com/images/products/missing-image/missing-image.jpg')">
            <div class="hover"></div>
            
            <div class="stickers"></div>
        </div>
    </a>
    <div>
        <h4><a href="../speck-coati-prealpen-1-2-sv.html"><b>Speck Coati Prealpen 1-2 Sv</b></a></h4>
        <p class="description">medium weight  2.500 Kg</p>
        <p class="right price"><b>39.18 €</b></p>
        <p class="right unitPrice">15.68 € per kg</p>
    </div>
    <div class="contButton">
    <a class="button bgRed white addToCart" href="#">Add</a>
</div>
</div><div class="left product prod115"
        data-name="Mortad Segata Dorella 1-2 2kg"
        data-price="17.60"
        data-id="24915"
        data-available="yes"
        data-category="4628"
        data-bestselling="">
    <a href="../mortad-segata-dorella-1-2-2kg.html">
        <div style="background-image: url('../../cdn.spesati.com/images/products/missing-image/missing-image.jpg')">
            <div class="hover"></div>
            
            <div class="stickers"></div>
        </div>
    </a>
    <div>
        <h4><a href="../mortad-segata-dorella-1-2-2kg.html"><b>Mortad Segata Dorella 1-2 2kg</b></a></h4>
        <p class="description">2 Kg</p>
        <p class="right price"><b>17.60 €</b></p>
        <p class="right unitPrice">8.80 € per kg</p>
    </div>
    <div class="contButton">
    <a class="button bgRed white addToCart" href="#">Add</a>
</div>
</div><div class="left product prod116"
        data-name="Salame Spagnolo Alle Erbe 4,5k"
        data-price="80.55"
        data-id="24917"
        data-available="yes"
        data-category="4628"
        data-bestselling="">
    <a href="../salame-spagnolo-alle-erbe-45k.html">
        <div style="background-image: url('../../cdn.spesati.com/images/products/missing-image/missing-image.jpg')">
            <div class="hover"></div>
            
            <div class="stickers"></div>
        </div>
    </a>
    <div>
        <h4><a href="../salame-spagnolo-alle-erbe-45k.html"><b>Salame Spagnolo Alle Erbe 4,5k</b></a></h4>
        <p class="description">medium weight  4.500 Kg</p>
        <p class="right price"><b>80.55 €</b></p>
        <p class="right unitPrice">17.90 € per kg</p>
    </div>
    <div class="contButton">
    <a class="button bgRed white addToCart" href="#">Add</a>
</div>
</div><div class="left product prod117"
        data-name="Salame Su Sirboni Cilindretto"
        data-price="4.62"
        data-id="6539"
        data-available="yes"
        data-category="4628"
        data-bestselling="">
    <a href="../salame-su-sirboni-cilindretto.html">
        <div style="background-image: url('../../cdn.spesati.com/images/products/missing-image/missing-image.jpg')">
            <div class="hover"></div>
            
            <div class="stickers"></div>
        </div>
    </a>
    <div>
        <h4><a href="../salame-su-sirboni-cilindretto.html"><b>Salame Su Sirboni Cilindretto</b></a></h4>
        <p class="description">medium weight 0.250 Kg</p>
        <p class="right price"><b>4.62 €</b></p>
        <p class="right unitPrice">18.50 € per kg</p>
    </div>
    <div class="contButton">
    <a class="button bgRed white addToCart" href="#">Add</a>
</div>
</div><div class="left product prod118"
        data-name="Pancetta Tesa Monte Arci Magra Trancio"
        data-price="5.04"
        data-id="6544"
        data-available="yes"
        data-category="4628"
        data-bestselling="">
    <a href="../pancetta-tesa-monte-arci-magra-trancio.html">
        <div style="background-image: url('../../cdn.spesati.com/images/products/missing-image/missing-image.jpg')">
            <div class="hover"></div>
            
            <div class="stickers"></div>
        </div>
    </a>
    <div>
        <h4><a href="../pancetta-tesa-monte-arci-magra-trancio.html"><b>Pancetta Tesa Monte Arci Magra Trancio</b></a></h4>
        <p class="description">medium weight 0.220 Kg</p>
        <p class="right price"><b>5.04 €</b></p>
        <p class="right unitPrice">22.90 € per kg</p>
    </div>
    <div class="contButton">
    <a class="button bgRed white addToCart" href="#">Add</a>
</div>
</div><div class="left product prod119"
        data-name="Salame Spagnolo Al Pepe 4.5kg"
        data-price="80.55"
        data-id="24919"
        data-available="yes"
        data-category="4628"
        data-bestselling="">
    <a href="../salame-spagnolo-al-pepe-45kg.html">
        <div style="background-image: url('../../cdn.spesati.com/images/products/missing-image/missing-image.jpg')">
            <div class="hover"></div>
            
            <div class="stickers"></div>
        </div>
    </a>
    <div>
        <h4><a href="../salame-spagnolo-al-pepe-45kg.html"><b>Salame Spagnolo Al Pepe 4.5kg</b></a></h4>
        <p class="description">medium weight  4.500 Kg</p>
        <p class="right price"><b>80.55 €</b></p>
        <p class="right unitPrice">17.90 € per kg</p>
    </div>
    <div class="contButton">
    <a class="button bgRed white addToCart" href="#">Add</a>
</div>
</div><div class="left product prod120"
        data-name="Salsiccia Monte Arci Della Nonna"
        data-price="7.33"
        data-id="6586"
        data-available="yes"
        data-category="4628"
        data-bestselling="">
    <a href="../salsiccia-monte-arci-della-nonna.html">
        <div style="background-image: url('../../cdn.spesati.com/images/products/missing-image/missing-image.jpg')">
            <div class="hover"></div>
            
            <div class="stickers"></div>
        </div>
    </a>
    <div>
        <h4><a href="../salsiccia-monte-arci-della-nonna.html"><b>Salsiccia Monte Arci Della Nonna</b></a></h4>
        <p class="description">medium weight 0.320 Kg</p>
        <p class="right price"><b>7.33 €</b></p>
        <p class="right unitPrice">22.90 € per kg</p>
    </div>
    <div class="contButton">
    <a class="button bgRed white addToCart" href="#">Add</a>
</div>
</div><div class="left product prod121"
        data-name="Salsiccia Salum Pisu Affumic"
        data-price="107.50"
        data-id="24922"
        data-available="yes"
        data-category="4628"
        data-bestselling="">
    <a href="../salsiccia-salum-pisu-affumic.html">
        <div style="background-image: url('../../cdn.spesati.com/images/products/missing-image/missing-image.jpg')">
            <div class="hover"></div>
            
            <div class="stickers"></div>
        </div>
    </a>
    <div>
        <h4><a href="../salsiccia-salum-pisu-affumic.html"><b>Salsiccia Salum Pisu Affumic</b></a></h4>
        <p class="description">medium weight  5.000 Kg</p>
        <p class="right price"><b>107.50 €</b></p>
        <p class="right unitPrice">21.51 € per kg</p>
    </div>
    <div class="contButton">
    <a class="button bgRed white addToCart" href="#">Add</a>
</div>
</div><div class="left product prod122"
        data-name="Guanciale Salum Pisu Desulo"
        data-price="8.95"
        data-id="24926"
        data-available="yes"
        data-category="4628"
        data-bestselling="">
    <a href="../guanciale-salum-pisu-desulo.html">
        <div style="background-image: url('../../cdn.spesati.com/images/products/missing-image/missing-image.jpg')">
            <div class="hover"></div>
            
            <div class="stickers"></div>
        </div>
    </a>
    <div>
        <h4><a href="../guanciale-salum-pisu-desulo.html"><b>Guanciale Salum Pisu Desulo</b></a></h4>
        <p class="description">medium weight 0.500 Kg</p>
        <p class="right price"><b>8.95 €</b></p>
        <p class="right unitPrice">17.90 € per kg</p>
    </div>
    <div class="contButton">
    <a class="button bgRed white addToCart" href="#">Add</a>
</div>
</div><div class="left product prod123"
        data-name="Mortadella 120Gr M & C"
        data-price="2.25"
        data-id="6831"
        data-available="no"
        data-category="4628"
        data-bestselling="">
    <a href="../mortadella-120gr-m-c.html">
        <div style="background-image: url('../../cdn.spesati.com/images/products/106738/mortadella-120gr-m-01.jpg')">
            <div class="hover"></div>
            
            <div class="stickers"></div>
        </div>
    </a>
    <div>
        <h4><a href="../mortadella-120gr-m-c.html"><b>Mortadella 120Gr M & C</b></a></h4>
        <p class="description">0.12 Kg</p>
        <p class="right price"><b>2.25 €</b></p>
        <p class="right unitPrice">18.79 € per kg</p>
    </div>
    <div class="notAvailable">
    <a class="button bgDarkGrey white" href="../mortadella-120gr-m-c.html">Not available</a>
</div>
</div><div class="left product prod124"
        data-name="Salame Milano M&C 120Gr"
        data-price="2.40"
        data-id="6781"
        data-available="no"
        data-category="4628"
        data-bestselling="">
    <a href="../salame-milano-mc-120gr.html">
        <div style="background-image: url('../../cdn.spesati.com/images/products/106737/salame-milano-mc-01.jpg')">
            <div class="hover"></div>
            
            <div class="stickers"></div>
        </div>
    </a>
    <div>
        <h4><a href="../salame-milano-mc-120gr.html"><b>Salame Milano M&C 120Gr</b></a></h4>
        <p class="description">0.12 Kg</p>
        <p class="right price"><b>2.40 €</b></p>
        <p class="right unitPrice">20.02 € per kg</p>
    </div>
    <div class="notAvailable">
    <a class="button bgDarkGrey white" href="../salame-milano-mc-120gr.html">Not available</a>
</div>
</div><div class="left product prod125"
        data-name="Coppa 120Gr M & C"
        data-price="3.59"
        data-id="6828"
        data-available="no"
        data-category="4628"
        data-bestselling="">
    <a href="../coppa-120gr-m-c.html">
        <div style="background-image: url('../../cdn.spesati.com/images/products/106706/coppa-120gr-m-01.jpg')">
            <div class="hover"></div>
            
            <div class="stickers"></div>
        </div>
    </a>
    <div>
        <h4><a href="../coppa-120gr-m-c.html"><b>Coppa 120Gr M & C</b></a></h4>
        <p class="description">0.12 Kg</p>
        <p class="right price"><b>3.59 €</b></p>
        <p class="right unitPrice">29.93 € per kg</p>
    </div>
    <div class="notAvailable">
    <a class="button bgDarkGrey white" href="../coppa-120gr-m-c.html">Not available</a>
</div>
</div><div class="left product prod126"
        data-name="Prosciutto Crudo M & C 100Gr"
        data-price="3.49"
        data-id="6829"
        data-available="no"
        data-category="4628"
        data-bestselling="">
    <a href="../prosciutto-crudo-m-c-100gr.html">
        <div style="background-image: url('../../cdn.spesati.com/images/products/106705/prosciutto-crudo-m-01.jpg')">
            <div class="hover"></div>
            
            <div class="stickers"></div>
        </div>
    </a>
    <div>
        <h4><a href="../prosciutto-crudo-m-c-100gr.html"><b>Prosciutto Crudo M & C 100Gr</b></a></h4>
        <p class="description">0.1 Kg</p>
        <p class="right price"><b>3.49 €</b></p>
        <p class="right unitPrice">34.91 € per kg</p>
    </div>
    <div class="notAvailable">
    <a class="button bgDarkGrey white" href="../prosciutto-crudo-m-c-100gr.html">Not available</a>
</div>
</div><div class="left product prod127"
        data-name="Guanciale Su Sirboni Tranci S-V"
        data-price="45.10"
        data-id="24923"
        data-available="no"
        data-category="4628"
        data-bestselling="">
    <a href="../guanciale-su-sirboni-tranci-s-v.html">
        <div style="background-image: url('../../cdn.spesati.com/images/products/106361/guanciale-su-sirboni-01.jpg')">
            <div class="hover"></div>
            
            <div class="stickers"></div>
        </div>
    </a>
    <div>
        <h4><a href="../guanciale-su-sirboni-tranci-s-v.html"><b>Guanciale Su Sirboni Tranci S-V</b></a></h4>
        <p class="description">medium weight 2.2 Kg</p>
        <p class="right price"><b>45.10 €</b></p>
        <p class="right unitPrice">20.50 € per kg</p>
    </div>
    <div class="notAvailable">
    <a class="button bgDarkGrey white" href="../guanciale-su-sirboni-tranci-s-v.html">Not available</a>
</div>
</div><div class="left product prod128"
        data-name="Bresaola Angus P.anca 1/2 S.v"
        data-price="61.07"
        data-id="85644"
        data-available="no"
        data-category="4628"
        data-bestselling="">
    <a href="../bresaola-angus-panca-12-sv.html">
        <div style="background-image: url('../../cdn.spesati.com/images/products/missing-image/missing-image.jpg')">
            <div class="hover"></div>
            
            <div class="stickers"></div>
        </div>
    </a>
    <div>
        <h4><a href="../bresaola-angus-panca-12-sv.html"><b>Bresaola Angus P.anca 1/2 S.v</b></a></h4>
        <p class="description">1 Kg</p>
        <p class="right price"><b>61.07 €</b></p>
        <p class="right unitPrice">38.90 € per kg</p>
    </div>
    <div class="notAvailable">
    <a class="button bgDarkGrey white" href="../bresaola-angus-panca-12-sv.html">Not available</a>
</div>
</div><div class="left product prod129"
        data-name="Prosc Bontafette Crudo 90gr"
        data-price="1.59"
        data-id="85977"
        data-available="no"
        data-category="4628"
        data-bestselling="">
    <a href="../prosc-bontafette-crudo-90gr.html">
        <div style="background-image: url('../../cdn.spesati.com/images/products/missing-image/missing-image.jpg')">
            <div class="hover"></div>
            
            <div class="stickers"></div>
        </div>
    </a>
    <div>
        <h4><a href="../prosc-bontafette-crudo-90gr.html"><b>Prosc Bontafette Crudo 90gr</b></a></h4>
        <p class="description">0.09 Kg</p>
        <p class="right price"><b>1.59 €</b></p>
        <p class="right unitPrice">17.67 € per kg</p>
    </div>
    <div class="notAvailable">
    <a class="button bgDarkGrey white" href="../prosc-bontafette-crudo-90gr.html">Not available</a>
</div>
</div><div class="left product prod130"
        data-name="Prosc Bontafette Cotto 100gr"
        data-price="1.19"
        data-id="85980"
        data-available="no"
        data-category="4628"
        data-bestselling="">
    <a href="../prosc-bontafette-cotto-100gr.html">
        <div style="background-image: url('../../cdn.spesati.com/images/products/missing-image/missing-image.jpg')">
            <div class="hover"></div>
            
            <div class="stickers"></div>
        </div>
    </a>
    <div>
        <h4><a href="../prosc-bontafette-cotto-100gr.html"><b>Prosc Bontafette Cotto 100gr</b></a></h4>
        <p class="description">0.1 Kg</p>
        <p class="right price"><b>1.19 €</b></p>
        <p class="right unitPrice">11.90 € per kg</p>
    </div>
    <div class="notAvailable">
    <a class="button bgDarkGrey white" href="../prosc-bontafette-cotto-100gr.html">Not available</a>
</div>
</div><div class="left product prod131"
        data-name="Mortadella Bontafette 100gr"
        data-price="1.14"
        data-id="85983"
        data-available="no"
        data-category="4628"
        data-bestselling="">
    <a href="../mortadella-bontafette-100gr.html">
        <div style="background-image: url('../../cdn.spesati.com/images/products/missing-image/missing-image.jpg')">
            <div class="hover"></div>
            
            <div class="stickers"></div>
        </div>
    </a>
    <div>
        <h4><a href="../mortadella-bontafette-100gr.html"><b>Mortadella Bontafette 100gr</b></a></h4>
        <p class="description">0.1 Kg</p>
        <p class="right price"><b>1.14 €</b></p>
        <p class="right unitPrice">11.37 € per kg</p>
    </div>
    <div class="notAvailable">
    <a class="button bgDarkGrey white" href="../mortadella-bontafette-100gr.html">Not available</a>
</div>
</div><div class="left product prod132"
        data-name="Pancetta Pepata Irgoli Meta"
        data-price="120.02"
        data-id="86275"
        data-available="no"
        data-category="4628"
        data-bestselling="">
    <a href="../pancetta-pepata-irgoli-meta.html">
        <div style="background-image: url('../../cdn.spesati.com/images/products/missing-image/missing-image.jpg')">
            <div class="hover"></div>
            
            <div class="stickers"></div>
        </div>
    </a>
    <div>
        <h4><a href="../pancetta-pepata-irgoli-meta.html"><b>Pancetta Pepata Irgoli Meta</b></a></h4>
        <p class="description">1 Kg</p>
        <p class="right price"><b>120.02 €</b></p>
        <p class="right unitPrice">18.90 € per kg</p>
    </div>
    <div class="notAvailable">
    <a class="button bgDarkGrey white" href="../pancetta-pepata-irgoli-meta.html">Not available</a>
</div>
</div><div class="left product prod133"
        data-name="Bresaola Igp Pa Meta Sv"
        data-price="64.65"
        data-id="88436"
        data-available="no"
        data-category="4628"
        data-bestselling="">
    <a href="../bresaola-igp-pa-meta-sv.html">
        <div style="background-image: url('../../cdn.spesati.com/images/products/missing-image/missing-image.jpg')">
            <div class="hover"></div>
            
            <div class="stickers"></div>
        </div>
    </a>
    <div>
        <h4><a href="../bresaola-igp-pa-meta-sv.html"><b>Bresaola Igp Pa Meta Sv</b></a></h4>
        <p class="description">1 Kg</p>
        <p class="right price"><b>64.65 €</b></p>
        <p class="right unitPrice">32.49 € per kg</p>
    </div>
    <div class="notAvailable">
    <a class="button bgDarkGrey white" href="../bresaola-igp-pa-meta-sv.html">Not available</a>
</div>
</div><div class="left product prod134"
        data-name="Bresaola Igp Pa Intera"
        data-price="237.49"
        data-id="88439"
        data-available="no"
        data-category="4628"
        data-bestselling="">
    <a href="../bresaola-igp-pa-intera.html">
        <div style="background-image: url('../../cdn.spesati.com/images/products/missing-image/missing-image.jpg')">
            <div class="hover"></div>
            
            <div class="stickers"></div>
        </div>
    </a>
    <div>
        <h4><a href="../bresaola-igp-pa-intera.html"><b>Bresaola Igp Pa Intera</b></a></h4>
        <p class="description">1 Kg</p>
        <p class="right price"><b>237.49 €</b></p>
        <p class="right unitPrice">32.49 € per kg</p>
    </div>
    <div class="notAvailable">
    <a class="button bgDarkGrey white" href="../bresaola-igp-pa-intera.html">Not available</a>
</div>
</div><div class="left product prod135"
        data-name="Salame Fel/stro T/du C/tag 590"
        data-price="19.90"
        data-id="88874"
        data-available="no"
        data-category="4628"
        data-bestselling="">
    <a href="../salame-felstro-tdu-ctag-590.html">
        <div style="background-image: url('../../cdn.spesati.com/images/products/missing-image/missing-image.jpg')">
            <div class="hover"></div>
            
            <div class="stickers"></div>
        </div>
    </a>
    <div>
        <h4><a href="../salame-felstro-tdu-ctag-590.html"><b>Salame Fel/stro T/du C/tag 590</b></a></h4>
        <p class="description">0.09 Kg</p>
        <p class="right price"><b>19.90 €</b></p>
        <p class="right unitPrice">221.11 € per kg</p>
    </div>
    <div class="notAvailable">
    <a class="button bgDarkGrey white" href="../salame-felstro-tdu-ctag-590.html">Not available</a>
</div>
</div><div class="left product prod136"
        data-name="Prosc Crudo C/o Conf Regalo"
        data-price="89.90"
        data-id="88977"
        data-available="no"
        data-category="4628"
        data-bestselling="">
    <a href="../prosc-crudo-co-conf-regalo.html">
        <div style="background-image: url('../../cdn.spesati.com/images/products/missing-image/missing-image.jpg')">
            <div class="hover"></div>
            
            <div class="stickers"></div>
        </div>
    </a>
    <div>
        <h4><a href="../prosc-crudo-co-conf-regalo.html"><b>Prosc Crudo C/o Conf Regalo</b></a></h4>
        <p class="description">6.8 Kg</p>
        <p class="right price"><b>89.90 €</b></p>
        <p class="right unitPrice">13.22 € per kg</p>
    </div>
    <div class="notAvailable">
    <a class="button bgDarkGrey white" href="../prosc-crudo-co-conf-regalo.html">Not available</a>
</div>
</div><div class="left product prod137"
        data-name="Coppa Terre/duc Igp Affet 90g"
        data-price="4.99"
        data-id="89102"
        data-available="no"
        data-category="4628"
        data-bestselling="">
    <a href="../coppa-terreduc-igp-affet-90g.html">
        <div style="background-image: url('../../cdn.spesati.com/images/products/missing-image/missing-image.jpg')">
            <div class="hover"></div>
            
            <div class="stickers"></div>
        </div>
    </a>
    <div>
        <h4><a href="../coppa-terreduc-igp-affet-90g.html"><b>Coppa Terre/duc Igp Affet 90g</b></a></h4>
        <p class="description">0.09 Kg</p>
        <p class="right price"><b>4.99 €</b></p>
        <p class="right unitPrice">55.44 € per kg</p>
    </div>
    <div class="notAvailable">
    <a class="button bgDarkGrey white" href="../coppa-terreduc-igp-affet-90g.html">Not available</a>
</div>
</div><div class="left product prod138"
        data-name="Jamon Serrano Aff 15 Mesi Gr90"
        data-price="9.99"
        data-id="89105"
        data-available="no"
        data-category="4628"
        data-bestselling="">
    <a href="../jamon-serrano-aff-15-mesi-gr90.html">
        <div style="background-image: url('../../cdn.spesati.com/images/products/missing-image/missing-image.jpg')">
            <div class="hover"></div>
            
            <div class="stickers"></div>
        </div>
    </a>
    <div>
        <h4><a href="../jamon-serrano-aff-15-mesi-gr90.html"><b>Jamon Serrano Aff 15 Mesi Gr90</b></a></h4>
        <p class="description">0.09 Kg</p>
        <p class="right price"><b>9.99 €</b></p>
        <p class="right unitPrice">111.00 € per kg</p>
    </div>
    <div class="notAvailable">
    <a class="button bgDarkGrey white" href="../jamon-serrano-aff-15-mesi-gr90.html">Not available</a>
</div>
</div><div class="left product prod139"
        data-name="Jamon De Cebo Iber 24 Mesi 70g"
        data-price="10.50"
        data-id="89117"
        data-available="no"
        data-category="4628"
        data-bestselling="">
    <a href="../jamon-de-cebo-iber-24-mesi-70g.html">
        <div style="background-image: url('../../cdn.spesati.com/images/products/missing-image/missing-image.jpg')">
            <div class="hover"></div>
            
            <div class="stickers"></div>
        </div>
    </a>
    <div>
        <h4><a href="../jamon-de-cebo-iber-24-mesi-70g.html"><b>Jamon De Cebo Iber 24 Mesi 70g</b></a></h4>
        <p class="description">0.07 Kg</p>
        <p class="right price"><b>10.50 €</b></p>
        <p class="right unitPrice">150.00 € per kg</p>
    </div>
    <div class="notAvailable">
    <a class="button bgDarkGrey white" href="../jamon-de-cebo-iber-24-mesi-70g.html">Not available</a>
</div>
</div><div class="left product prod140"
        data-name="Guanciale Sardo Intero Cdi"
        data-price="4.98"
        data-id="89167"
        data-available="no"
        data-category="4628"
        data-bestselling="">
    <a href="../guanciale-sardo-intero-cdi.html">
        <div style="background-image: url('../../cdn.spesati.com/images/products/missing-image/missing-image.jpg')">
            <div class="hover"></div>
            
            <div class="stickers"></div>
        </div>
    </a>
    <div>
        <h4><a href="../guanciale-sardo-intero-cdi.html"><b>Guanciale Sardo Intero Cdi</b></a></h4>
        <p class="description">1 Kg</p>
        <p class="right price"><b>4.98 €</b></p>
        <p class="right unitPrice">19.90 € per kg</p>
    </div>
    <div class="notAvailable">
    <a class="button bgDarkGrey white" href="../guanciale-sardo-intero-cdi.html">Not available</a>
</div>
</div><div class="left product prod141"
        data-name="Pancetta Sarda Pepata Cdi 1/2"
        data-price="32.63"
        data-id="89170"
        data-available="no"
        data-category="4628"
        data-bestselling="">
    <a href="../pancetta-sarda-pepata-cdi-12.html">
        <div style="background-image: url('../../cdn.spesati.com/images/products/missing-image/missing-image.jpg')">
            <div class="hover"></div>
            
            <div class="stickers"></div>
        </div>
    </a>
    <div>
        <h4><a href="../pancetta-sarda-pepata-cdi-12.html"><b>Pancetta Sarda Pepata Cdi 1/2</b></a></h4>
        <p class="description">1 Kg</p>
        <p class="right price"><b>32.63 €</b></p>
        <p class="right unitPrice">21.90 € per kg</p>
    </div>
    <div class="notAvailable">
    <a class="button bgDarkGrey white" href="../pancetta-sarda-pepata-cdi-12.html">Not available</a>
</div>
</div><div class="left product prod142"
        data-name="Prosc Sardo C/zampa  Cdi"
        data-price="359.10"
        data-id="89173"
        data-available="no"
        data-category="4628"
        data-bestselling="">
    <a href="../prosc-sardo-czampa-cdi.html">
        <div style="background-image: url('../../cdn.spesati.com/images/products/missing-image/missing-image.jpg')">
            <div class="hover"></div>
            
            <div class="stickers"></div>
        </div>
    </a>
    <div>
        <h4><a href="../prosc-sardo-czampa-cdi.html"><b>Prosc Sardo C/zampa  Cdi</b></a></h4>
        <p class="description">1 Kg</p>
        <p class="right price"><b>359.10 €</b></p>
        <p class="right unitPrice">39.90 € per kg</p>
    </div>
    <div class="notAvailable">
    <a class="button bgDarkGrey white" href="../prosc-sardo-czampa-cdi.html">Not available</a>
</div>
</div><div class="left product prod143"
        data-name="Prosc Sardo Trancio  Cdi"
        data-price="88.83"
        data-id="89176"
        data-available="no"
        data-category="4628"
        data-bestselling="">
    <a href="../prosc-sardo-trancio-cdi.html">
        <div style="background-image: url('../../cdn.spesati.com/images/products/missing-image/missing-image.jpg')">
            <div class="hover"></div>
            
            <div class="stickers"></div>
        </div>
    </a>
    <div>
        <h4><a href="../prosc-sardo-trancio-cdi.html"><b>Prosc Sardo Trancio  Cdi</b></a></h4>
        <p class="description">1 Kg</p>
        <p class="right price"><b>88.83 €</b></p>
        <p class="right unitPrice">32.90 € per kg</p>
    </div>
    <div class="notAvailable">
    <a class="button bgDarkGrey white" href="../prosc-sardo-trancio-cdi.html">Not available</a>
</div>
</div><div class="left product prod144"
        data-name="Salame Sardo Trancio  Cdi"
        data-price="119.02"
        data-id="89179"
        data-available="no"
        data-category="4628"
        data-bestselling="">
    <a href="../salame-sardo-trancio-cdi.html">
        <div style="background-image: url('../../cdn.spesati.com/images/products/missing-image/missing-image.jpg')">
            <div class="hover"></div>
            
            <div class="stickers"></div>
        </div>
    </a>
    <div>
        <h4><a href="../salame-sardo-trancio-cdi.html"><b>Salame Sardo Trancio  Cdi</b></a></h4>
        <p class="description">1 Kg</p>
        <p class="right price"><b>119.02 €</b></p>
        <p class="right unitPrice">23.90 € per kg</p>
    </div>
    <div class="notAvailable">
    <a class="button bgDarkGrey white" href="../salame-sardo-trancio-cdi.html">Not available</a>
</div>
</div><div class="left product prod145"
        data-name="Salame Sardo Intero Cdi"
        data-price="33.61"
        data-id="89185"
        data-available="no"
        data-category="4628"
        data-bestselling="">
    <a href="../salame-sardo-intero-cdi.html">
        <div style="background-image: url('../../cdn.spesati.com/images/products/missing-image/missing-image.jpg')">
            <div class="hover"></div>
            
            <div class="stickers"></div>
        </div>
    </a>
    <div>
        <h4><a href="../salame-sardo-intero-cdi.html"><b>Salame Sardo Intero Cdi</b></a></h4>
        <p class="description">1 Kg</p>
        <p class="right price"><b>33.61 €</b></p>
        <p class="right unitPrice">24.90 € per kg</p>
    </div>
    <div class="notAvailable">
    <a class="button bgDarkGrey white" href="../salame-sardo-intero-cdi.html">Not available</a>
</div>
</div><div class="left product prod146"
        data-name="Spianata Piccante 1/2 Kg.0.6"
        data-price="119.09"
        data-id="60087"
        data-available="no"
        data-category="4628"
        data-bestselling="">
    <a href="../spianata-piccante-12-kg06.html">
        <div style="background-image: url('../../cdn.spesati.com/images/products/missing-image/missing-image.jpg')">
            <div class="hover"></div>
            
            <div class="stickers"></div>
        </div>
    </a>
    <div>
        <h4><a href="../spianata-piccante-12-kg06.html"><b>Spianata Piccante 1/2 Kg.0.6</b></a></h4>
        <p class="description">1 Kg</p>
        <p class="right price"><b>119.09 €</b></p>
        <p class="right unitPrice">21.26 € per kg</p>
    </div>
    <div class="notAvailable">
    <a class="button bgDarkGrey white" href="../spianata-piccante-12-kg06.html">Not available</a>
</div>
</div><div class="left product prod147"
        data-name="Salame Finocchiona Igp"
        data-price="52.25"
        data-id="60177"
        data-available="no"
        data-category="4628"
        data-bestselling="">
    <a href="../salame-finocchiona-igp.html">
        <div style="background-image: url('../../cdn.spesati.com/images/products/missing-image/missing-image.jpg')">
            <div class="hover"></div>
            
            <div class="stickers"></div>
        </div>
    </a>
    <div>
        <h4><a href="../salame-finocchiona-igp.html"><b>Salame Finocchiona Igp</b></a></h4>
        <p class="description">1 Kg</p>
        <p class="right price"><b>52.25 €</b></p>
        <p class="right unitPrice">20.90 € per kg</p>
    </div>
    <div class="notAvailable">
    <a class="button bgDarkGrey white" href="../salame-finocchiona-igp.html">Not available</a>
</div>
</div><div class="left product prod148"
        data-name="Prosc Crudo Sogni S Daniel 100"
        data-price="6.59"
        data-id="61530"
        data-available="no"
        data-category="4628"
        data-bestselling="">
    <a href="../prosc-crudo-sogni-s-daniel-100.html">
        <div style="background-image: url('../../cdn.spesati.com/images/products/missing-image/missing-image.jpg')">
            <div class="hover"></div>
            
            <div class="stickers"></div>
        </div>
    </a>
    <div>
        <h4><a href="../prosc-crudo-sogni-s-daniel-100.html"><b>Prosc Crudo Sogni S Daniel 100</b></a></h4>
        <p class="description">0.1 Kg</p>
        <p class="right price"><b>6.59 €</b></p>
        <p class="right unitPrice">65.90 € per kg</p>
    </div>
    <div class="notAvailable">
    <a class="button bgDarkGrey white" href="../prosc-crudo-sogni-s-daniel-100.html">Not available</a>
</div>
</div><div class="left product prod149"
        data-name="Prosc Crudo Carpegna Dop S/o"
        data-price="314.95"
        data-id="64401"
        data-available="no"
        data-category="4628"
        data-bestselling="">
    <a href="../prosc-crudo-carpegna-dop-so.html">
        <div style="background-image: url('../../cdn.spesati.com/images/products/missing-image/missing-image.jpg')">
            <div class="hover"></div>
            
            <div class="stickers"></div>
        </div>
    </a>
    <div>
        <h4><a href="../prosc-crudo-carpegna-dop-so.html"><b>Prosc Crudo Carpegna Dop S/o</b></a></h4>
        <p class="description">1 Kg</p>
        <p class="right price"><b>314.95 €</b></p>
        <p class="right unitPrice">37.91 € per kg</p>
    </div>
    <div class="notAvailable">
    <a class="button bgDarkGrey white" href="../prosc-crudo-carpegna-dop-so.html">Not available</a>
</div>
</div><div class="left product prod150"
        data-name="Pros Cotto Renz Etrusco Brace"
        data-price="196.00"
        data-id="72447"
        data-available="no"
        data-category="4628"
        data-bestselling="">
    <a href="../pros-cotto-renz-etrusco-brace.html">
        <div style="background-image: url('../../cdn.spesati.com/images/products/missing-image/missing-image.jpg')">
            <div class="hover"></div>
            
            <div class="stickers"></div>
        </div>
    </a>
    <div>
        <h4><a href="../pros-cotto-renz-etrusco-brace.html"><b>Pros Cotto Renz Etrusco Brace</b></a></h4>
        <p class="description">1 Kg</p>
        <p class="right price"><b>196.00 €</b></p>
        <p class="right unitPrice">21.90 € per kg</p>
    </div>
    <div class="notAvailable">
    <a class="button bgDarkGrey white" href="../pros-cotto-renz-etrusco-brace.html">Not available</a>
</div>
</div><div class="left product prod151"
        data-name="Cotechino Rdg Precott Igp 500g"
        data-price="5.45"
        data-id="72531"
        data-available="no"
        data-category="4628"
        data-bestselling="">
    <a href="../cotechino-rdg-precott-igp-500g.html">
        <div style="background-image: url('../../cdn.spesati.com/images/products/missing-image/missing-image.jpg')">
            <div class="hover"></div>
            
            <div class="stickers"></div>
        </div>
    </a>
    <div>
        <h4><a href="../cotechino-rdg-precott-igp-500g.html"><b>Cotechino Rdg Precott Igp 500g</b></a></h4>
        <p class="description">0.5 Kg</p>
        <p class="right price"><b>5.45 €</b></p>
        <p class="right unitPrice">10.90 € per kg</p>
    </div>
    <div class="notAvailable">
    <a class="button bgDarkGrey white" href="../cotechino-rdg-precott-igp-500g.html">Not available</a>
</div>
</div><div class="left product prod152"
        data-name="Prosc T/duc Cotto Tartufo 120"
        data-price="5.79"
        data-id="72543"
        data-available="no"
        data-category="4628"
        data-bestselling="">
    <a href="../prosc-tduc-cotto-tartufo-120.html">
        <div style="background-image: url('../../cdn.spesati.com/images/products/missing-image/missing-image.jpg')">
            <div class="hover"></div>
            
            <div class="stickers"></div>
        </div>
    </a>
    <div>
        <h4><a href="../prosc-tduc-cotto-tartufo-120.html"><b>Prosc T/duc Cotto Tartufo 120</b></a></h4>
        <p class="description">0.12 Kg</p>
        <p class="right price"><b>5.79 €</b></p>
        <p class="right unitPrice">48.26 € per kg</p>
    </div>
    <div class="notAvailable">
    <a class="button bgDarkGrey white" href="../prosc-tduc-cotto-tartufo-120.html">Not available</a>
</div>
</div><div class="left product prod153"
        data-name="Guanciale T/ducali Stag 90gr"
        data-price="4.75"
        data-id="72546"
        data-available="no"
        data-category="4628"
        data-bestselling="">
    <a href="../guanciale-tducali-stag-90gr.html">
        <div style="background-image: url('../../cdn.spesati.com/images/products/missing-image/missing-image.jpg')">
            <div class="hover"></div>
            
            <div class="stickers"></div>
        </div>
    </a>
    <div>
        <h4><a href="../guanciale-tducali-stag-90gr.html"><b>Guanciale T/ducali Stag 90gr</b></a></h4>
        <p class="description">0.09 Kg</p>
        <p class="right price"><b>4.75 €</b></p>
        <p class="right unitPrice">52.78 € per kg</p>
    </div>
    <div class="notAvailable">
    <a class="button bgDarkGrey white" href="../guanciale-tducali-stag-90gr.html">Not available</a>
</div>
</div><div class="left product prod154"
        data-name="Coppa T/ducali Arrosto 90gr"
        data-price="3.99"
        data-id="72549"
        data-available="no"
        data-category="4628"
        data-bestselling="">
    <a href="../coppa-tducali-arrosto-90gr.html">
        <div style="background-image: url('../../cdn.spesati.com/images/products/missing-image/missing-image.jpg')">
            <div class="hover"></div>
            
            <div class="stickers"></div>
        </div>
    </a>
    <div>
        <h4><a href="../coppa-tducali-arrosto-90gr.html"><b>Coppa T/ducali Arrosto 90gr</b></a></h4>
        <p class="description">0.09 Kg</p>
        <p class="right price"><b>3.99 €</b></p>
        <p class="right unitPrice">44.33 € per kg</p>
    </div>
    <div class="notAvailable">
    <a class="button bgDarkGrey white" href="../coppa-tducali-arrosto-90gr.html">Not available</a>
</div>
</div><div class="left product prod155"
        data-name="Zampone Rdg Modena Cott Igp 1k"
        data-price="10.90"
        data-id="72564"
        data-available="no"
        data-category="4628"
        data-bestselling="">
    <a href="../zampone-rdg-modena-cott-igp-1k.html">
        <div style="background-image: url('../../cdn.spesati.com/images/products/missing-image/missing-image.jpg')">
            <div class="hover"></div>
            
            <div class="stickers"></div>
        </div>
    </a>
    <div>
        <h4><a href="../zampone-rdg-modena-cott-igp-1k.html"><b>Zampone Rdg Modena Cott Igp 1k</b></a></h4>
        <p class="description">1 Kg</p>
        <p class="right price"><b>10.90 €</b></p>
        <p class="right unitPrice">10.90 € per kg</p>
    </div>
    <div class="notAvailable">
    <a class="button bgDarkGrey white" href="../zampone-rdg-modena-cott-igp-1k.html">Not available</a>
</div>
</div><div class="left product prod156"
        data-name="Strolg+felin T/duc C/colt Reg"
        data-price="19.90"
        data-id="72940"
        data-available="no"
        data-category="4628"
        data-bestselling="">
    <a href="../strolgfelin-tduc-ccolt-reg.html">
        <div style="background-image: url('../../cdn.spesati.com/images/products/missing-image/missing-image.jpg')">
            <div class="hover"></div>
            
            <div class="stickers"></div>
        </div>
    </a>
    <div>
        <h4><a href="../strolgfelin-tduc-ccolt-reg.html"><b>Strolg+felin T/duc C/colt Reg</b></a></h4>
        <p class="description">0.59 Kg</p>
        <p class="right price"><b>19.90 €</b></p>
        <p class="right unitPrice">33.73 € per kg</p>
    </div>
    <div class="notAvailable">
    <a class="button bgDarkGrey white" href="../strolgfelin-tduc-ccolt-reg.html">Not available</a>
</div>
</div><div class="left product prod157"
        data-name="Salame Strolghino Idp Affet 80"
        data-price="3.59"
        data-id="74022"
        data-available="no"
        data-category="4628"
        data-bestselling="">
    <a href="../salame-strolghino-idp-affet-80.html">
        <div style="background-image: url('../../cdn.spesati.com/images/products/missing-image/missing-image.jpg')">
            <div class="hover"></div>
            
            <div class="stickers"></div>
        </div>
    </a>
    <div>
        <h4><a href="../salame-strolghino-idp-affet-80.html"><b>Salame Strolghino Idp Affet 80</b></a></h4>
        <p class="description">0.08 Kg</p>
        <p class="right price"><b>3.59 €</b></p>
        <p class="right unitPrice">44.88 € per kg</p>
    </div>
    <div class="notAvailable">
    <a class="button bgDarkGrey white" href="../salame-strolghino-idp-affet-80.html">Not available</a>
</div>
</div><div class="left product prod158"
        data-name="Salame Felino Idp Aff Igp 80gr"
        data-price="3.59"
        data-id="74025"
        data-available="no"
        data-category="4628"
        data-bestselling="">
    <a href="../salame-felino-idp-aff-igp-80gr.html">
        <div style="background-image: url('../../cdn.spesati.com/images/products/missing-image/missing-image.jpg')">
            <div class="hover"></div>
            
            <div class="stickers"></div>
        </div>
    </a>
    <div>
        <h4><a href="../salame-felino-idp-aff-igp-80gr.html"><b>Salame Felino Idp Aff Igp 80gr</b></a></h4>
        <p class="description">0.08 Kg</p>
        <p class="right price"><b>3.59 €</b></p>
        <p class="right unitPrice">44.88 € per kg</p>
    </div>
    <div class="notAvailable">
    <a class="button bgDarkGrey white" href="../salame-felino-idp-aff-igp-80gr.html">Not available</a>
</div>
</div><div class="left product prod159"
        data-name="Prosc Crudo Idp 24m Affett 90g"
        data-price="5.69"
        data-id="74031"
        data-available="no"
        data-category="4628"
        data-bestselling="">
    <a href="../prosc-crudo-idp-24m-affett-90g.html">
        <div style="background-image: url('../../cdn.spesati.com/images/products/missing-image/missing-image.jpg')">
            <div class="hover"></div>
            
            <div class="stickers"></div>
        </div>
    </a>
    <div>
        <h4><a href="../prosc-crudo-idp-24m-affett-90g.html"><b>Prosc Crudo Idp 24m Affett 90g</b></a></h4>
        <p class="description">0.09 Kg</p>
        <p class="right price"><b>5.69 €</b></p>
        <p class="right unitPrice">63.23 € per kg</p>
    </div>
    <div class="notAvailable">
    <a class="button bgDarkGrey white" href="../prosc-crudo-idp-24m-affett-90g.html">Not available</a>
</div>
</div><div class="left product prod160"
        data-name="Culatello Idp Affettato 80gr"
        data-price="6.59"
        data-id="74034"
        data-available="no"
        data-category="4628"
        data-bestselling="">
    <a href="../culatello-idp-affettato-80gr.html">
        <div style="background-image: url('../../cdn.spesati.com/images/products/missing-image/missing-image.jpg')">
            <div class="hover"></div>
            
            <div class="stickers"></div>
        </div>
    </a>
    <div>
        <h4><a href="../culatello-idp-affettato-80gr.html"><b>Culatello Idp Affettato 80gr</b></a></h4>
        <p class="description">0.08 Kg</p>
        <p class="right price"><b>6.59 €</b></p>
        <p class="right unitPrice">82.38 € per kg</p>
    </div>
    <div class="notAvailable">
    <a class="button bgDarkGrey white" href="../culatello-idp-affettato-80gr.html">Not available</a>
</div>
</div><div class="left product prod161"
        data-name="Bresaola Idp Affettato 80gr"
        data-price="4.49"
        data-id="74037"
        data-available="no"
        data-category="4628"
        data-bestselling="">
    <a href="../bresaola-idp-affettato-80gr.html">
        <div style="background-image: url('../../cdn.spesati.com/images/products/missing-image/missing-image.jpg')">
            <div class="hover"></div>
            
            <div class="stickers"></div>
        </div>
    </a>
    <div>
        <h4><a href="../bresaola-idp-affettato-80gr.html"><b>Bresaola Idp Affettato 80gr</b></a></h4>
        <p class="description">0.08 Kg</p>
        <p class="right price"><b>4.49 €</b></p>
        <p class="right unitPrice">56.13 € per kg</p>
    </div>
    <div class="notAvailable">
    <a class="button bgDarkGrey white" href="../bresaola-idp-affettato-80gr.html">Not available</a>
</div>
</div><div class="left product prod162"
        data-name="Prosc Cotto Idp Aq Naz Aff 100"
        data-price="4.29"
        data-id="74040"
        data-available="no"
        data-category="4628"
        data-bestselling="">
    <a href="../prosc-cotto-idp-aq-naz-aff-100.html">
        <div style="background-image: url('../../cdn.spesati.com/images/products/missing-image/missing-image.jpg')">
            <div class="hover"></div>
            
            <div class="stickers"></div>
        </div>
    </a>
    <div>
        <h4><a href="../prosc-cotto-idp-aq-naz-aff-100.html"><b>Prosc Cotto Idp Aq Naz Aff 100</b></a></h4>
        <p class="description">0.1 Kg</p>
        <p class="right price"><b>4.29 €</b></p>
        <p class="right unitPrice">42.90 € per kg</p>
    </div>
    <div class="notAvailable">
    <a class="button bgDarkGrey white" href="../prosc-cotto-idp-aq-naz-aff-100.html">Not available</a>
</div>
</div><div class="left product prod163"
        data-name="Speck Rdg Affettato 90gr"
        data-price="3.99"
        data-id="74046"
        data-available="no"
        data-category="4628"
        data-bestselling="">
    <a href="../speck-rdg-affettato-90gr.html">
        <div style="background-image: url('../../cdn.spesati.com/images/products/missing-image/missing-image.jpg')">
            <div class="hover"></div>
            
            <div class="stickers"></div>
        </div>
    </a>
    <div>
        <h4><a href="../speck-rdg-affettato-90gr.html"><b>Speck Rdg Affettato 90gr</b></a></h4>
        <p class="description">0.09 Kg</p>
        <p class="right price"><b>3.99 €</b></p>
        <p class="right unitPrice">44.33 € per kg</p>
    </div>
    <div class="notAvailable">
    <a class="button bgDarkGrey white" href="../speck-rdg-affettato-90gr.html">Not available</a>
</div>
</div><div class="left product prod164"
        data-name="Coppa Rdg 80g"
        data-price="3.99"
        data-id="74064"
        data-available="no"
        data-category="4628"
        data-bestselling="">
    <a href="../coppa-rdg-80g.html">
        <div style="background-image: url('../../cdn.spesati.com/images/products/missing-image/missing-image.jpg')">
            <div class="hover"></div>
            
            <div class="stickers"></div>
        </div>
    </a>
    <div>
        <h4><a href="../coppa-rdg-80g.html"><b>Coppa Rdg 80g</b></a></h4>
        <p class="description">0.08 Kg</p>
        <p class="right price"><b>3.99 €</b></p>
        <p class="right unitPrice">49.87 € per kg</p>
    </div>
    <div class="notAvailable">
    <a class="button bgDarkGrey white" href="../coppa-rdg-80g.html">Not available</a>
</div>
</div><div class="left product prod165"
        data-name="Lardo Rdg 80g"
        data-price="2.99"
        data-id="74067"
        data-available="no"
        data-category="4628"
        data-bestselling="">
    <a href="../lardo-rdg-80g.html">
        <div style="background-image: url('../../cdn.spesati.com/images/products/missing-image/missing-image.jpg')">
            <div class="hover"></div>
            
            <div class="stickers"></div>
        </div>
    </a>
    <div>
        <h4><a href="../lardo-rdg-80g.html"><b>Lardo Rdg 80g</b></a></h4>
        <p class="description">0.08 Kg</p>
        <p class="right price"><b>2.99 €</b></p>
        <p class="right unitPrice">37.38 € per kg</p>
    </div>
    <div class="notAvailable">
    <a class="button bgDarkGrey white" href="../lardo-rdg-80g.html">Not available</a>
</div>
</div><div class="left product prod166"
        data-name="Mortadella Italiana Rdg 100g"
        data-price="2.99"
        data-id="74070"
        data-available="no"
        data-category="4628"
        data-bestselling="">
    <a href="../mortadella-italiana-rdg-100g.html">
        <div style="background-image: url('../../cdn.spesati.com/images/products/missing-image/missing-image.jpg')">
            <div class="hover"></div>
            
            <div class="stickers"></div>
        </div>
    </a>
    <div>
        <h4><a href="../mortadella-italiana-rdg-100g.html"><b>Mortadella Italiana Rdg 100g</b></a></h4>
        <p class="description">0.1 Kg</p>
        <p class="right price"><b>2.99 €</b></p>
        <p class="right unitPrice">29.90 € per kg</p>
    </div>
    <div class="notAvailable">
    <a class="button bgDarkGrey white" href="../mortadella-italiana-rdg-100g.html">Not available</a>
</div>
</div><div class="left product prod167"
        data-name="Pancetta Di Fonni"
        data-price="30.43"
        data-id="78420"
        data-available="no"
        data-category="4628"
        data-bestselling="">
    <a href="../pancetta-di-fonni.html">
        <div style="background-image: url('../../cdn.spesati.com/images/products/missing-image/missing-image.jpg')">
            <div class="hover"></div>
            
            <div class="stickers"></div>
        </div>
    </a>
    <div>
        <h4><a href="../pancetta-di-fonni.html"><b>Pancetta Di Fonni</b></a></h4>
        <p class="description">1 Kg</p>
        <p class="right price"><b>30.43 €</b></p>
        <p class="right unitPrice">17.90 € per kg</p>
    </div>
    <div class="notAvailable">
    <a class="button bgDarkGrey white" href="../pancetta-di-fonni.html">Not available</a>
</div>
</div><div class="left product prod168"
        data-name="Strolgh T/duc C/colte Conf Reg"
        data-price="9.90"
        data-id="81491"
        data-available="no"
        data-category="4628"
        data-bestselling="">
    <a href="../strolgh-tduc-ccolte-conf-reg.html">
        <div style="background-image: url('../../cdn.spesati.com/images/products/missing-image/missing-image.jpg')">
            <div class="hover"></div>
            
            <div class="stickers"></div>
        </div>
    </a>
    <div>
        <h4><a href="../strolgh-tduc-ccolte-conf-reg.html"><b>Strolgh T/duc C/colte Conf Reg</b></a></h4>
        <p class="description">0.24 Kg</p>
        <p class="right price"><b>9.90 €</b></p>
        <p class="right unitPrice">41.25 € per kg</p>
    </div>
    <div class="notAvailable">
    <a class="button bgDarkGrey white" href="../strolgh-tduc-ccolte-conf-reg.html">Not available</a>
</div>
</div><div class="left product prod169"
        data-name="Conf M Arci Salsiccia Sughero"
        data-price="16.90"
        data-id="81718"
        data-available="no"
        data-category="4628"
        data-bestselling="">
    <a href="../conf-m-arci-salsiccia-sughero.html">
        <div style="background-image: url('../../cdn.spesati.com/images/products/missing-image/missing-image.jpg')">
            <div class="hover"></div>
            
            <div class="stickers"></div>
        </div>
    </a>
    <div>
        <h4><a href="../conf-m-arci-salsiccia-sughero.html"><b>Conf M Arci Salsiccia Sughero</b></a></h4>
        <p class="description">0.5 Kg</p>
        <p class="right price"><b>16.90 €</b></p>
        <p class="right unitPrice">33.80 € per kg</p>
    </div>
    <div class="notAvailable">
    <a class="button bgDarkGrey white" href="../conf-m-arci-salsiccia-sughero.html">Not available</a>
</div>
</div><div class="left product prod170"
        data-name="Pros Idp Crud Parm C/o Dop 24m"
        data-price="411.37"
        data-id="83363"
        data-available="no"
        data-category="4628"
        data-bestselling="">
    <a href="../pros-idp-crud-parm-co-dop-24m.html">
        <div style="background-image: url('../../cdn.spesati.com/images/products/missing-image/missing-image.jpg')">
            <div class="hover"></div>
            
            <div class="stickers"></div>
        </div>
    </a>
    <div>
        <h4><a href="../pros-idp-crud-parm-co-dop-24m.html"><b>Pros Idp Crud Parm C/o Dop 24m</b></a></h4>
        <p class="description">1 Kg</p>
        <p class="right price"><b>411.37 €</b></p>
        <p class="right unitPrice">39.90 € per kg</p>
    </div>
    <div class="notAvailable">
    <a class="button bgDarkGrey white" href="../pros-idp-crud-parm-co-dop-24m.html">Not available</a>
</div>
</div><div class="left product prod171"
        data-name="Mortad Idp Emiliana C/pistac"
        data-price="226.61"
        data-id="83366"
        data-available="no"
        data-category="4628"
        data-bestselling="">
    <a href="../mortad-idp-emiliana-cpistac.html">
        <div style="background-image: url('../../cdn.spesati.com/images/products/missing-image/missing-image.jpg')">
            <div class="hover"></div>
            
            <div class="stickers"></div>
        </div>
    </a>
    <div>
        <h4><a href="../mortad-idp-emiliana-cpistac.html"><b>Mortad Idp Emiliana C/pistac</b></a></h4>
        <p class="description">1 Kg</p>
        <p class="right price"><b>226.61 €</b></p>
        <p class="right unitPrice">18.90 € per kg</p>
    </div>
    <div class="notAvailable">
    <a class="button bgDarkGrey white" href="../mortad-idp-emiliana-cpistac.html">Not available</a>
</div>
</div><div class="left product prod172"
        data-name="Speck Rdg Artig Riserva 1/2"
        data-price="60.98"
        data-id="83420"
        data-available="no"
        data-category="4628"
        data-bestselling="">
    <a href="../speck-rdg-artig-riserva-12.html">
        <div style="background-image: url('../../cdn.spesati.com/images/products/missing-image/missing-image.jpg')">
            <div class="hover"></div>
            
            <div class="stickers"></div>
        </div>
    </a>
    <div>
        <h4><a href="../speck-rdg-artig-riserva-12.html"><b>Speck Rdg Artig Riserva 1/2</b></a></h4>
        <p class="description">1 Kg</p>
        <p class="right price"><b>60.98 €</b></p>
        <p class="right unitPrice">28.90 € per kg</p>
    </div>
    <div class="notAvailable">
    <a class="button bgDarkGrey white" href="../speck-rdg-artig-riserva-12.html">Not available</a>
</div>
</div><div class="left product prod173"
        data-name="Speck Affumicato 120gr"
        data-price="2.60"
        data-id="85187"
        data-available="no"
        data-category="4628"
        data-bestselling="">
    <a href="../speck-affumicato-120gr.html">
        <div style="background-image: url('../../cdn.spesati.com/images/products/missing-image/missing-image.jpg')">
            <div class="hover"></div>
            
            <div class="stickers"></div>
        </div>
    </a>
    <div>
        <h4><a href="../speck-affumicato-120gr.html"><b>Speck Affumicato 120gr</b></a></h4>
        <p class="description">0.12 Kg</p>
        <p class="right price"><b>2.60 €</b></p>
        <p class="right unitPrice">21.63 € per kg</p>
    </div>
    <div class="notAvailable">
    <a class="button bgDarkGrey white" href="../speck-affumicato-120gr.html">Not available</a>
</div>
</div><div class="left product prod174"
        data-name="Salsiccia Villagrande Sarda Sv"
        data-price="8.87"
        data-id="24510"
        data-available="no"
        data-category="4628"
        data-bestselling="">
    <a href="../salsiccia-villagrande-sarda-sv.html">
        <div style="background-image: url('../../cdn.spesati.com/images/products/missing-image/missing-image.jpg')">
            <div class="hover"></div>
            
            <div class="stickers"></div>
        </div>
    </a>
    <div>
        <h4><a href="../salsiccia-villagrande-sarda-sv.html"><b>Salsiccia Villagrande Sarda Sv</b></a></h4>
        <p class="description">medium weight 0.350 Kg</p>
        <p class="right price"><b>8.87 €</b></p>
        <p class="right unitPrice">25.34 € per kg</p>
    </div>
    <div class="notAvailable">
    <a class="button bgDarkGrey white" href="../salsiccia-villagrande-sarda-sv.html">Not available</a>
</div>
</div><div class="left product prod175"
        data-name="Conf M Arci C-vassoio Sughero"
        data-price="19.90"
        data-id="24513"
        data-available="no"
        data-category="4628"
        data-bestselling="">
    <a href="../conf-m-arci-c-vassoio-sughero.html">
        <div style="background-image: url('../../cdn.spesati.com/images/products/missing-image/missing-image.jpg')">
            <div class="hover"></div>
            
            <div class="stickers"></div>
        </div>
    </a>
    <div>
        <h4><a href="../conf-m-arci-c-vassoio-sughero.html"><b>Conf M Arci C-vassoio Sughero</b></a></h4>
        <p class="description">1 Kg</p>
        <p class="right price"><b>19.90 €</b></p>
        <p class="right unitPrice">19.90 € per kg</p>
    </div>
    <div class="notAvailable">
    <a class="button bgDarkGrey white" href="../conf-m-arci-c-vassoio-sughero.html">Not available</a>
</div>
</div><div class="left product prod176"
        data-name="Guanciale Belvi' S-v"
        data-price="9.09"
        data-id="24940"
        data-available="no"
        data-category="4628"
        data-bestselling="">
    <a href="../guanciale-belvi-s-v.html">
        <div style="background-image: url('../../cdn.spesati.com/images/products/missing-image/missing-image.jpg')">
            <div class="hover"></div>
            
            <div class="stickers"></div>
        </div>
    </a>
    <div>
        <h4><a href="../guanciale-belvi-s-v.html"><b>Guanciale Belvi' S-v</b></a></h4>
        <p class="description">medium weight 0.500 Kg</p>
        <p class="right price"><b>9.09 €</b></p>
        <p class="right unitPrice">18.18 € per kg</p>
    </div>
    <div class="notAvailable">
    <a class="button bgDarkGrey white" href="../guanciale-belvi-s-v.html">Not available</a>
</div>
</div><div class="left product prod177"
        data-name="Prosc Crudo Su Sirboni Pecora"
        data-price="29.95"
        data-id="24584"
        data-available="no"
        data-category="4628"
        data-bestselling="">
    <a href="../prosc-crudo-su-sirboni-pecora.html">
        <div style="background-image: url('../../cdn.spesati.com/images/products/missing-image/missing-image.jpg')">
            <div class="hover"></div>
            
            <div class="stickers"></div>
        </div>
    </a>
    <div>
        <h4><a href="../prosc-crudo-su-sirboni-pecora.html"><b>Prosc Crudo Su Sirboni Pecora</b></a></h4>
        <p class="description">medium weight 0.500 Kg</p>
        <p class="right price"><b>29.95 €</b></p>
        <p class="right unitPrice">59.91 € per kg</p>
    </div>
    <div class="notAvailable">
    <a class="button bgDarkGrey white" href="../prosc-crudo-su-sirboni-pecora.html">Not available</a>
</div>
</div><div class="left product prod178"
        data-name="Prosc Crudo Parma S-osso 24m"
        data-price="272.09"
        data-id="24744"
        data-available="no"
        data-category="4628"
        data-bestselling="">
    <a href="../prosc-crudo-parma-s-osso-24m.html">
        <div style="background-image: url('../../cdn.spesati.com/images/products/missing-image/missing-image.jpg')">
            <div class="hover"></div>
            
            <div class="stickers"></div>
        </div>
    </a>
    <div>
        <h4><a href="../prosc-crudo-parma-s-osso-24m.html"><b>Prosc Crudo Parma S-osso 24m</b></a></h4>
        <p class="description">medium weight  8.5 Kg</p>
        <p class="right price"><b>272.09 €</b></p>
        <p class="right unitPrice">32.01 € per kg</p>
    </div>
    <div class="notAvailable">
    <a class="button bgDarkGrey white" href="../prosc-crudo-parma-s-osso-24m.html">Not available</a>
</div>
</div><div class="left product prod179"
        data-name="Prosc Crudo S-o Villagrande"
        data-price="21.95"
        data-id="25000"
        data-available="no"
        data-category="4628"
        data-bestselling="">
    <a href="../prosc-crudo-s-o-villagrande.html">
        <div style="background-image: url('../../cdn.spesati.com/images/products/missing-image/missing-image.jpg')">
            <div class="hover"></div>
            
            <div class="stickers"></div>
        </div>
    </a>
    <div>
        <h4><a href="../prosc-crudo-s-o-villagrande.html"><b>Prosc Crudo S-o Villagrande</b></a></h4>
        <p class="description">medium weight 0.500 Kg</p>
        <p class="right price"><b>21.95 €</b></p>
        <p class="right unitPrice">43.90 € per kg</p>
    </div>
    <div class="notAvailable">
    <a class="button bgDarkGrey white" href="../prosc-crudo-s-o-villagrande.html">Not available</a>
</div>
</div><div class="left product prod180"
        data-name="Coppa Villagrande Trancio Sv"
        data-price="16.05"
        data-id="25003"
        data-available="no"
        data-category="4628"
        data-bestselling="">
    <a href="../coppa-villagrande-trancio-sv.html">
        <div style="background-image: url('../../cdn.spesati.com/images/products/missing-image/missing-image.jpg')">
            <div class="hover"></div>
            
            <div class="stickers"></div>
        </div>
    </a>
    <div>
        <h4><a href="../coppa-villagrande-trancio-sv.html"><b>Coppa Villagrande Trancio Sv</b></a></h4>
        <p class="description">medium weight 0.500 Kg</p>
        <p class="right price"><b>16.05 €</b></p>
        <p class="right unitPrice">32.10 € per kg</p>
    </div>
    <div class="notAvailable">
    <a class="button bgDarkGrey white" href="../coppa-villagrande-trancio-sv.html">Not available</a>
</div>
</div><div class="left product prod181"
        data-name="Mustela Villagrande Trancio Sv"
        data-price="16.63"
        data-id="25004"
        data-available="no"
        data-category="4628"
        data-bestselling="">
    <a href="../mustela-villagrande-trancio-sv.html">
        <div style="background-image: url('../../cdn.spesati.com/images/products/missing-image/missing-image.jpg')">
            <div class="hover"></div>
            
            <div class="stickers"></div>
        </div>
    </a>
    <div>
        <h4><a href="../mustela-villagrande-trancio-sv.html"><b>Mustela Villagrande Trancio Sv</b></a></h4>
        <p class="description">medium weight 0.500 Kg</p>
        <p class="right price"><b>16.63 €</b></p>
        <p class="right unitPrice">33.26 € per kg</p>
    </div>
    <div class="notAvailable">
    <a class="button bgDarkGrey white" href="../mustela-villagrande-trancio-sv.html">Not available</a>
</div>
</div><div class="left product prod182"
        data-name="Pancetta Villagrande Tranci Sv"
        data-price="11.64"
        data-id="25005"
        data-available="no"
        data-category="4628"
        data-bestselling="">
    <a href="../pancetta-villagrande-tranci-sv.html">
        <div style="background-image: url('../../cdn.spesati.com/images/products/missing-image/missing-image.jpg')">
            <div class="hover"></div>
            
            <div class="stickers"></div>
        </div>
    </a>
    <div>
        <h4><a href="../pancetta-villagrande-tranci-sv.html"><b>Pancetta Villagrande Tranci Sv</b></a></h4>
        <p class="description">medium weight 0.500 Kg</p>
        <p class="right price"><b>11.64 €</b></p>
        <p class="right unitPrice">23.28 € per kg</p>
    </div>
    <div class="notAvailable">
    <a class="button bgDarkGrey white" href="../pancetta-villagrande-tranci-sv.html">Not available</a>
</div>
</div><div class="left product prod183"
        data-name="Pancetta A Fette M Arci Sv"
        data-price="11.95"
        data-id="24783"
        data-available="no"
        data-category="4628"
        data-bestselling="">
    <a href="../pancetta-a-fette-m-arci-sv.html">
        <div style="background-image: url('../../cdn.spesati.com/images/products/missing-image/missing-image.jpg')">
            <div class="hover"></div>
            
            <div class="stickers"></div>
        </div>
    </a>
    <div>
        <h4><a href="../pancetta-a-fette-m-arci-sv.html"><b>Pancetta A Fette M Arci Sv</b></a></h4>
        <p class="description">medium weight 0.500 Kg</p>
        <p class="right price"><b>11.95 €</b></p>
        <p class="right unitPrice">23.90 € per kg</p>
    </div>
    <div class="notAvailable">
    <a class="button bgDarkGrey white" href="../pancetta-a-fette-m-arci-sv.html">Not available</a>
</div>
</div><div class="left product prod184"
        data-name="Prosc Crudo Trancio Casa Moden"
        data-price="21.17"
        data-id="25015"
        data-available="no"
        data-category="4628"
        data-bestselling="">
    <a href="../prosc-crudo-trancio-casa-moden.html">
        <div style="background-image: url('../../cdn.spesati.com/images/products/missing-image/missing-image.jpg')">
            <div class="hover"></div>
            
            <div class="stickers"></div>
        </div>
    </a>
    <div>
        <h4><a href="../prosc-crudo-trancio-casa-moden.html"><b>Prosc Crudo Trancio Casa Moden</b></a></h4>
        <p class="description">medium weight 1.100 Kg</p>
        <p class="right price"><b>21.17 €</b></p>
        <p class="right unitPrice">19.24 € per kg</p>
    </div>
    <div class="notAvailable">
    <a class="button bgDarkGrey white" href="../prosc-crudo-trancio-casa-moden.html">Not available</a>
</div>
</div><div class="left product prod185"
        data-name="Pros Crudo M Arci Pres Dolc Sv"
        data-price="174.85"
        data-id="24786"
        data-available="no"
        data-category="4628"
        data-bestselling="">
    <a href="../pros-crudo-m-arci-pres-dolc-sv.html">
        <div style="background-image: url('../../cdn.spesati.com/images/products/missing-image/missing-image.jpg')">
            <div class="hover"></div>
            
            <div class="stickers"></div>
        </div>
    </a>
    <div>
        <h4><a href="../pros-crudo-m-arci-pres-dolc-sv.html"><b>Pros Crudo M Arci Pres Dolc Sv</b></a></h4>
        <p class="description">medium weight  6.5 Kg</p>
        <p class="right price"><b>174.85 €</b></p>
        <p class="right unitPrice">26.91 € per kg</p>
    </div>
    <div class="notAvailable">
    <a class="button bgDarkGrey white" href="../pros-crudo-m-arci-pres-dolc-sv.html">Not available</a>
</div>
</div><div class="left product prod186"
        data-name="Prosc Crudo Toscano D.o.p C-o"
        data-price="32.90"
        data-id="25016"
        data-available="no"
        data-category="4628"
        data-bestselling="">
    <a href="../prosc-crudo-toscano-dop-c-o.html">
        <div style="background-image: url('../../cdn.spesati.com/images/products/missing-image/missing-image.jpg')">
            <div class="hover"></div>
            
            <div class="stickers"></div>
        </div>
    </a>
    <div>
        <h4><a href="../prosc-crudo-toscano-dop-c-o.html"><b>Prosc Crudo Toscano D.o.p C-o</b></a></h4>
        <p class="description">medium weight 1 Kg</p>
        <p class="right price"><b>32.90 €</b></p>
        <p class="right unitPrice">32.90 € per kg</p>
    </div>
    <div class="notAvailable">
    <a class="button bgDarkGrey white" href="../prosc-crudo-toscano-dop-c-o.html">Not available</a>
</div>
</div><div class="left product prod187"
        data-name="Mortadella Vismarissima C-pist"
        data-price="178.40"
        data-id="24840"
        data-available="no"
        data-category="4628"
        data-bestselling="">
    <a href="../mortadella-vismarissima-c-pist.html">
        <div style="background-image: url('../../cdn.spesati.com/images/products/missing-image/missing-image.jpg')">
            <div class="hover"></div>
            
            <div class="stickers"></div>
        </div>
    </a>
    <div>
        <h4><a href="../mortadella-vismarissima-c-pist.html"><b>Mortadella Vismarissima C-pist</b></a></h4>
        <p class="description">medium weight 14 Kg</p>
        <p class="right price"><b>178.40 €</b></p>
        <p class="right unitPrice">12.90 € per kg</p>
    </div>
    <div class="notAvailable">
    <a class="button bgDarkGrey white" href="../mortadella-vismarissima-c-pist.html">Not available</a>
</div>
</div><div class="left product prod188"
        data-name="Prosc Crudo Serrano C-morsa"
        data-price="89.90"
        data-id="25020"
        data-available="no"
        data-category="4628"
        data-bestselling="">
    <a href="../prosc-crudo-serrano-c-morsa.html">
        <div style="background-image: url('../../cdn.spesati.com/images/products/missing-image/missing-image.jpg')">
            <div class="hover"></div>
            
            <div class="stickers"></div>
        </div>
    </a>
    <div>
        <h4><a href="../prosc-crudo-serrano-c-morsa.html"><b>Prosc Crudo Serrano C-morsa</b></a></h4>
        <p class="description">1 Kg</p>
        <p class="right price"><b>89.90 €</b></p>
        <p class="right unitPrice">89.90 € per kg</p>
    </div>
    <div class="notAvailable">
    <a class="button bgDarkGrey white" href="../prosc-crudo-serrano-c-morsa.html">Not available</a>
</div>
</div><div class="left product prod189"
        data-name="Prosciutto Cotto Praga 1-2 Sv"
        data-price="66.61"
        data-id="25035"
        data-available="no"
        data-category="4628"
        data-bestselling="">
    <a href="../prosciutto-cotto-praga-1-2-sv.html">
        <div style="background-image: url('../../cdn.spesati.com/images/products/missing-image/missing-image.jpg')">
            <div class="hover"></div>
            
            <div class="stickers"></div>
        </div>
    </a>
    <div>
        <h4><a href="../prosciutto-cotto-praga-1-2-sv.html"><b>Prosciutto Cotto Praga 1-2 Sv</b></a></h4>
        <p class="description">medium weight  4.800 Kg</p>
        <p class="right price"><b>66.61 €</b></p>
        <p class="right unitPrice">13.88 € per kg</p>
    </div>
    <div class="notAvailable">
    <a class="button bgDarkGrey white" href="../prosciutto-cotto-praga-1-2-sv.html">Not available</a>
</div>
</div><div class="left product prod190"
        data-name="Prosc Cotto Rosaf Verde S-poli"
        data-price="111.20"
        data-id="24853"
        data-available="no"
        data-category="4628"
        data-bestselling="">
    <a href="../prosc-cotto-rosaf-verde-s-poli.html">
        <div style="background-image: url('../../cdn.spesati.com/images/products/missing-image/missing-image.jpg')">
            <div class="hover"></div>
            
            <div class="stickers"></div>
        </div>
    </a>
    <div>
        <h4><a href="../prosc-cotto-rosaf-verde-s-poli.html"><b>Prosc Cotto Rosaf Verde S-poli</b></a></h4>
        <p class="description">medium weight  8 Kg</p>
        <p class="right price"><b>111.20 €</b></p>
        <p class="right unitPrice">13.90 € per kg</p>
    </div>
    <div class="notAvailable">
    <a class="button bgDarkGrey white" href="../prosc-cotto-rosaf-verde-s-poli.html">Not available</a>
</div>
</div><div class="left product prod191"
        data-name="Salsiccia Sarda Irgoli Aff 100"
        data-price="2.78"
        data-id="25066"
        data-available="no"
        data-category="4628"
        data-bestselling="">
    <a href="../salsiccia-sarda-irgoli-aff-100.html">
        <div style="background-image: url('../../cdn.spesati.com/images/products/missing-image/missing-image.jpg')">
            <div class="hover"></div>
            
            <div class="stickers"></div>
        </div>
    </a>
    <div>
        <h4><a href="../salsiccia-sarda-irgoli-aff-100.html"><b>Salsiccia Sarda Irgoli Aff 100</b></a></h4>
        <p class="description">0.1 Kg</p>
        <p class="right price"><b>2.78 €</b></p>
        <p class="right unitPrice">27.75 € per kg</p>
    </div>
    <div class="notAvailable">
    <a class="button bgDarkGrey white" href="../salsiccia-sarda-irgoli-aff-100.html">Not available</a>
</div>
</div><div class="left product prod192"
        data-name="Salsiccia M Arci S-aglio S-v"
        data-price="109.50"
        data-id="25082"
        data-available="no"
        data-category="4628"
        data-bestselling="">
    <a href="../salsiccia-m-arci-s-aglio-s-v.html">
        <div style="background-image: url('../../cdn.spesati.com/images/products/missing-image/missing-image.jpg')">
            <div class="hover"></div>
            
            <div class="stickers"></div>
        </div>
    </a>
    <div>
        <h4><a href="../salsiccia-m-arci-s-aglio-s-v.html"><b>Salsiccia M Arci S-aglio S-v</b></a></h4>
        <p class="description">medium weight  5.000 Kg</p>
        <p class="right price"><b>109.50 €</b></p>
        <p class="right unitPrice">21.90 € per kg</p>
    </div>
    <div class="notAvailable">
    <a class="button bgDarkGrey white" href="../salsiccia-m-arci-s-aglio-s-v.html">Not available</a>
</div>
</div><div class="left product prod193"
        data-name="Prosc Crudo Carpegna Dop C-o"
        data-price="18.95"
        data-id="25100"
        data-available="no"
        data-category="4628"
        data-bestselling="">
    <a href="../prosc-crudo-carpegna-dop-c-o.html">
        <div style="background-image: url('../../cdn.spesati.com/images/products/missing-image/missing-image.jpg')">
            <div class="hover"></div>
            
            <div class="stickers"></div>
        </div>
    </a>
    <div>
        <h4><a href="../prosc-crudo-carpegna-dop-c-o.html"><b>Prosc Crudo Carpegna Dop C-o</b></a></h4>
        <p class="description">medium weight 0.500 Kg</p>
        <p class="right price"><b>18.95 €</b></p>
        <p class="right unitPrice">37.91 € per kg</p>
    </div>
    <div class="notAvailable">
    <a class="button bgDarkGrey white" href="../prosc-crudo-carpegna-dop-c-o.html">Not available</a>
</div>
</div><div class="left product prod194"
        data-name="Prosc Cotto Citterio 3pzx40gr"
        data-price="2.93"
        data-id="24857"
        data-available="no"
        data-category="4628"
        data-bestselling="">
    <a href="../prosc-cotto-citterio-3pzx40gr.html">
        <div style="background-image: url('../../cdn.spesati.com/images/products/missing-image/missing-image.jpg')">
            <div class="hover"></div>
            
            <div class="stickers"></div>
        </div>
    </a>
    <div>
        <h4><a href="../prosc-cotto-citterio-3pzx40gr.html"><b>Prosc Cotto Citterio 3pzx40gr</b></a></h4>
        <p class="description">1 piece</p>
        <p class="right price"><b>2.93 €</b></p>
        <p class="right unitPrice">2.94 € per piece</p>
    </div>
    <div class="notAvailable">
    <a class="button bgDarkGrey white" href="../prosc-cotto-citterio-3pzx40gr.html">Not available</a>
</div>
</div><div class="left product prod195"
        data-name="Salame Milano Citterio 3pzx30g"
        data-price="2.35"
        data-id="24858"
        data-available="no"
        data-category="4628"
        data-bestselling="">
    <a href="../salame-milano-citterio-3pzx30g.html">
        <div style="background-image: url('../../cdn.spesati.com/images/products/missing-image/missing-image.jpg')">
            <div class="hover"></div>
            
            <div class="stickers"></div>
        </div>
    </a>
    <div>
        <h4><a href="../salame-milano-citterio-3pzx30g.html"><b>Salame Milano Citterio 3pzx30g</b></a></h4>
        <p class="description">0.09 Kg</p>
        <p class="right price"><b>2.35 €</b></p>
        <p class="right unitPrice">26.06 € per kg</p>
    </div>
    <div class="notAvailable">
    <a class="button bgDarkGrey white" href="../salame-milano-citterio-3pzx30g.html">Not available</a>
</div>
</div><div class="left product prod196"
        data-name="Filetto M Arci Campagnolo Sv"
        data-price="9.48"
        data-id="25108"
        data-available="no"
        data-category="4628"
        data-bestselling="">
    <a href="../filetto-m-arci-campagnolo-sv.html">
        <div style="background-image: url('../../cdn.spesati.com/images/products/missing-image/missing-image.jpg')">
            <div class="hover"></div>
            
            <div class="stickers"></div>
        </div>
    </a>
    <div>
        <h4><a href="../filetto-m-arci-campagnolo-sv.html"><b>Filetto M Arci Campagnolo Sv</b></a></h4>
        <p class="description">medium weight 0.250 Kg</p>
        <p class="right price"><b>9.48 €</b></p>
        <p class="right unitPrice">37.91 € per kg</p>
    </div>
    <div class="notAvailable">
    <a class="button bgDarkGrey white" href="../filetto-m-arci-campagnolo-sv.html">Not available</a>
</div>
</div><div class="left product prod197"
        data-name="Prosc Crudo Citterio 3pzx30gr"
        data-price="2.36"
        data-id="24859"
        data-available="no"
        data-category="4628"
        data-bestselling="">
    <a href="../prosc-crudo-citterio-3pzx30gr.html">
        <div style="background-image: url('../../cdn.spesati.com/images/products/missing-image/missing-image.jpg')">
            <div class="hover"></div>
            
            <div class="stickers"></div>
        </div>
    </a>
    <div>
        <h4><a href="../prosc-crudo-citterio-3pzx30gr.html"><b>Prosc Crudo Citterio 3pzx30gr</b></a></h4>
        <p class="description">1 piece</p>
        <p class="right price"><b>2.36 €</b></p>
        <p class="right unitPrice">2.37 € per piece</p>
    </div>
    <div class="notAvailable">
    <a class="button bgDarkGrey white" href="../prosc-crudo-citterio-3pzx30gr.html">Not available</a>
</div>
</div><div class="left product prod198"
        data-name="Prosc Cotto Citterio Grangusto"
        data-price="6.89"
        data-id="24862"
        data-available="no"
        data-category="4628"
        data-bestselling="">
    <a href="../prosc-cotto-citterio-grangusto.html">
        <div style="background-image: url('../../cdn.spesati.com/images/products/missing-image/missing-image.jpg')">
            <div class="hover"></div>
            
            <div class="stickers"></div>
        </div>
    </a>
    <div>
        <h4><a href="../prosc-cotto-citterio-grangusto.html"><b>Prosc Cotto Citterio Grangusto</b></a></h4>
        <p class="description">medium weight 0.500 Kg</p>
        <p class="right price"><b>6.89 €</b></p>
        <p class="right unitPrice">13.78 € per kg</p>
    </div>
    <div class="notAvailable">
    <a class="button bgDarkGrey white" href="../prosc-cotto-citterio-grangusto.html">Not available</a>
</div>
</div><div class="left product prod199"
        data-name="Speck Class Citterio 1-2 Sv"
        data-price="33.00"
        data-id="24864"
        data-available="no"
        data-category="4628"
        data-bestselling="">
    <a href="../speck-class-citterio-1-2-sv.html">
        <div style="background-image: url('../../cdn.spesati.com/images/products/missing-image/missing-image.jpg')">
            <div class="hover"></div>
            
            <div class="stickers"></div>
        </div>
    </a>
    <div>
        <h4><a href="../speck-class-citterio-1-2-sv.html"><b>Speck Class Citterio 1-2 Sv</b></a></h4>
        <p class="description">medium weight  2.500 Kg</p>
        <p class="right price"><b>33.00 €</b></p>
        <p class="right unitPrice">13.20 € per kg</p>
    </div>
    <div class="notAvailable">
    <a class="button bgDarkGrey white" href="../speck-class-citterio-1-2-sv.html">Not available</a>
</div>
</div><div class="left product prod200"
        data-name="Lardo Di Colonnata Igp"
        data-price="15.45"
        data-id="25111"
        data-available="no"
        data-category="4628"
        data-bestselling="">
    <a href="../lardo-di-colonnata-igp.html">
        <div style="background-image: url('../../cdn.spesati.com/images/products/missing-image/missing-image.jpg')">
            <div class="hover"></div>
            
            <div class="stickers"></div>
        </div>
    </a>
    <div>
        <h4><a href="../lardo-di-colonnata-igp.html"><b>Lardo Di Colonnata Igp</b></a></h4>
        <p class="description">medium weight 0.500 Kg</p>
        <p class="right price"><b>15.45 €</b></p>
        <p class="right unitPrice">30.90 € per kg</p>
    </div>
    <div class="notAvailable">
    <a class="button bgDarkGrey white" href="../lardo-di-colonnata-igp.html">Not available</a>
</div>
</div><div class="left product prod201"
        data-name="Prosc Crudo Citterio Tranci Sv"
        data-price="27.84"
        data-id="24865"
        data-available="no"
        data-category="4628"
        data-bestselling="">
    <a href="../prosc-crudo-citterio-tranci-sv.html">
        <div style="background-image: url('../../cdn.spesati.com/images/products/missing-image/missing-image.jpg')">
            <div class="hover"></div>
            
            <div class="stickers"></div>
        </div>
    </a>
    <div>
        <h4><a href="../prosc-crudo-citterio-tranci-sv.html"><b>Prosc Crudo Citterio Tranci Sv</b></a></h4>
        <p class="description">medium weight 1.500 Kg</p>
        <p class="right price"><b>27.84 €</b></p>
        <p class="right unitPrice">18.56 € per kg</p>
    </div>
    <div class="notAvailable">
    <a class="button bgDarkGrey white" href="../prosc-crudo-citterio-tranci-sv.html">Not available</a>
</div>
</div><div class="left product prod202"
        data-name="Coppa Villagrande Sarda Sv"
        data-price="29.93"
        data-id="25112"
        data-available="no"
        data-category="4628"
        data-bestselling="">
    <a href="../coppa-villagrande-sarda-sv.html">
        <div style="background-image: url('../../cdn.spesati.com/images/products/missing-image/missing-image.jpg')">
            <div class="hover"></div>
            
            <div class="stickers"></div>
        </div>
    </a>
    <div>
        <h4><a href="../coppa-villagrande-sarda-sv.html"><b>Coppa Villagrande Sarda Sv</b></a></h4>
        <p class="description">medium weight 1 Kg</p>
        <p class="right price"><b>29.93 €</b></p>
        <p class="right unitPrice">29.93 € per kg</p>
    </div>
    <div class="notAvailable">
    <a class="button bgDarkGrey white" href="../coppa-villagrande-sarda-sv.html">Not available</a>
</div>
</div><div class="left product prod203"
        data-name="Prosc Crudo S Daniele C-o 14m"
        data-price="332.73"
        data-id="24871"
        data-available="no"
        data-category="4628"
        data-bestselling="">
    <a href="../prosc-crudo-s-daniele-c-o-14m.html">
        <div style="background-image: url('../../cdn.spesati.com/images/products/missing-image/missing-image.jpg')">
            <div class="hover"></div>
            
            <div class="stickers"></div>
        </div>
    </a>
    <div>
        <h4><a href="../prosc-crudo-s-daniele-c-o-14m.html"><b>Prosc Crudo S Daniele C-o 14m</b></a></h4>
        <p class="description">1 Kg</p>
        <p class="right price"><b>332.73 €</b></p>
        <p class="right unitPrice">30.90 € per kg</p>
    </div>
    <div class="notAvailable">
    <a class="button bgDarkGrey white" href="../prosc-crudo-s-daniele-c-o-14m.html">Not available</a>
</div>
</div><div class="left product prod204"
        data-name="Prosc Iberico Bellota C-o 40m"
        data-price="64.95"
        data-id="25115"
        data-available="no"
        data-category="4628"
        data-bestselling="">
    <a href="../prosc-iberico-bellota-c-o-40m.html">
        <div style="background-image: url('../../cdn.spesati.com/images/products/missing-image/missing-image.jpg')">
            <div class="hover"></div>
            
            <div class="stickers"></div>
        </div>
    </a>
    <div>
        <h4><a href="../prosc-iberico-bellota-c-o-40m.html"><b>Prosc Iberico Bellota C-o 40m</b></a></h4>
        <p class="description">medium weight 0.500 Kg</p>
        <p class="right price"><b>64.95 €</b></p>
        <p class="right unitPrice">129.90 € per kg</p>
    </div>
    <div class="notAvailable">
    <a class="button bgDarkGrey white" href="../prosc-iberico-bellota-c-o-40m.html">Not available</a>
</div>
</div><div class="left product prod205"
        data-name="Prosc Crudo Fatt Genn 100gr"
        data-price="4.19"
        data-id="25118"
        data-available="no"
        data-category="4628"
        data-bestselling="">
    <a href="../prosc-crudo-fatt-genn-100gr.html">
        <div style="background-image: url('../../cdn.spesati.com/images/products/missing-image/missing-image.jpg')">
            <div class="hover"></div>
            
            <div class="stickers"></div>
        </div>
    </a>
    <div>
        <h4><a href="../prosc-crudo-fatt-genn-100gr.html"><b>Prosc Crudo Fatt Genn 100gr</b></a></h4>
        <p class="description">0.1 Kg</p>
        <p class="right price"><b>4.19 €</b></p>
        <p class="right unitPrice">41.90 € per kg</p>
    </div>
    <div class="notAvailable">
    <a class="button bgDarkGrey white" href="../prosc-crudo-fatt-genn-100gr.html">Not available</a>
</div>
</div><div class="left product prod206"
        data-name="Prosc Cotto Preliba Intero"
        data-price="119.90"
        data-id="24874"
        data-available="no"
        data-category="4628"
        data-bestselling="">
    <a href="../prosc-cotto-preliba-intero.html">
        <div style="background-image: url('../../cdn.spesati.com/images/products/missing-image/missing-image.jpg')">
            <div class="hover"></div>
            
            <div class="stickers"></div>
        </div>
    </a>
    <div>
        <h4><a href="../prosc-cotto-preliba-intero.html"><b>Prosc Cotto Preliba Intero</b></a></h4>
        <p class="description">medium weight  8.5 Kg</p>
        <p class="right price"><b>119.90 €</b></p>
        <p class="right unitPrice">14.10 € per kg</p>
    </div>
    <div class="notAvailable">
    <a class="button bgDarkGrey white" href="../prosc-cotto-preliba-intero.html">Not available</a>
</div>
</div><div class="left product prod207"
        data-name="Pancetta Cubetti Affum. 500 Gr"
        data-price="9.40"
        data-id="26983"
        data-available="no"
        data-category="4628"
        data-bestselling="">
    <a href="../pancetta-cubetti-affum-500-gr.html">
        <div style="background-image: url('../../cdn.spesati.com/images/products/missing-image/missing-image.jpg')">
            <div class="hover"></div>
            
            <div class="stickers"></div>
        </div>
    </a>
    <div>
        <h4><a href="../pancetta-cubetti-affum-500-gr.html"><b>Pancetta Cubetti Affum. 500 Gr</b></a></h4>
        <p class="description">0.5 Kg</p>
        <p class="right price"><b>9.40 €</b></p>
        <p class="right unitPrice">18.81 € per kg</p>
    </div>
    <div class="notAvailable">
    <a class="button bgDarkGrey white" href="../pancetta-cubetti-affum-500-gr.html">Not available</a>
</div>
</div><div class="left product prod208"
        data-name="Bresaola Punta D'anca 1-2 Exce"
        data-price="85.52"
        data-id="24877"
        data-available="no"
        data-category="4628"
        data-bestselling="">
    <a href="../bresaola-punta-danca-1-2-exce.html">
        <div style="background-image: url('../../cdn.spesati.com/images/products/missing-image/missing-image.jpg')">
            <div class="hover"></div>
            
            <div class="stickers"></div>
        </div>
    </a>
    <div>
        <h4><a href="../bresaola-punta-danca-1-2-exce.html"><b>Bresaola Punta D'anca 1-2 Exce</b></a></h4>
        <p class="description">medium weight  2.200 Kg</p>
        <p class="right price"><b>85.52 €</b></p>
        <p class="right unitPrice">38.87 € per kg</p>
    </div>
    <div class="notAvailable">
    <a class="button bgDarkGrey white" href="../bresaola-punta-danca-1-2-exce.html">Not available</a>
</div>
</div><div class="left product prod209"
        data-name="Conf M Arci Tris Salami Gourme"
        data-price="19.90"
        data-id="27006"
        data-available="no"
        data-category="4628"
        data-bestselling="">
    <a href="../conf-m-arci-tris-salami-gourme.html">
        <div style="background-image: url('../../cdn.spesati.com/images/products/missing-image/missing-image.jpg')">
            <div class="hover"></div>
            
            <div class="stickers"></div>
        </div>
    </a>
    <div>
        <h4><a href="../conf-m-arci-tris-salami-gourme.html"><b>Conf M Arci Tris Salami Gourme</b></a></h4>
        <p class="description">1 Kg</p>
        <p class="right price"><b>19.90 €</b></p>
        <p class="right unitPrice">19.90 € per kg</p>
    </div>
    <div class="notAvailable">
    <a class="button bgDarkGrey white" href="../conf-m-arci-tris-salami-gourme.html">Not available</a>
</div>
</div><div class="left product prod210"
        data-name="Prosc Crud Serrano C-morsa 10m"
        data-price="84.49"
        data-id="27017"
        data-available="no"
        data-category="4628"
        data-bestselling="">
    <a href="../prosc-crud-serrano-c-morsa-10m.html">
        <div style="background-image: url('../../cdn.spesati.com/images/products/missing-image/missing-image.jpg')">
            <div class="hover"></div>
            
            <div class="stickers"></div>
        </div>
    </a>
    <div>
        <h4><a href="../prosc-crud-serrano-c-morsa-10m.html"><b>Prosc Crud Serrano C-morsa 10m</b></a></h4>
        <p class="description">1 Kg</p>
        <p class="right price"><b>84.49 €</b></p>
        <p class="right unitPrice">84.49 € per kg</p>
    </div>
    <div class="notAvailable">
    <a class="button bgDarkGrey white" href="../prosc-crud-serrano-c-morsa-10m.html">Not available</a>
</div>
</div><div class="left product prod211"
        data-name="Prosciutto Fiocco Tondo Int Sv"
        data-price="66.54"
        data-id="24879"
        data-available="no"
        data-category="4628"
        data-bestselling="">
    <a href="../prosciutto-fiocco-tondo-int-sv.html">
        <div style="background-image: url('../../cdn.spesati.com/images/products/missing-image/missing-image.jpg')">
            <div class="hover"></div>
            
            <div class="stickers"></div>
        </div>
    </a>
    <div>
        <h4><a href="../prosciutto-fiocco-tondo-int-sv.html"><b>Prosciutto Fiocco Tondo Int Sv</b></a></h4>
        <p class="description">medium weight  3.500 Kg</p>
        <p class="right price"><b>66.54 €</b></p>
        <p class="right unitPrice">19.01 € per kg</p>
    </div>
    <div class="notAvailable">
    <a class="button bgDarkGrey white" href="../prosciutto-fiocco-tondo-int-sv.html">Not available</a>
</div>
</div><div class="left product prod212"
        data-name="Bresaola Equina 1-2 Sv"
        data-price="65.80"
        data-id="24881"
        data-available="no"
        data-category="4628"
        data-bestselling="">
    <a href="../bresaola-equina-1-2-sv.html">
        <div style="background-image: url('../../cdn.spesati.com/images/products/missing-image/missing-image.jpg')">
            <div class="hover"></div>
            
            <div class="stickers"></div>
        </div>
    </a>
    <div>
        <h4><a href="../bresaola-equina-1-2-sv.html"><b>Bresaola Equina 1-2 Sv</b></a></h4>
        <p class="description">2 Kg</p>
        <p class="right price"><b>65.80 €</b></p>
        <p class="right unitPrice">32.90 € per kg</p>
    </div>
    <div class="notAvailable">
    <a class="button bgDarkGrey white" href="../bresaola-equina-1-2-sv.html">Not available</a>
</div>
</div><div class="left product prod213"
        data-name="Bresaola Equina Intera Sv"
        data-price="112.46"
        data-id="24882"
        data-available="no"
        data-category="4628"
        data-bestselling="">
    <a href="../bresaola-equina-intera-sv.html">
        <div style="background-image: url('../../cdn.spesati.com/images/products/missing-image/missing-image.jpg')">
            <div class="hover"></div>
            
            <div class="stickers"></div>
        </div>
    </a>
    <div>
        <h4><a href="../bresaola-equina-intera-sv.html"><b>Bresaola Equina Intera Sv</b></a></h4>
        <p class="description">medium weight  3.500 Kg</p>
        <p class="right price"><b>112.46 €</b></p>
        <p class="right unitPrice">32.13 € per kg</p>
    </div>
    <div class="notAvailable">
    <a class="button bgDarkGrey white" href="../bresaola-equina-intera-sv.html">Not available</a>
</div>
</div><div class="left product prod214"
        data-name="Strolghino Pelato Sv 200gr"
        data-price="6.09"
        data-id="34777"
        data-available="no"
        data-category="4628"
        data-bestselling="">
    <a href="../strolghino-pelato-sv-200gr.html">
        <div style="background-image: url('../../cdn.spesati.com/images/products/missing-image/missing-image.jpg')">
            <div class="hover"></div>
            
            <div class="stickers"></div>
        </div>
    </a>
    <div>
        <h4><a href="../strolghino-pelato-sv-200gr.html"><b>Strolghino Pelato Sv 200gr</b></a></h4>
        <p class="description">0.2 Kg</p>
        <p class="right price"><b>6.09 €</b></p>
        <p class="right unitPrice">30.45 € per kg</p>
    </div>
    <div class="notAvailable">
    <a class="button bgDarkGrey white" href="../strolghino-pelato-sv-200gr.html">Not available</a>
</div>
</div><div class="left product prod215"
        data-name="Prosciutto Fiocco Pressato 1-2"
        data-price="29.00"
        data-id="24885"
        data-available="no"
        data-category="4628"
        data-bestselling="">
    <a href="../prosciutto-fiocco-pressato-1-2.html">
        <div style="background-image: url('../../cdn.spesati.com/images/products/missing-image/missing-image.jpg')">
            <div class="hover"></div>
            
            <div class="stickers"></div>
        </div>
    </a>
    <div>
        <h4><a href="../prosciutto-fiocco-pressato-1-2.html"><b>Prosciutto Fiocco Pressato 1-2</b></a></h4>
        <p class="description">medium weight 1.500 Kg</p>
        <p class="right price"><b>29.00 €</b></p>
        <p class="right unitPrice">19.33 € per kg</p>
    </div>
    <div class="notAvailable">
    <a class="button bgDarkGrey white" href="../prosciutto-fiocco-pressato-1-2.html">Not available</a>
</div>
</div><div class="left product prod216"
        data-name="Prosc Crudo Nazionale S-osso"
        data-price="260.02"
        data-id="34778"
        data-available="no"
        data-category="4628"
        data-bestselling="">
    <a href="../prosc-crudo-nazionale-s-osso.html">
        <div style="background-image: url('../../cdn.spesati.com/images/products/missing-image/missing-image.jpg')">
            <div class="hover"></div>
            
            <div class="stickers"></div>
        </div>
    </a>
    <div>
        <h4><a href="../prosc-crudo-nazionale-s-osso.html"><b>Prosc Crudo Nazionale S-osso</b></a></h4>
        <p class="description">medium weight  8.415 Kg</p>
        <p class="right price"><b>260.02 €</b></p>
        <p class="right unitPrice">30.90 € per kg</p>
    </div>
    <div class="notAvailable">
    <a class="button bgDarkGrey white" href="../prosc-crudo-nazionale-s-osso.html">Not available</a>
</div>
</div><div class="left product prod217"
        data-name="Culatta Gualerzi C-cotenna"
        data-price="215.52"
        data-id="34780"
        data-available="no"
        data-category="4628"
        data-bestselling="">
    <a href="../culatta-gualerzi-c-cotenna.html">
        <div style="background-image: url('../../cdn.spesati.com/images/products/missing-image/missing-image.jpg')">
            <div class="hover"></div>
            
            <div class="stickers"></div>
        </div>
    </a>
    <div>
        <h4><a href="../culatta-gualerzi-c-cotenna.html"><b>Culatta Gualerzi C-cotenna</b></a></h4>
        <p class="description">medium weight  4.800 Kg</p>
        <p class="right price"><b>215.52 €</b></p>
        <p class="right unitPrice">44.90 € per kg</p>
    </div>
    <div class="notAvailable">
    <a class="button bgDarkGrey white" href="../culatta-gualerzi-c-cotenna.html">Not available</a>
</div>
</div><div class="left product prod218"
        data-name="Salame Felino Igp"
        data-price="12.45"
        data-id="34800"
        data-available="no"
        data-category="4628"
        data-bestselling="">
    <a href="../salame-felino-igp.html">
        <div style="background-image: url('../../cdn.spesati.com/images/products/missing-image/missing-image.jpg')">
            <div class="hover"></div>
            
            <div class="stickers"></div>
        </div>
    </a>
    <div>
        <h4><a href="../salame-felino-igp.html"><b>Salame Felino Igp</b></a></h4>
        <p class="description">medium weight 0.500 Kg</p>
        <p class="right price"><b>12.45 €</b></p>
        <p class="right unitPrice">24.90 € per kg</p>
    </div>
    <div class="notAvailable">
    <a class="button bgDarkGrey white" href="../salame-felino-igp.html">Not available</a>
</div>
</div><div class="left product prod219"
        data-name="Prosc Cotto Coati Il Magnifico"
        data-price="194.67"
        data-id="24897"
        data-available="no"
        data-category="4628"
        data-bestselling="">
    <a href="../prosc-cotto-coati-il-magnifico.html">
        <div style="background-image: url('../../cdn.spesati.com/images/products/missing-image/missing-image.jpg')">
            <div class="hover"></div>
            
            <div class="stickers"></div>
        </div>
    </a>
    <div>
        <h4><a href="../prosc-cotto-coati-il-magnifico.html"><b>Prosc Cotto Coati Il Magnifico</b></a></h4>
        <p class="description">medium weight  9 Kg</p>
        <p class="right price"><b>194.67 €</b></p>
        <p class="right unitPrice">21.63 € per kg</p>
    </div>
    <div class="notAvailable">
    <a class="button bgDarkGrey white" href="../prosc-cotto-coati-il-magnifico.html">Not available</a>
</div>
</div><div class="left product prod220"
        data-name="Lardo D'arnard Dop"
        data-price="8.45"
        data-id="34802"
        data-available="no"
        data-category="4628"
        data-bestselling="">
    <a href="../lardo-darnard-dop.html">
        <div style="background-image: url('../../cdn.spesati.com/images/products/missing-image/missing-image.jpg')">
            <div class="hover"></div>
            
            <div class="stickers"></div>
        </div>
    </a>
    <div>
        <h4><a href="../lardo-darnard-dop.html"><b>Lardo D'arnard Dop</b></a></h4>
        <p class="description">medium weight 0.500 Kg</p>
        <p class="right price"><b>8.45 €</b></p>
        <p class="right unitPrice">16.90 € per kg</p>
    </div>
    <div class="notAvailable">
    <a class="button bgDarkGrey white" href="../lardo-darnard-dop.html">Not available</a>
</div>
</div><div class="left product prod221"
        data-name="Prosc Cotto Coati Gold"
        data-price="74.05"
        data-id="24900"
        data-available="no"
        data-category="4628"
        data-bestselling="">
    <a href="../prosc-cotto-coati-gold.html">
        <div style="background-image: url('../../cdn.spesati.com/images/products/missing-image/missing-image.jpg')">
            <div class="hover"></div>
            
            <div class="stickers"></div>
        </div>
    </a>
    <div>
        <h4><a href="../prosc-cotto-coati-gold.html"><b>Prosc Cotto Coati Gold</b></a></h4>
        <p class="description">medium weight  7.5 Kg</p>
        <p class="right price"><b>74.05 €</b></p>
        <p class="right unitPrice">9.88 € per kg</p>
    </div>
    <div class="notAvailable">
    <a class="button bgDarkGrey white" href="../prosc-cotto-coati-gold.html">Not available</a>
</div>
</div><div class="left product prod222"
        data-name="Prosc Cotto Coati Castello"
        data-price="69.35"
        data-id="24901"
        data-available="no"
        data-category="4628"
        data-bestselling="">
    <a href="../prosc-cotto-coati-castello.html">
        <div style="background-image: url('../../cdn.spesati.com/images/products/missing-image/missing-image.jpg')">
            <div class="hover"></div>
            
            <div class="stickers"></div>
        </div>
    </a>
    <div>
        <h4><a href="../prosc-cotto-coati-castello.html"><b>Prosc Cotto Coati Castello</b></a></h4>
        <p class="description">medium weight  7.5 Kg</p>
        <p class="right price"><b>69.35 €</b></p>
        <p class="right unitPrice">9.25 € per kg</p>
    </div>
    <div class="notAvailable">
    <a class="button bgDarkGrey white" href="../prosc-cotto-coati-castello.html">Not available</a>
</div>
</div><div class="left product prod223"
        data-name="Prosc Iberico Cebo C-o 30m"
        data-price="639.20"
        data-id="24902"
        data-available="no"
        data-category="4628"
        data-bestselling="">
    <a href="../prosc-iberico-cebo-c-o-30m.html">
        <div style="background-image: url('../../cdn.spesati.com/images/products/missing-image/missing-image.jpg')">
            <div class="hover"></div>
            
            <div class="stickers"></div>
        </div>
    </a>
    <div>
        <h4><a href="../prosc-iberico-cebo-c-o-30m.html"><b>Prosc Iberico Cebo C-o 30m</b></a></h4>
        <p class="description">medium weight  8 Kg</p>
        <p class="right price"><b>639.20 €</b></p>
        <p class="right unitPrice">79.90 € per kg</p>
    </div>
    <div class="notAvailable">
    <a class="button bgDarkGrey white" href="../prosc-iberico-cebo-c-o-30m.html">Not available</a>
</div>
</div><div class="left product prod224"
        data-name="Prosciutto Cotto Rovagnati Gran Biscotto"
        data-price="514.07"
        data-id="973"
        data-available="no"
        data-category="4628"
        data-bestselling="">
    <a href="../prosciutto-cotto-rovagnati-gran-biscotto.html">
        <div style="background-image: url('../../cdn.spesati.com/images/products/missing-image/missing-image.jpg')">
            <div class="hover"></div>
            
            <div class="stickers"></div>
        </div>
    </a>
    <div>
        <h4><a href="../prosciutto-cotto-rovagnati-gran-biscotto.html"><b>Prosciutto Cotto Rovagnati Gran Biscotto</b></a></h4>
        <p class="description">15 Kg</p>
        <p class="right price"><b>514.07 €</b></p>
        <p class="right unitPrice">34.27 € per kg</p>
    </div>
    <div class="notAvailable">
    <a class="button bgDarkGrey white" href="../prosciutto-cotto-rovagnati-gran-biscotto.html">Not available</a>
</div>
</div><div class="left product prod225"
        data-name="Salame Golfera Il Golfetta"
        data-price="138.74"
        data-id="24904"
        data-available="no"
        data-category="4628"
        data-bestselling="">
    <a href="../salame-golfera-il-golfetta.html">
        <div style="background-image: url('../../cdn.spesati.com/images/products/missing-image/missing-image.jpg')">
            <div class="hover"></div>
            
            <div class="stickers"></div>
        </div>
    </a>
    <div>
        <h4><a href="../salame-golfera-il-golfetta.html"><b>Salame Golfera Il Golfetta</b></a></h4>
        <p class="description">medium weight  4.640 Kg</p>
        <p class="right price"><b>138.74 €</b></p>
        <p class="right unitPrice">29.90 € per kg</p>
    </div>
    <div class="notAvailable">
    <a class="button bgDarkGrey white" href="../salame-golfera-il-golfetta.html">Not available</a>
</div>
</div><div class="left product prod226"
        data-name="Prosc Crudo Serrano S-o"
        data-price="432.60"
        data-id="24918"
        data-available="no"
        data-category="4628"
        data-bestselling="">
    <a href="../prosc-crudo-serrano-s-o.html">
        <div style="background-image: url('../../cdn.spesati.com/images/products/missing-image/missing-image.jpg')">
            <div class="hover"></div>
            
            <div class="stickers"></div>
        </div>
    </a>
    <div>
        <h4><a href="../prosc-crudo-serrano-s-o.html"><b>Prosc Crudo Serrano S-o</b></a></h4>
        <p class="description">1 Kg</p>
        <p class="right price"><b>432.60 €</b></p>
        <p class="right unitPrice">30.90 € per kg</p>
    </div>
    <div class="notAvailable">
    <a class="button bgDarkGrey white" href="../prosc-crudo-serrano-s-o.html">Not available</a>
</div>
</div><div class="left product prod227"
        data-name="Lardo Su Sirboni Tranci S-v"
        data-price="81.12"
        data-id="24924"
        data-available="no"
        data-category="4628"
        data-bestselling="">
    <a href="../lardo-su-sirboni-tranci-s-v.html">
        <div style="background-image: url('../../cdn.spesati.com/images/products/missing-image/missing-image.jpg')">
            <div class="hover"></div>
            
            <div class="stickers"></div>
        </div>
    </a>
    <div>
        <h4><a href="../lardo-su-sirboni-tranci-s-v.html"><b>Lardo Su Sirboni Tranci S-v</b></a></h4>
        <p class="description">medium weight  4.800 Kg</p>
        <p class="right price"><b>81.12 €</b></p>
        <p class="right unitPrice">16.90 € per kg</p>
    </div>
    <div class="notAvailable">
    <a class="button bgDarkGrey white" href="../lardo-su-sirboni-tranci-s-v.html">Not available</a>
</div>
</div><div class="left product prod228"
        data-name="Pancetta Su Sirboni Tranci S-v"
        data-price="142.12"
        data-id="24925"
        data-available="no"
        data-category="4628"
        data-bestselling="">
    <a href="../pancetta-su-sirboni-tranci-s-v.html">
        <div style="background-image: url('../../cdn.spesati.com/images/products/missing-image/missing-image.jpg')">
            <div class="hover"></div>
            
            <div class="stickers"></div>
        </div>
    </a>
    <div>
        <h4><a href="../pancetta-su-sirboni-tranci-s-v.html"><b>Pancetta Su Sirboni Tranci S-v</b></a></h4>
        <p class="description">medium weight  7 Kg</p>
        <p class="right price"><b>142.12 €</b></p>
        <p class="right unitPrice">20.90 € per kg</p>
    </div>
    <div class="notAvailable">
    <a class="button bgDarkGrey white" href="../pancetta-su-sirboni-tranci-s-v.html">Not available</a>
</div>
</div>        </div>
    </div>
</section>
<div class="footer">
    <div class="bgDarkGrey"></div>
    <footer>
        <div class="left bgDarkGrey">
            <a id="logoFooter" href="../index.html" class="estDynamic">
                <img src="../../cdn.spesati.com/images/layout/logo-eng.png" alt="Spesati.com" />
                <h2 class="red">Grocery Delivery</h2>
            </a>
            <a class="button bgRed white mobile" href="tel:390707968318">Phone order</a>
            <a class="button bgRed white desktop" href="../news/2020-04-07/news-on-spesati-the-telephone-order-service-is-active.html">Phone order</a>
            <a class="button bgRed white" href="../cdn-cgi/l/email-protection.html#4f262129200f3c3f2a3c2e3b26612c2022">Send mail</a>
            <div id="social">
                <a class="left" href="https://www.facebook.com/spesati/" rel="external" target="_blank">
                    <span class="facebook bgRed fa-stack fa-lg">
                        <i class="fa fa-facebook fa-stack-1x "></i>
                    </span>
                </a>
                <a class="right" href="https://twitter.com/spesati" rel="external" target="_blank">
                    <span class="twitter bgRed fa-stack fa-lg">
                        <i class="fa fa-twitter fa-stack-1x "></i>
                    </span>
                </a>
            </div>
            <p>Copyright 2024 Spesati.com </p>
            
                    <p>All rights reserved</p>
                    <p>SPESATI SRL</p>
                    <p>Corso Vittorio Veneto 15/I, 07026, Olbia</p>
                    <p>CF e P.Iva: 02772380909</p>
                        </div>
        <div class="center bgRed">
            <div class="top">
                <h3>Categories</h3>
                <div class="col">
                    <ul>
                        <li>
                            <a href="#" class="estDynamic">On sale</a>
                        </li>
                        <li>
                            <a href="../fruit-and-vegetables.html" class="estDynamic">Fruit and vegetables</a>
                        </li>
                        <li>
                            <a href="../fresh-products.html" class="estDynamic">Fresh products</a>
                        </li>
                        <li>
                            <a href="../frozen-foods.html" class="estDynamic">Frozen foods</a>
                        </li>
                        <li>
                            <a href="../bread-and-pasta.html" class="estDynamic">Bread and pasta</a>
                        </li>
                        <li>
                            <a href="../meat.html" class="estDynamic">Meat</a>
                        </li>
                        <li>
                            <a href="../fish.html" class="estDynamic">Fish</a>
                        </li>
                    </ul>
                </div>
                <div class="col">
                    <ul>
                        <li>
                            <a href="../wine-beer-and-spirits.html" class="estDynamic">Wine beer and spirits</a>
                        </li>
                        <li>
                            <a href="../water-and-drinks.html" class="estDynamic">Water and drinks</a>
                        </li>
                        <li>
                            <a href="../sweets.html" class="estDynamic">Sweets</a>
                        </li>
                        <li>
                            <a href="../shelf.html" class="estDynamic">Cupboard</a>
                        </li>
                        <li>
                            <a href="../personal-care.html" class="estDynamic">Personal care</a>
                        </li>
                        <li>
                            <a href="../household-and-outdoors.html" class="estDynamic">Home and outdoors</a>
                        </li>
                        <li>
                            <a href="../pet.html" class="estDynamic">Pets</a>
                        </li>
                    </ul>
                </div>
                <div class="col">
                    <ul>
                        <li>
                            <a href="../technology.html" class="estDynamic">Technology</a>
                        </li>
                        <li>
                            <a href="../gluten-free.html" class="estDynamic">Gluten free</a>
                        </li>
                        <li>
                            <a href="../lactose-free.html" class="estDynamic">Lactose free</a>
                        </li>
                        <li>
                            <a href="../special.html" class="estDynamic">Special</a>
                        </li>
                        <li>
                            <a href="../sardinian-products.html" class="estDynamic">Sardinian products</a>
                        </li>
                    </ul>
                </div>
            </div>
            <div class="bottom bgRed">
                <div class="left">
                    <h3>Delivery payment</h3>
                    <div>
                        <i class="fa fa-money fa-3x" aria-hidden="true"></i>
                        <p>Cash</p>
                    </div>
                    <div>
                        <i class="fa fa-credit-card fa-3x" aria-hidden="true"></i>
                        <p>Bancomat or card</p>
                    </div>
                </div>
                <div class="right">
                    <h3>Online payment</h3>
                    <div>
                        <i class="fa fa-credit-card fa-3x" aria-hidden="true"></i>
                        <p>Credit or debit card <span class="red">online</span></p>
                    </div>
                    <div>
                        <i class="fa fa-paypal fa-3x" aria-hidden="true"></i>
                        <p>PayPal</p>
                    </div>
                    <div>
                        <i class="fa fa-university fa-3x" aria-hidden="true"></i>
                        <p>Bank transfer</p>
                    </div>
                </div>
            </div>
        </div>
        <div class="right bgRed">
            <div>
                <i class="fa fa-truck fa-flip-horizontal"></i>
                <a class="button bgYellow white" href="../delivery-prices.html">Delivery prices</a>
                
                    <h3>Home delivery:</h3>
                    <p><b>Monday to Saturday</b></p>
                    <p><b>9:00 to 20:00</b></p>
                    <p><b>Minimum order:</b> 29€</p>
                    <p><b>Delivery starting from:</b> 3,50€</p>
                            </div>
            <ul>
                <li>
                    <a href="../delivery-prices.html">Delivery prices</a>
                </li>
                <li>
                    <a href="../about.html">About</a>
                </li>
                <li>
                    <a href="../faq.html">Faq</a>
                </li>
                <li>
                    <a href="../customer-care.html">Support</a>
                </li>
                <li>
                    <a href="../news.html">Blog</a>
                </li>
                <li>
                    <a href="../terms-and-conditions.html">Conditions</a>
                </li>
                <li>
                    <a href="../privacy-policy.html">Privacy policy</a>
                </li>
                <li>
                    <a href="../legal-warranty.html">Legal guarantee</a>
                </li>
            </ul>
        </div>
    </footer>
    <div class="bgRed"></div>
</div>
<!--Start of Tawk.to Script-->
<script data-cfasync="false" src="../cdn-cgi/scripts/5c5dd728/cloudflare-static/email-decode.min.js"></script><script type="text/javascript">
var Tawk_API=Tawk_API||{}, Tawk_LoadStart=new Date();
(function(){
var s1=document.createElement("script"),s0=document.getElementsByTagName("script")[0];
s1.async=true;
s1.src='https://embed.tawk.to/59e86945c28eca75e4626ed9/default';
s1.charset='UTF-8';
s1.setAttribute('crossorigin','*');
s0.parentNode.insertBefore(s1,s0);
})();
</script>
<!--End of Tawk.to Script-->

<!-- Here are parked a few translatable strings, useful for Javascript rendering -->
<div id="js-texts" hidden>
    <input type="hidden" name="save_cart_notice" value="Saving your cart it will be possible to reload it next time you come for shopping">
    <input type="hidden" name="save_cart_notice_title" value="Want to save your cart?">
    <input type="hidden" name="save_cart_ok" value="Save">
    <input type="hidden" name="save_cart_ko" value="Don't Save">
    <input type="hidden" name="reload_cart" value="The Reload Order function allows you to top up your last cart to make a New Order. Warning: do not use this function to add products to the last order. At this time it is not possible to modify an order placed previously.">
</div>

<!-- new site and login popup -->
</body>
<!-- Mirrored from www.spesati.com/fresh-products/cured-meat by HTTrack Website Copier/3.x [XR&CO'2014], Fri, 23 Feb 2024 17:39:05 GMT -->
</html>