<!DOCTYPE html><html lang="en">
<!-- Mirrored from www.spesati.com/fresh-products/ricotta-and-cheese by HTTrack Website Copier/3.x [XR&CO'2014], Fri, 23 Feb 2024 17:32:38 GMT -->
<!-- Added by HTTrack --><meta http-equiv="content-type" content="text/html;charset=utf-8" /><!-- /Added by HTTrack -->
<head>
    <title>Ricotta and cheese - Fresh products - Spesati.com</title>
    <meta http-equiv="Content-Type" content="text/html; charset=UTF-8" />
    <meta name="description" content="" />
    <meta name="keywords" content="" />
    <link href="../images/favicon.ico" rel="shortcut icon" type="image/x-icon" />
    <meta name="author" content="www.dodify.com" /><link rel="canonical" href="ricotta-and-cheese.html" /><link rel="alternate" hreflang="en" href="ricotta-and-cheese.html" /><link rel="alternate" hreflang="it" href="https://www.spesati.it/prodotti-freschi/ricotta-e-formaggi" /><link href="../../cdnjs.cloudflare.com/ajax/libs/meyer-reset/2.0/reset.min.css" rel="stylesheet" type="text/css" /><link href="../../cdnjs.cloudflare.com/ajax/libs/font-awesome/6.5.1/css/all.min.css" rel="stylesheet" type="text/css" /><link href="https://fonts.googleapis.com/css?family=Montserrat:400,700" rel="stylesheet" type="text/css" /><link href="../../cdnjs.cloudflare.com/ajax/libs/fancybox/2.1.5/jquery.fancybox.min.css" rel="stylesheet" type="text/css" /><link href="../style/mainbea6.css?v=7" rel="stylesheet" type="text/css" /><link href="../style/lightslider.css" rel="stylesheet" type="text/css" /><link href="../style/categories.css" rel="stylesheet" type="text/css" /><script src="../../cdnjs.cloudflare.com/ajax/libs/jquery/3.6.1/jquery.min.js" type="text/javascript"></script><script src="../../ajax.googleapis.com/ajax/libs/jquery/1.11.0/jquery.min.js" type="text/javascript"></script><script src="http://unpkg.com/@floating-ui/core@0.4.0" type="text/javascript"></script><script src="http://unpkg.com/@floating-ui/dom@0.2.0" type="text/javascript"></script><script src="../../cdnjs.cloudflare.com/ajax/libs/fancybox/2.1.5/jquery.fancybox.min.js" type="text/javascript"></script><script src="../js/menu.js" type="text/javascript"></script><script src="../js/interfaceb6f5.js?v=10" type="text/javascript"></script><script src="../js/spesati.lightslider.min.js" type="text/javascript"></script><meta name="viewport" content="width=device-width, initial-scale=1, maximum-scale=1" /><meta name = "format-detection" content = "telephone=no">
<!-- Facebook Pixel Code -->
<script>
  !function(f,b,e,v,n,t,s)
  {if(f.fbq)return;n=f.fbq=function(){n.callMethod?
  n.callMethod.apply(n,arguments):n.queue.push(arguments)};
  if(!f._fbq)f._fbq=n;n.push=n;n.loaded=!0;n.version='2.0';
  n.queue=[];t=b.createElement(e);t.async=!0;
  t.src=v;s=b.getElementsByTagName(e)[0];
  s.parentNode.insertBefore(t,s)}(window, document,'script',
  '../../connect.facebook.net/en_US/fbevents.js');
  fbq('init', '792335014180667');
  fbq('track', 'PageView');
</script>
<noscript>
    <img height="1" width="1" style="display:none" src="https://www.facebook.com/tr?id=792335014180667&amp;ev=PageView&amp;noscript=1" />
</noscript>
<!-- End Facebook Pixel Code -->

<!-- GA4 -->
<script async src="https://www.googletagmanager.com/gtag/js?id=G-SSS6NRNXL0"></script>
<script>
  window.dataLayer = window.dataLayer || [];
  function gtag(){dataLayer.push(arguments);}
  gtag('js', new Date());
  gtag('config', 'AW-976671669');
  gtag('config', 'G-SSS6NRNXL0');
</script>
<!-- Elements for PWA deploy -->
<link rel="manifest" href="../manifest.json">
<meta name="theme-color" media="(prefers-color-scheme: light)" content="white">
<meta name="theme-color" media="(prefers-color-scheme: dark)"  content="black">
<link href=../images/icon-192.png rel=apple-touch-icon sizes="192x192">
<!-- Establishment logic -->
<script>var pageEstablishment = "Olbia"; var estDefaultPages = true</script>
    <!--[if lt IE 9]>
        <script src="https://cdnjs.cloudflare.com/ajax/libs/html5shiv/3.7.3/html5shiv.min.js" type="text/javascript"></script>
    <![endif]--><script type="text/javascript">
$(document).ready(function() {
    // Check if exists cookie
    if(document.cookie.indexOf("cookieAccepted") < 0) {
        var cookieText = '<div id=\"cookie\"><p>This site uses cookies. Cookies are used for ads personalisation. <a href=\"/privacy-policy\">More info</a></p><button id=\"cookieConsent\" type=\"button\">Accept</button></div>';
        $("body").append($(
            cookieText
        ));
        $('#cookie').css({
            'width'           : '100%',
            'text-align'      : 'center',
            'color'           : '#FFFFFF',
            'background-color': '#000000', 
            'opacity'         : '.8', 
            'position'        : 'fixed', 
            'bottom'          : '0',
            'padding'         : '.5em 0',
            'z-index'         : '999'
        });
        $('#cookie > *').css({
            'display': 'inline'
        });
        $('#cookie a').css({
            'color'          : '#FFFFFF',
            'text-decoration': 'underline',
            'margin-right'   : '2%'
        });
        $('#cookieConsent').click(function() {
            // Set cookie
            var expiry = new Date();
            expiry.setTime(expiry.getTime() + (365 * 24 * 60 * 60 * 1000));
            document.cookie = "cookieAccepted=yes; expires=" + expiry.toGMTString() + "; path=/; domain=.spesati.com";
            $('#cookie').css({'display': 'none'});
        });
    }
});
</script></head><body><script type="text/javascript">
    var addText = "Add";
    var slider  = null;
    $(document).ready(function() {
        slider = $('#cartSlider').lightSlider({
            controls: false,
            item:13,
            loop:false,
            slideMove:1,
            easing: 'cubic-bezier(0.25, 0, 0.25, 1)',
            speed:600,
            responsive : [
                {
                    breakpoint:1400,
                    settings: {
                        item:12,
                        slideMove:1,
                    }
                },
                {
                    breakpoint:1200,
                    settings: {
                        item:11,
                        slideMove:1,
                    }
                },
                {
                    breakpoint:1080,
                    settings: {
                        item:14,
                        slideMove:1,
                    }
                },
                {
                    breakpoint:800,
                    settings: {
                        item:12,
                        slideMove:1,
                    }
                }
            ]
        });
        $('.lSPager').css("display","none");
        $('.lSAction').css("display","block");
        $('#goToPrevSlide').on('click', function () {
            slider.goToPrevSlide();
        });
        $('#goToNextSlide').on('click', function () {
            slider.goToNextSlide();
        });
    });

</script>
<div id="header" class="bgYellow">
    <header>
        <a class="menu" href="#"><i class="fa red fa-bars fa-2x"></i></a>
        <a id="logo" class="colLeft estDynamic" href="../index.html">
            <img src="../../cdn.spesati.com/images/layout/logo-eng.png" alt="Spesati.com" />
            <h2 class="red">Grocery Delivery</h2>
        </a>
        <div class="colRight">
            <div id="controls" class="right">
                <p id="establishmentControls">
                    <span class="establishmentWarning"><i class="fa-solid fa-triangle-exclamation red" title="Stai visualizzando i prodotti disponibili in una zona diversa. Se vuoi cambiare zona, cliccan qui"></i>&nbsp;&nbsp;</span>
                    Shopping from <b><a id="establishment" href="#"></a></b> <span id="estAddress">for </span> <a href="../change-establishment.html">(<i class="fa-solid fa-pencil"></i> Change)</a> <span class="establishmentWarning">but viewing <b>Olbia</b></span>
                </p>
                <p><a href="https://www.spesati.it/prodotti-freschi/ricotta-e-formaggi" class="black switch-site">Versione italiana</a></p>                
            </div>
            <div>
                <form id="search" action="https://www.spesati.com/search" method="post" class="left">
                    <fieldset>
                        <div>
                            <input type="text" name="searchBox" id="searchBox" placeholder="Search for a product"></input>
                            <input id="searchButton" type="submit" name="searchButton" class="button bgRed white left" value="Find" />
                        </div>
                    </fieldset>
                </form>
                <div class="center left">
                    <a class="button bgRed white log-in" href="../login.html">Login</a>
                    <a class="button bgRed white sign-up" href="../sign-up.html">Sign up</a>
                    <a class="button bgRed white profile" href="../profile.html">Profile</a>
                    <a class="button bgRed white log-out" href="../index.html" data-endpoint-check-cart="https://api.spesati.com/cart/check">Logout</a>
                </div>
                <div class="right user-function-icons">
                    <a class="red left account"><i class="fa fa-user fa-3x"></i></a>
                    <div id="dropdown">
                        <a class="log-in button bgRed white" href="../login.html">Login</a>
                        <a class="sign-up button bgRed white" href="../sign-up.html">Sign up</a>
                        <a class="profile button bgRed white" href="../profile.html">Profile</a>
                        <a class="log-out button bgRed white" href="../index.html">Logout</a>
                    </div>

                    <div class="cart left">
                        <i class="fa fa-sm fa-shopping-cart red" aria-hidden="true" id="shipping-cart-button"></i>
                        <p id="cartQuantity"></p>
                    </div>

                    <a class="right" href="../cart.html"><p class="black" id="cartTotal"></p></a>
                </div>
            </div>
                            <div id="previewCart">
                    <i id="goToPrevSlide" class="yellow fa fa-angle-left fa-2x" aria-hidden="true"></i>
                    <div><ul id="cartSlider"></ul></div>
                    <i id="goToNextSlide" class="yellow fa fa-angle-right fa-2x" aria-hidden="true"></i>
                </div>
                    </div>
    </header>

    <div id="shipping-cart-options" data-inited="false">
        <a href="../cart.html" class="goto-cart">checkout</a>
        <a href="#" data-endpoint-auth="https://api.spesati.com/cart/save" data-endpoint-noauth="/login" class="save-cart">save</a>
        <a href="#" data-endpoint-auth="https://api.spesati.com/cart/load" class="load-cart">load</a>
    </div>
</div>
<div id="menuCategoriesMobile" class="mobile bgRed">
    <div class="closeMenu">
        <i class="fa fa-times fa-2x white"></i>
        Close
    </div>
    <ul class="bgRed white">
        <div id="langMobile" class="right">
        <a href="https://www.spesati.it/prodotti-freschi/ricotta-e-formaggi" class="white switch-site"><p>Versione italiana</p></a>    </div>
        <li><a>Categories</a>
            <ul class="bgWhite">
                <li>
                    <img src="../../cdn.spesati.com/images/menu/on-sale.png"/>
                    On sale                    <i class="fa fa-angle-down" aria-hidden="true"></i>
                    <ul class="sub-menu">
                    <li>
    <a href="../tacchino-fesa-a-fette.html">Tacchino Fesa A Fette</a>
</li><li>
    <a href="../amaro-montenegro-15lt.html">Amaro Montenegro 1,5lt</a>
</li><li>
    <a href="../carbone-di-legna-sacco-10kg.html">Carbone Di Legna Sacco 10Kg</a>
</li><li>
    <a href="../filu-e-ferru-silvio-carta-70cl.html">Filu E Ferru Silvio Carta 70Cl</a>
</li><li>
    <a href="../braciole-suino-con-cotenna.html">Braciole Suino Con Cotenna</a>
</li><li>
    <a href="../bovino-adulto-polpa.html">Bovino Adulto Polpa</a>
</li><li>
    <a href="../vino-la-palma-cannonau-le-bombarde.html">Vino La Palma Cannonau Le Bombarde</a>
</li><li>
    <a href="../fettine-sceltissime-bovino-adulto.html">Fettine Sceltissime Bovino Adulto</a>
</li><li>
    <a href="../suino-fettine-scelte.html">Suino Fettine Scelte</a>
</li><li>
    <a href="../lavazza-caffe-qualita-rossa-2x250gr.html">Lavazza Caffé Qualità Rossa 2x250gr</a>
</li>                        <li>
                            <a class="estDynamic" href="../on-offer.html">All products on sale</a>
                        </li>
                    </ul>
                </li>
                <li>
                    <img src="../../cdn.spesati.com/images/menu/gift.png"/>
                    Gifts                    <i class="fa fa-angle-down" aria-hidden="true"></i>
                    <ul class="sub-menu">
                        <li>
    <a href="../gift-card-da-150.html">Gift Card Da 150</a>
</li><li>
    <a href="../gift-card-da-100.html">Gift Card Da 100</a>
</li><li>
    <a href="../gift-card-da-50.html">Gift Card Da 50</a>
</li><li>
    <a href="../gift-card-da-25.html">Gift Card Da 25</a>
</li>                        <li>
                            <a class="estDynamic" href="../gift.html">All products in the gifts category</a>
                        </li>
                    </ul>
                </li>
                <li>
                    <img src="../../cdn.spesati.com/images/menu/gift-card.png"/>
                    Gift card and discounts                    <i class="fa fa-angle-down" aria-hidden="true"></i>
                    <ul class="sub-menu">
                        <li>
    <a href="../gift-card-da-150.html">Gift Card Da 150</a>
</li><li>
    <a href="../gift-card-da-100.html">Gift Card Da 100</a>
</li><li>
    <a href="../gift-card-da-50.html">Gift Card Da 50</a>
</li><li>
    <a href="../gift-card-da-25.html">Gift Card Da 25</a>
</li>                    </ul>
                </li>
                <li>
                    <img src="../../cdn.spesati.com/images/menu/fuit-and-vegetables.png"/>
                    Fruit and vegetables                    <i class="fa fa-angle-down" aria-hidden="true"></i>
                    <ul class="sub-menu">
                        <li>
                            <a class="estDynamic" href="../fruit-and-vegetables/pulses-and-beans.html">Cereals and pulses and beans</a>
                        </li>
                        <li>
                            <a class="estDynamic" href="../fruit-and-vegetables/fruit.html">Fruit</a>
                        </li>
                        <li>
                            <a class="estDynamic" href="../fruit-and-vegetables/canned-fruit.html">Canned fruit</a>
                        </li>
                        <li>
                            <a class="estDynamic" href="../fruit-and-vegetables/dried-fruit.html">Dried fruit</a>
                        </li>
                        <li>
                            <a class="estDynamic" href="../fruit-and-vegetables/ready-salads.html">Ready salads</a>
                        </li>
                        <li>
                            <a class="estDynamic" href="../fruit-and-vegetables/fresh-spices.html">Fresh spices</a>
                        </li>
                        <li>
                            <a class="estDynamic" href="../fruit-and-vegetables/vegetables.html">Vegetables and soy</a>
                        </li>
                    </ul>
                </li>
                <li>
                    <img src="../../cdn.spesati.com/images/menu/fresh-products.png"/>
                    Fresh products                    <i class="fa fa-angle-down" aria-hidden="true"></i>
                    <ul class="sub-menu">
                        <li>
                            <a class="estDynamic" href="margarine-and-butter.html">Butter and margarine</a>
                        </li>
                        <li>
                            <a class="estDynamic" href="danone.html">Danone</a>
                        </li>
                        <li>
                            <a class="estDynamic" href="dessert.html">Dessert</a>
                        </li>
                        <li>
                            <a class="estDynamic" href="sweets.html">Sweets</a>
                        </li>
                        <li>
                            <a class="estDynamic" href="dairy-products.html">Dairy product</a>
                        </li>
                        <li>
                            <a class="estDynamic" href="bakery.html">Yeast</a>
                        </li>
                        <li>
                            <a class="estDynamic" href="mascarpone.html">Mascarpone</a>
                        </li>
                        <li>
                            <a class="estDynamic" href="snacks.html">Snacks</a>
                        </li>
                        <li>
                            <a class="estDynamic" href="mozzarella.html">Mozzarella</a>
                        </li>
                        <li>
                            <a class="estDynamic" href="pasta.html">Pasta</a>
                        </li>
                        <li>
                            <a class="estDynamic" href="pesto-and-sauces.html">Pesto and sauces</a>
                        </li>
                        <li>
                            <a class="estDynamic" href="ricotta-and-cheese.html">Ricotta and cheese</a>
                        </li>
                        <li>
                            <a class="estDynamic" href="cured-meat.html">Cured meat</a>
                        </li>
                        <li>
                            <a class="estDynamic" href="wurstel.html">Würstel</a>
                        </li>
                        <li>
                            <a class="estDynamic" href="yogurt.html">Yogurt</a>
                        </li>
                    </ul>
                </li>
                <li>
                    <img src="../../cdn.spesati.com/images/menu/frozen-foods.png"/>
                    Frozen foods                    <i class="fa fa-angle-down" aria-hidden="true"></i>
                    <ul class="sub-menu">
                        <li>
                            <a class="estDynamic" href="../frozen-foods/meat.html">Meat</a>
                        </li>
                        <li>
                            <a class="estDynamic" href="../frozen-foods/ice-creams.html">Ice cream and sweet</a>
                        </li>
                        <li>
                            <a class="estDynamic" href="../frozen-foods/pasta.html">Pasta</a>
                        </li>
                        <li>
                            <a class="estDynamic" href="../frozen-foods/fish.html">Fish</a>
                        </li>
                        <li>
                            <a class="estDynamic" href="../frozen-foods/ready-meals.html">Ready meals</a>
                        </li>
                        <li>
                            <a class="estDynamic" href="../frozen-foods/pizzas.html">Pizzas</a>
                        </li>
                        <li>
                            <a class="estDynamic" href="../frozen-foods/vegetables.html">Vegetables and soy</a>
                        </li>
                    </ul>
                </li>
                <li>
                    <img src="../../cdn.spesati.com/images/menu/bread-and-pasta.png"/>
                    Bread and pasta                    <i class="fa fa-angle-down" aria-hidden="true"></i>
                    <ul class="sub-menu">
                        <li>
                            <a class="estDynamic" href="../bread-and-pasta/crackers.html">Crackers</a>
                        </li>
                        <li>
                            <a class="estDynamic" href="../bread-and-pasta/rusks.html">Rusks</a>
                        </li>
                        <li>
                            <a class="estDynamic" href="../bread-and-pasta/white-bread.html">White bread</a>
                        </li>
                        <li>
                            <a class="estDynamic" href="../bread-and-pasta/local-bread.html">Local bread</a>
                        </li>
                        <li>
                            <a class="estDynamic" href="../bread-and-pasta/soft-bread.html">Soft bread</a>
                        </li>
                        <li>
                            <a class="estDynamic" href="../bread-and-pasta/sardinian-bread.html">Sardinian bread</a>
                        </li>
                        <li>
                            <a class="estDynamic" href="../bread-and-pasta/bakery.html">Bakery</a>
                        </li>
                        <li>
                            <a class="estDynamic" href="../bread-and-pasta/pasta.html">Pasta</a>
                        </li>
                        <li>
                            <a class="estDynamic" href="../bread-and-pasta/fresh-pasta.html">Fresh pasta</a>
                        </li>
                    </ul>
                </li>
                <li>
                    <img src="../../cdn.spesati.com/images/menu/meat.png"/>
                    Meat                    <i class="fa fa-angle-down" aria-hidden="true"></i>
                    <ul class="sub-menu">
                        <li>
                            <a class="estDynamic" href="../meat/beef.html">Beef</a>
                        </li>
                        <li>
                            <a class="estDynamic" href="../meat/goat.html">Goat</a>
                        </li>
                        <li>
                            <a class="estDynamic" href="../meat/packaged-meat.html">Packaged meat</a>
                        </li>
                        <li>
                            <a class="estDynamic" href="../meat/rabbit.html">Rabbit</a>
                        </li>
                        <li>
                            <a class="estDynamic" href="../meat/horse.html">Horse</a>
                        </li>
                        <li>
                            <a class="estDynamic" href="../meat/pork.html">Pork</a>
                        </li>
                        <li>
                            <a class="estDynamic" href="../meat/lamb.html">Lamb</a>
                        </li>
                        <li>
                            <a class="estDynamic" href="../meat/poultry.html">Poultry</a>
                        </li>
                    </ul>
                </li>
                <li>
                    <img src="../../cdn.spesati.com/images/menu/fish.png"/>
                    Fish                    <i class="fa fa-angle-down" aria-hidden="true"></i>
                    <ul class="sub-menu">
                        <li>
                            <a class="estDynamic" href="../fish/fresh-water.html">Fresh water</a>
                        </li>
                        <li>
                            <a class="estDynamic" href="../fish/salt-water.html">Salt water</a>
                        </li>
                        <li>
                            <a class="estDynamic" href="../fish/mussels.html">Mussels</a>
                        </li>
                        <li>
                            <a class="estDynamic" href="../fish/dried-and-salted.html">Dried and salted</a>
                        </li>
                        <li>
                            <a class="estDynamic" href="../fish/seafood-salad.html">Seafood salad</a>
                        </li>
                        <li>
                            <a class="estDynamic" href="../fish/prepared.html">Prepared</a>
                        </li>
                        <li>
                            <a class="estDynamic" href="../fish/specialty.html">Specialty</a>
                        </li>   
                        <li>
                            <a class="estDynamic" href="../fish/tuna-and-salmon.html">Tuna and salmon</a>
                        </li>
                    </ul>
                </li>
                <li>
                    <img src="../../cdn.spesati.com/images/menu/alcohol.png"/>
                    Wine beer and spirits                    <i class="fa fa-angle-down" aria-hidden="true"></i>
                    <ul class="sub-menu">
                        <li>
                            <a class="estDynamic" href="../wine-beer-and-spirits/spirits-and-liquors.html">Alcohol</a>
                        </li>
                        <li>
                            <a class="estDynamic" href="../wine-beer-and-spirits/bitters.html">Bitters</a>
                        </li>
                        <li>
                            <a class="estDynamic" href="../wine-beer-and-spirits/aperatif.html">Aperatifs</a>
                        </li>
                        <li>
                            <a class="estDynamic" href="../wine-beer-and-spirits/beer.html">Beer</a>
                        </li>
                        <li>
                            <a class="estDynamic" href="../wine-beer-and-spirits/creams.html">Creams</a>
                        </li>
                        <li>
                            <a class="estDynamic" href="../wine-beer-and-spirits/spirits.html">Spirits</a>
                        </li>
                        <li>
                            <a class="estDynamic" href="../wine-beer-and-spirits/liquors.html">Liquors</a>
                        </li>
                        <li>
                            <a class="estDynamic" href="../wine-beer-and-spirits/white-wine.html">White wine</a>
                        </li>
                        <li>
                            <a class="estDynamic" href="../wine-beer-and-spirits/prosecco-wine.html">Prosecco wine</a>
                        </li>
                        <li>
                            <a class="estDynamic" href="../wine-beer-and-spirits/rose-wine.html">Rose wine</a>
                        </li>
                        <li>
                            <a class="estDynamic" href="../wine-beer-and-spirits/red-wine.html">Red wine</a>
                        </li>
                        <li>
                            <a class="estDynamic" href="../wine-beer-and-spirits/specialty-wine.html">Special wine</a>
                        </li>
                        <li>
                            <a class="estDynamic" href="../wine-beer-and-spirits/sparkling-wine.html">Sparkling wine</a>
                        </li>
                        <li>
                            <a class="estDynamic" href="../wine-beer-and-spirits/vermentino-wine.html">Vermentino wine</a>
                        </li>
                    </ul>
                </li>
                <li>
                    <img src="../../cdn.spesati.com/images/menu/water-and-drinks.png"/>
                    Water and drinks                    <i class="fa fa-angle-down" aria-hidden="true"></i>
                    <ul class="sub-menu">
                        <li>
                            <a class="estDynamic" href="../water-and-drinks/san-martino.html">San Martino</a>
                        </li>
                        <li>
                            <a class="estDynamic" href="../water-and-drinks/water.html">Water</a>
                        </li>
                        <li>
                            <a class="estDynamic" href="../water-and-drinks/alpro.html">Alpro</a>
                        </li>
                        <li>
                            <a class="estDynamic" href="../water-and-drinks/fizzy-drinks.html">Fizzy drinks</a>
                        </li>
                        <li>
                            <a class="estDynamic" href="../water-and-drinks/coca-cola.html">Coca-Cola</a>
                        </li>
                        <li>
                            <a class="estDynamic" href="../water-and-drinks/energy-drink.html">Energy drink</a>
                        </li>
                        <li>
                            <a class="estDynamic" href="../water-and-drinks/syrups.html">Syrups</a>
                        </li>
                        <li>
                            <a class="estDynamic" href="../water-and-drinks/supplements.html">Supplements</a>
                        </li>
                        <li>
                            <a class="estDynamic" href="../water-and-drinks/instant-drinks.html">Instant drinks</a>
                        </li>
                        <li>
                            <a class="estDynamic" href="../water-and-drinks/juice.html">Juice</a>
                        </li>
                        <li>
                            <a class="estDynamic" href="../water-and-drinks/tea.html">Tea</a>
                        </li>
                    </ul>
                </li>
                <li>
                    <img src="../../cdn.spesati.com/images/menu/sweets.png"/>
                    Sweets                    <i class="fa fa-angle-down" aria-hidden="true"></i>
                    <ul class="sub-menu">
                        <li>
                            <a class="estDynamic" href="../sweets/bars-and-snacks.html">Bars and snacks</a>
                        </li>
                        <li>
                            <a class="estDynamic" href="../sweets/biscuits.html">Biscuits</a>
                        </li>
                        <li>
                            <a class="estDynamic" href="../sweets/brioches.html">Brioches</a>
                        </li>
                        <li>
                            <a class="estDynamic" href="../sweets/candy-and-chewing-gum.html">Candy and chewing gum</a>
                        </li>
                        <li>
                            <a class="estDynamic" href="../sweets/cereals.html">Cereals</a>
                        </li>
                        <li>
                            <a class="estDynamic" href="../sweets/chocolate.html">Chocolate</a>
                        </li>
                        <li>
                            <a class="estDynamic" href="../sweets/spreadable-creams.html">Spreads</a>
                        </li>
                        <li>
                            <a class="estDynamic" href="../sweets/dessert-toppings.html">Dessert toppings</a>
                        </li>
                        <li>
                            <a class="estDynamic" href="../sweets/jam.html">Jam</a>
                        </li>
                        <li>
                            <a class="estDynamic" href="../sweets/honey.html">Honey</a>
                        </li>
                        <li>
                            <a class="estDynamic" href="../sweets/panettoni-and-pandoro.html">Panettone and pandoro</a>
                        </li>
                        <li>
                            <a class="estDynamic" href="../sweets/pastry.html">Pastry</a>
                        </li>
                        <li>
                            <a class="estDynamic" href="../sweets/instant-dessert.html">Prepared</a>
                        </li>
                        <li>
                            <a class="estDynamic" href="../sweets/cakes-and-pies.html">Cakes and pies</a>
                        </li>
                        <li>
                            <a class="estDynamic" href="../sweets/easter-eggs-and-doves.html">Easter eggs and doves</a>
                        </li>
                    </ul>
                </li>
                <li>
                    <img src="../../cdn.spesati.com/images/menu/shelf.png"/>
                    Cupboard                    <i class="fa fa-angle-down" aria-hidden="true"></i>
                    <ul class="sub-menu">
                        <li>
                            <a class="estDynamic" href="../shelf/coffee.html">Coffee</a>
                        </li>
                        <li>
                            <a class="estDynamic" href="../shelf/gift-baskets.html">Gift baskets</a>
                        </li>
                        <li>
                            <a class="estDynamic" href="../shelf/stock-cubes.html">Nuts and preparations</a>
                        </li>
                        <li>
                            <a class="estDynamic" href="../shelf/flour-and-baking.html">Flour and baking</a>
                        </li>
                        <li>
                            <a class="estDynamic" href="../shelf/milk.html">Milk</a>
                        </li>
                        <li>
                            <a class="estDynamic" href="../shelf/oil-salt-vinegar.html">Oil, vinegar and salt</a>
                        </li>
                        <li>
                            <a class="estDynamic" href="../shelf/cream-and-bechamel.html">Cream and bechamel</a>
                        </li>
                        <li>
                            <a class="estDynamic" href="../shelf/crisps-and-pretzels.html">Crisps and pretzels</a>
                        </li>
                        <li>
                            <a class="estDynamic" href="../shelf/baby-and-infants-products.html">Early childhood products</a>
                        </li>
                        <li>
                            <a class="estDynamic" href="../shelf/rice.html">Rice</a>
                        </li>
                        <li>
                            <a class="estDynamic" href="../shelf/tins-and-preserves.html">Tins and Preserves</a>
                        </li>
                        <li>
                            <a class="estDynamic" href="../shelf/spices.html">Spices</a>
                        </li>
                        <li>
                            <a class="estDynamic" href="../shelf/sauces.html">Sauces</a>
                        </li>
                        <li>
                            <a class="estDynamic" href="../shelf/tea-and-infusions.html">Tea and infusions</a>
                        </li>
                        <li>
                            <a class="estDynamic" href="../shelf/eggs.html">Eggs</a>
                        </li>
                        <li>
                            <a class="estDynamic" href="../shelf/sugar-and-sweeteners.html">Sugar and sweeteners</a>
                        </li>
                    </ul>
                </li>
                <li>
                    <img src="../../cdn.spesati.com/images/menu/personal-care.png"/>
                    Personal care                    <i class="fa fa-angle-down" aria-hidden="true"></i>
                    <ul class="sub-menu">
                        <li>
                            <a class="estDynamic" href="../personal-care/accessories-and-cotton.html">Accessories and cotton</a>
                        </li>
                        <li>
                            <a class="estDynamic" href="../personal-care/feminine-care-incontinence-and-baby-diapers.html">Feminine incontinence and diapers</a>
                        </li>
                        <li>
                            <a class="estDynamic" href="../personal-care/shower-gel.html">Shower gel</a>
                        </li>
                        <li>
                            <a class="estDynamic" href="../personal-care/creams.html">Creams</a>
                        </li>
                        <li>
                            <a class="estDynamic" href="../personal-care/deodorant.html">Deodorant</a>
                        </li>
                        <li>
                            <a class="estDynamic" href="../personal-care/hair-removal.html">Hair removal</a>
                        </li>
                        <li>
                            <a class="estDynamic" href="../personal-care/disinfectants.html">Disinfectants</a>
                        </li>
                        <li>
                            <a class="estDynamic" href="../personal-care/oral-hygiene.html">Oral hygiene</a>
                        </li>
                        <li>
                            <a class="estDynamic" href="../personal-care/supplements-and-multivitamins.html">Supplements and multivitamins</a>
                        </li>
                        <li>
                            <a class="estDynamic" href="../personal-care/first-aid.html">First aid label</a>
                        </li>
                        <li>
                            <a class="estDynamic" href="../personal-care/beard-products.html">Beard products</a>
                        </li>
                        <li>
                            <a class="estDynamic" href="../personal-care/hairs-products.html">Hair products</a>
                        </li>
                        <li>
                            <a class="estDynamic" href="../personal-care/perfume.html">Perfumes</a>
                        </li>
                        <li>
                            <a class="estDynamic" href="../personal-care/wipes.html">Wipes</a>
                        </li>
                        <li>
                            <a class="estDynamic" href="../personal-care/soaps-and-body-wash.html">Soaps and body wash</a>
                        </li>
                        <li>
                            <a class="estDynamic" href="../personal-care/shampoo-and-conditioner.html">Shampoo and conditioner</a>
                        </li>
                    </ul>
                </li>
                <li>
                    <img src="../../cdn.spesati.com/images/menu/pellet-and-home.png"/>
                    Home and outdoors                    <i class="fa fa-angle-down" aria-hidden="true"></i>
                    <ul class="sub-menu">
                        <li>
                            <a class="estDynamic" href="../household-and-outdoors/distilled-water.html">Distilled water</a>
                        </li>
                        <li>
                            <a class="estDynamic" href="../household-and-outdoors/car-products.html">Cars</a>
                        </li>
                        <li>
                            <a class="estDynamic" href="../household-and-outdoors/bin-bags-and-buckets.html">Bin bags and buckets</a>
                        </li>
                        <li>
                            <a class="estDynamic" href="../household-and-outdoors/bleach-and-stain-removers.html">Bleach and stain removers</a>
                        </li>
                        <li>
                            <a class="estDynamic" href="../household-and-outdoors/candles.html">Candles</a>
                        </li>
                        <li>
                            <a class="estDynamic" href="../household-and-outdoors/kitchen-roll.html">Kitchen roll</a>
                        </li>
                        <li>
                            <a class="estDynamic" href="../household-and-outdoors/air-fresheners.html">Air fresheners</a>
                        </li>
                        <li>
                            <a class="estDynamic" href="../household-and-outdoors/laundry-accessories-and-detergent.html">Laundry detergent</a>
                        </li>
                        <li>
                            <a class="estDynamic" href="../household-and-outdoors/dishwasher-and-washing-up.html">Dishwasher and washing up</a>
                        </li>
                        <li>
                            <a class="estDynamic" href="../household-and-outdoors/gardening.html">Gardening</a>
                        </li>
                        <li>
                            <a class="estDynamic" href="../household-and-outdoors/light-bulbs-and-batteries.html">Lightbulbs and batteries</a>
                        </li>
                        <li>
                            <a class="estDynamic" href="../household-and-outdoors/pellet-and-bbq.html">Pellet and BBQ</a>
                        </li>
                        <li>
                            <a class="estDynamic" href="../household-and-outdoors/bathroom-products.html">Bathroom products</a>
                        </li>
                        <li>
                            <a class="estDynamic" href="../household-and-outdoors/home-and-furniture-products.html">Home and furniture products</a>
                        </li>
                        <li>
                            <a class="estDynamic" href="../household-and-outdoors/kitchen-products.html">Kitchen products</a>
                        </li>
                        <li>
                            <a class="estDynamic" href="../household-and-outdoors/window-and-floor-cleaners.html">Window and floor cleaner</a>
                        </li>
                        <li>
                            <a class="estDynamic" href="../household-and-outdoors/repellents.html">Repellents</a>
                        </li>
                        <li>
                            <a class="estDynamic" href="../household-and-outdoors/disposable-tableware.html">Disposable tableware</a>
                        </li>
                    </ul>
                </li>
                <li>
                    <img src="../../cdn.spesati.com/images/menu/animals.png"/>
                    Pets                    <i class="fa fa-angle-down" aria-hidden="true"></i>
                    <ul class="sub-menu">
                        <li>
                            <a class="estDynamic" href="../pets/pet-food-other-animals.html">Other animals pet food</a>
                        </li>
                        <li>
                            <a class="estDynamic" href="../pets/pet-food-dogs.html">Pet food dogs</a>
                        </li>
                        <li>
                            <a class="estDynamic" href="../pets/pet-food-cats.html">Pet food cats</a>
                        </li>
                        <li>
                            <a class="estDynamic" href="../pets/hygiene-and-cleaning.html">Hygiene and cleaning</a>
                        </li>
                    </ul>
                </li>
                <li>
                    <img src="../../cdn.spesati.com/images/menu/technology.png"/>
                    Technology                    <i class="fa fa-angle-down" aria-hidden="true"></i>
                    <ul class="sub-menu">
                        <li>
                            <a class="estDynamic" href="../technology/accessories.html">Accessories</a>
                        </li>
                        <li>
                            <a class="estDynamic" href="../technology/computer.html">Computer</a>
                        </li>
                        <li>
                            <a class="estDynamic" href="../technology/telephones.html">Telephones</a>
                        </li>
                        <li>
                            <a class="estDynamic" href="../technology/tv.html">TV</a>
                        </li>
                    </ul>
                </li>
                <li>
                    <img src="../../cdn.spesati.com/images/menu/gluten-free.png"/>
                    Gluten free                    <i class="fa fa-angle-down" aria-hidden="true"></i>
                    <ul class="sub-menu">
                        <li>
                            <a class="estDynamic" href="../gluten-free/frozen-foods.html">Frozen foods</a>
                        </li>
                        <li>
                            <a class="estDynamic" href="../gluten-free/beer.html">Beer</a>
                        </li>
                        <li>
                            <a class="estDynamic" href="../gluten-free/sweets.html">Sweets</a>
                        </li>
                        <li>
                            <a class="estDynamic" href="../gluten-free/bread-and-pasta.html">Bread and pasta</a>
                        </li>
                        <li>
                            <a class="estDynamic" href="../gluten-free/shelf.html">Cupboard</a>
                        </li>
                    </ul>
                </li>
                <li>
                    <img src="../../cdn.spesati.com/images/menu/lactose-free.png"/>
                    Lactose free                    <i class="fa fa-angle-down" aria-hidden="true"></i>
                    <ul class="sub-menu">
                        <li>
                            <a class="estDynamic" href="../lactose-free/frozen-foods.html">Frozen foods</a>
                        </li>
                        <li>
                            <a class="estDynamic" href="../lactose-free/sweets.html">Sweets</a>
                        </li>
                        <li>
                            <a class="estDynamic" href="../lactose-free/dairy-product.html">Dairy product</a>
                        </li>
                        <li>
                            <a class="estDynamic" href="../lactose-free/shelf.html">Cupboard</a>
                        </li>
                    </ul>
                </li>
                <li>
                    <img src="../../cdn.spesati.com/images/menu/special.png"/>
                    Special                    <i class="fa fa-angle-down" aria-hidden="true"></i>
                    <ul class="sub-menu">
                        <li>
                            <a class="estDynamic" href="../special/alpro.html">Alpro</a>
                        </li>
                        <li>
                            <a class="estDynamic" href="../special/organic.html">Biological</a>
                        </li>
                        <li>
                            <a class="estDynamic" href="../special/meat.html">Meat</a>
                        </li>
                        <li>
                            <a class="estDynamic" href="../special/wholegrain.html">Wholegrain</a>
                        </li>
                        <li>
                            <a class="estDynamic" href="../special/bread-and-pasta.html">Bread and pasta</a>
                        </li>
                        <li>
                            <a class="estDynamic" href="../special/vegan.html">Vegan</a>
                        </li>
                    </ul>
                </li>
                <li>
                    <img src="../../cdn.spesati.com/images/menu/sardinian-products.png"/>
                    Sardinian products                    <i class="fa fa-angle-down" aria-hidden="true"></i>
                    <ul class="sub-menu">
                        <li>
                            <a class="estDynamic" href="../sardinian-products/drinks.html">Drinks</a>
                        </li>
                        <li>
                            <a class="estDynamic" href="../sardinian-products/meat.html">Meat</a>
                        </li>
                        <li>
                            <a class="estDynamic" href="../sardinian-products/sweets.html">Sweets</a>
                        </li>
                        <li>
                            <a class="estDynamic" href="../sardinian-products/fruit-and-vegetables.html">Fruit and vegetables</a>
                        </li>
                        <li>
                            <a class="estDynamic" href="../sardinian-products/ichnusa.html">Ichnusa</a>
                        </li>
                        <li>
                            <a class="estDynamic" href="../sardinian-products/dairy-product.html">Dairy product</a>
                        </li>
                        <li>
                            <a class="estDynamic" href="../sardinian-products/bread-and-pasta.html">Bread and pasta</a>
                        </li>
                        <li>
                            <a class="estDynamic" href="../sardinian-products/fish.html">Fish</a>
                        </li>
                        <li>
                            <a class="estDynamic" href="../sardinian-products/cured-meat.html">Cured meat</a>
                        </li>
                        <li>
                            <a class="estDynamic" href="../sardinian-products/shelf.html">Cupboard</a>
                        </li>
                        <li>
                            <a class="estDynamic" href="../sardinian-products/vermentino-wine.html">Vermentino wine</a>
                        </li>
                        <li>
                            <a class="estDynamic" href="../sardinian-products/wine-beer-and-spirits.html">Wine beer and spirits</a>
                        </li>
                    </ul>
                </li>
            </ul>
        </li>
        <li>
            <a href="../about.html">About</a>
        </li>
        <li>
            <a href="../faq.html">Faq</a>
        </li>
        <li>
            <a href="../customer-care.html">Support</a>
        </li>
        <li>
            <a href="../news.html">Blog</a>
        </li>
        <li>
            <a href="../terms-and-conditions.html">Conditions</a>
        </li>
        <li>
            <a href="../privacy-policy.html">Privacy policy</a>
        </li>
        <li>
            <a href="../login.html">Login</a>
        </li>
        <li>
             <a href="../sign-up.html">Sign up</a>
        </li>
    </ul>
</div><section class="first">
    <div id="menuCategories" class="colLeft">
    <ul id="main_nav" >
        <li>
            <a class="estDynamic" href="../on-offer.html">
               <img src="../../cdn.spesati.com/images/menu/on-sale.png"/>
               On sale            </a>
            <i class="fa fa-angle-right" aria-hidden="true"></i>
            <ul class="sub-menu">
                <li>
    <a href="../tacchino-fesa-a-fette.html" class="estDynamic">Tacchino Fesa A Fette</a>
</li><li>
    <a href="../amaro-montenegro-15lt.html" class="estDynamic">Amaro Montenegro 1,5lt</a>
</li><li>
    <a href="../carbone-di-legna-sacco-10kg.html" class="estDynamic">Carbone Di Legna Sacco 10Kg</a>
</li><li>
    <a href="../filu-e-ferru-silvio-carta-70cl.html" class="estDynamic">Filu E Ferru Silvio Carta 70Cl</a>
</li><li>
    <a href="../braciole-suino-con-cotenna.html" class="estDynamic">Braciole Suino Con Cotenna</a>
</li><li>
    <a href="../bovino-adulto-polpa.html" class="estDynamic">Bovino Adulto Polpa</a>
</li><li>
    <a href="../vino-la-palma-cannonau-le-bombarde.html" class="estDynamic">Vino La Palma Cannonau Le Bombarde</a>
</li><li>
    <a href="../fettine-sceltissime-bovino-adulto.html" class="estDynamic">Fettine Sceltissime Bovino Adulto</a>
</li><li>
    <a href="../suino-fettine-scelte.html" class="estDynamic">Suino Fettine Scelte</a>
</li><li>
    <a href="../lavazza-caffe-qualita-rossa-2x250gr.html" class="estDynamic">Lavazza Caffé Qualità Rossa 2x250gr</a>
</li>                <li>
                    <a class="estDynamic" href="../on-offer.html">All products on sale</a>
                </li>
            </ul>
        </li>
        <li>
            <a class="estDynamic" href="../gift.html">
               <img src="../../cdn.spesati.com/images/menu/gift.png"/>
               Gifts            </a>
            <i class="fa fa-angle-right" aria-hidden="true"></i>
            <ul class="sub-menu">
                <li>
    <a href="../gift-card-da-150.html" class="estDynamic">Gift Card Da 150</a>
</li><li>
    <a href="../gift-card-da-100.html" class="estDynamic">Gift Card Da 100</a>
</li><li>
    <a href="../gift-card-da-50.html" class="estDynamic">Gift Card Da 50</a>
</li><li>
    <a href="../gift-card-da-25.html" class="estDynamic">Gift Card Da 25</a>
</li>                <li>
                    <a class="estDynamic" href="../gift.html">All products in the gifts category</a>
                </li>
            </ul>
        </li>
        <li>
            <a class="estDynamic" href="../gift-card.html">
               <img src="../../cdn.spesati.com/images/menu/gift-card.png"/>
               Gift card and discounts            </a>
            <i class="fa fa-angle-right" aria-hidden="true"></i>
            <ul class="sub-menu">
                <li>
    <a href="../gift-card-da-150.html">Gift Card Da 150</a>
</li><li>
    <a href="../gift-card-da-100.html">Gift Card Da 100</a>
</li><li>
    <a href="../gift-card-da-50.html">Gift Card Da 50</a>
</li><li>
    <a href="../gift-card-da-25.html">Gift Card Da 25</a>
</li>            </ul>
        </li>
        <li>
            <a class="estDynamic" href="../fruit-and-vegetables.html">
               <img src="../../cdn.spesati.com/images/menu/fuit-and-vegetables.png"/>
               Fruit and vegetables           </a>
            <i class="fa fa-angle-right" aria-hidden="true"></i>
            <ul class="sub-menu">
                <li>
                    <a class="estDynamic" href="../fruit-and-vegetables/pulses-and-beans.html">Cereals and pulses and beans</a>
                </li>
                <li>
                    <a class="estDynamic" href="../fruit-and-vegetables/fruit.html">Fruit</a>
                </li>
                <li>
                    <a class="estDynamic" href="../fruit-and-vegetables/canned-fruit.html">Canned fruit</a>
                </li>
                <li>
                    <a class="estDynamic" href="../fruit-and-vegetables/dried-fruit.html">Dried fruit</a>
                </li>
                <li>
                    <a class="estDynamic" href="../fruit-and-vegetables/ready-salads.html">Ready salads</a>
                </li>
                <li>
                    <a class="estDynamic" href="../fruit-and-vegetables/fresh-spices.html">Fresh spices</a>
                </li>
                <li>
                    <a class="estDynamic" href="../fruit-and-vegetables/vegetables.html">Vegetables and soy</a>
                </li>
            </ul>
        </li>
        <li>
            <a class="estDynamic" href="../fresh-products.html">
                <img src="../../cdn.spesati.com/images/menu/fresh-products.png"/>
                Fresh products            </a>
            <i class="fa fa-angle-right" aria-hidden="true"></i>
            <ul class="sub-menu">
                <li>
                    <a class="estDynamic" href="margarine-and-butter.html">Butter and margarine</a>
                </li>
                <li>
                    <a class="estDynamic" href="danone.html">Danone</a>
                </li>
                <li>
                    <a class="estDynamic" href="dessert.html">Dessert</a>
                </li>
                <li>
                    <a class="estDynamic" href="sweets.html">Sweets</a>
                </li>
                <li>
                    <a class="estDynamic" href="dairy-products.html">Dairy product</a>
                </li>
                <li>
                    <a class="estDynamic" href="bakery.html">Yeast</a>
                </li>
                <li>
                    <a class="estDynamic" href="mascarpone.html">Mascarpone</a>
                </li>
                <li>
                    <a class="estDynamic" href="snacks.html">Snacks</a>
                </li>
                <li>
                    <a class="estDynamic" href="mozzarella.html">Mozzarella</a>
                </li>
                <li>
                    <a class="estDynamic" href="pasta.html">Pasta</a>
                </li>
                <li>
                    <a class="estDynamic" href="pesto-and-sauces.html">Pesto and sauces</a>
                </li>
                <li>
                    <a class="estDynamic" href="ricotta-and-cheese.html">Ricotta and cheese</a>
                </li>
                <li>
                    <a class="estDynamic" href="cured-meat.html">Cured meat</a>
                </li>
                <li>
                    <a class="estDynamic" href="wurstel.html">Würstel</a>
                </li>
                <li>
                    <a class="estDynamic" href="yogurt.html">Yogurt</a>
                </li>
            </ul>
        </li>
        <li>
            <a class="estDynamic" href="../frozen-foods.html">
                <img src="../../cdn.spesati.com/images/menu/frozen-foods.png"/>
                Frozen foods            </a>
            <i class="fa fa-angle-right" aria-hidden="true"></i>
            <ul class="sub-menu">
                <li>
                    <a class="estDynamic" href="../frozen-foods/meat.html">Meat</a>
                </li>
                <li>
                    <a class="estDynamic" href="../frozen-foods/ice-creams.html">Ice cream and sweet</a>
                </li>
                <li>
                    <a class="estDynamic" href="../frozen-foods/pasta.html">Pasta</a>
                </li>
                <li>
                    <a class="estDynamic" href="../frozen-foods/fish.html">Fish</a>
                </li>
                <li>
                    <a class="estDynamic" href="../frozen-foods/ready-meals.html">Ready meals</a>
                </li>
                <li>
                    <a class="estDynamic" href="../frozen-foods/pizzas.html">Pizzas</a>
                </li>
                <li>
                    <a class="estDynamic" href="../frozen-foods/vegetables.html">Vegetables and soy</a>
                </li>
            </ul>
        </li>
        <li>
            <a class="estDynamic" href="../bread-and-pasta.html">
                <img src="../../cdn.spesati.com/images/menu/bread-and-pasta.png"/>
                Bread and pasta            </a>
            <i class="fa fa-angle-right" aria-hidden="true"></i>
            <ul class="sub-menu">
                <li>
                    <a class="estDynamic" href="../bread-and-pasta/crackers.html">Crackers</a>
                </li>
                <li>
                    <a class="estDynamic" href="../bread-and-pasta/rusks.html">Rusks</a>
                </li>
                <li>
                    <a class="estDynamic" href="../bread-and-pasta/white-bread.html">White bread</a>
                </li>
                <li>
                    <a class="estDynamic" href="../bread-and-pasta/local-bread.html">Local bread</a>
                </li>
                <li>
                    <a class="estDynamic" href="../bread-and-pasta/soft-bread.html">Soft bread</a>
                </li>
                <li>
                    <a class="estDynamic" href="../bread-and-pasta/sardinian-bread.html">Sardinian bread</a>
                </li>
                <li>
                    <a class="estDynamic" href="../bread-and-pasta/bakery.html">Bakery</a>
                </li>
                <li>
                    <a class="estDynamic" href="../bread-and-pasta/pasta.html">Pasta</a>
                </li>
                <li>
                    <a class="estDynamic" href="../bread-and-pasta/fresh-pasta.html">Fresh pasta</a>
                </li>
            </ul>
        </li>
        <li>
            <a class="estDynamic" href="../meat.html">
                <img src="../../cdn.spesati.com/images/menu/meat.png"/>
                Meat            </a>
            <i class="fa fa-angle-right" aria-hidden="true"></i>
            <ul class="sub-menu">
                <li>
                    <a class="estDynamic" href="../meat/beef.html">Beef</a>
                </li>
                <li>
                    <a class="estDynamic" href="../meat/goat.html">Goat</a>
                </li>
                <li>
                    <a class="estDynamic" href="../meat/packaged-meat.html">Packaged meat</a>
                </li>
                <li>
                    <a class="estDynamic" href="../meat/rabbit.html">Rabbit</a>
                </li>
                <li>
                    <a class="estDynamic" href="../meat/horse.html">Horse</a>
                </li>
                <li>
                    <a class="estDynamic" href="../meat/pork.html">Pork</a>
                </li>
                <li>
                    <a class="estDynamic" href="../meat/lamb.html">Lamb</a>
                </li>
                <li>
                    <a class="estDynamic" href="../meat/poultry.html">Poultry</a>
                </li>
            </ul>
        </li>
        <li>
            <a class="estDynamic" href="../fish.html">
                <img src="../../cdn.spesati.com/images/menu/fish.png"/>
                Fish            </a>
            <i class="fa fa-angle-right" aria-hidden="true"></i>
            <ul class="sub-menu">
                <li>
                    <a class="estDynamic" href="../fish/fresh-water.html">Fresh water</a>
                </li>
                <li>
                    <a class="estDynamic" href="../fish/salt-water.html">Salt water</a>
                </li>
                <li>
                    <a class="estDynamic" href="../fish/mussels.html">Mussels</a>
                </li>
                <li>
                    <a class="estDynamic" href="../fish/dried-and-salted.html">Dried and salted</a>
                </li>
                <li>
                    <a class="estDynamic" href="../fish/seafood-salad.html">Seafood salad</a>
                </li>
                <li>
                    <a class="estDynamic" href="../fish/prepared.html">Prepared</a>
                </li>
                <li>
                    <a class="estDynamic" href="../fish/specialty.html">Specialty</a>
                </li>   
                <li>
                    <a class="estDynamic" href="../fish/tuna-and-salmon.html">Tuna and salmon</a>
                </li>
            </ul>
        </li>
        <li>
            <a class="estDynamic" href="../wine-beer-and-spirits.html">
                <img src="../../cdn.spesati.com/images/menu/alcohol.png"/>
                Wine beer and spirits            </a>
            <i class="fa fa-angle-right" aria-hidden="true"></i>
            <ul class="sub-menu">
                <li>
                    <a class="estDynamic" href="../wine-beer-and-spirits/spirits-and-liquors.html">Alcohol</a>
                </li>
                <li>
                    <a class="estDynamic" href="../wine-beer-and-spirits/bitters.html">Bitters</a>
                </li>
                <li>
                    <a class="estDynamic" href="../wine-beer-and-spirits/aperatif.html">Aperatifs</a>
                </li>
                <li>
                    <a class="estDynamic" href="../wine-beer-and-spirits/beer.html">Beer</a>
                </li>
                <li>
                    <a class="estDynamic" href="../wine-beer-and-spirits/creams.html">Creams</a>
                </li>
                <li>
                    <a class="estDynamic" href="../wine-beer-and-spirits/spirits.html">Spirits</a>
                </li>
                <li>
                    <a class="estDynamic" href="../wine-beer-and-spirits/liquors.html">Liquors</a>
                </li>
                <li>
                    <a class="estDynamic" href="../wine-beer-and-spirits/white-wine.html">White wine</a>
                </li>
                <li>
                    <a class="estDynamic" href="../wine-beer-and-spirits/prosecco-wine.html">Prosecco wine</a>
                </li>
                <li>
                    <a class="estDynamic" href="../wine-beer-and-spirits/rose-wine.html">Rose wine</a>
                </li>
                <li>
                    <a class="estDynamic" href="../wine-beer-and-spirits/red-wine.html">Red wine</a>
                </li>
                <li>
                    <a class="estDynamic" href="../wine-beer-and-spirits/specialty-wine.html">Special wine</a>
                </li>
                <li>
                    <a class="estDynamic" href="../wine-beer-and-spirits/sparkling-wine.html">Sparkling wine</a>
                </li>
                <li>
                    <a class="estDynamic" href="../wine-beer-and-spirits/vermentino-wine.html">Vermentino wine</a>
                </li>
            </ul>
        </li>
        <li>
            <a class="estDynamic" href="../water-and-drinks.html">
                <img src="../../cdn.spesati.com/images/menu/water-and-drinks.png"/>
                Water and drinks            </a>
            <i class="fa fa-angle-right" aria-hidden="true"></i>
            <ul class="sub-menu">
                <li>
                    <a class="estDynamic" href="../water-and-drinks/san-martino.html">San Martino</a>
                </li>
                <li>
                    <a class="estDynamic" href="../water-and-drinks/water.html">Water</a>
                </li>
                <li>
                    <a class="estDynamic" href="../water-and-drinks/alpro.html">Alpro</a>
                </li>
                <li>
                    <a class="estDynamic" href="../water-and-drinks/fizzy-drinks.html">Fizzy drinks</a>
                </li>
                <li>
                    <a class="estDynamic" href="../water-and-drinks/coca-cola.html">Coca-Cola</a>
                </li>
                <li>
                    <a class="estDynamic" href="../water-and-drinks/energy-drink.html">Energy drink</a>
                </li>
                <li>
                    <a class="estDynamic" href="../water-and-drinks/syrups.html">Syrups</a>
                </li>
                <li>
                    <a class="estDynamic" href="../water-and-drinks/supplements.html">Supplements</a>
                </li>
                <li>
                    <a class="estDynamic" href="../water-and-drinks/instant-drinks.html">Instant drinks</a>
                </li>
                <li>
                    <a class="estDynamic" href="../water-and-drinks/juice.html">Juice</a>
                </li>
                <li>
                    <a class="estDynamic" href="../water-and-drinks/tea.html">Tea</a>
                </li>
            </ul>
        </li>
        <li>
            <a class="estDynamic" href="../sweets.html">
                <img src="../../cdn.spesati.com/images/menu/sweets.png"/>
                Sweets            </a>
            <i class="fa fa-angle-right" aria-hidden="true"></i>
            <ul class="sub-menu">
                <li>
                    <a class="estDynamic" href="../sweets/bars-and-snacks.html">Bars and snacks</a>
                </li>
                <li>
                    <a class="estDynamic" href="../sweets/biscuits.html">Biscuits</a>
                </li>
                <li>
                    <a class="estDynamic" href="../sweets/brioches.html">Brioches</a>
                </li>
                <li>
                    <a class="estDynamic" href="../sweets/candy-and-chewing-gum.html">Candy and chewing gum</a>
                </li>
                <li>
                    <a class="estDynamic" href="../sweets/cereals.html">Cereals</a>
                </li>
                <li>
                    <a class="estDynamic" href="../sweets/chocolate.html">Chocolate</a>
                </li>
                <li>
                    <a class="estDynamic" href="../sweets/spreadable-creams.html">Spreads</a>
                </li>
                <li>
                    <a class="estDynamic" href="../sweets/dessert-toppings.html">Dessert toppings</a>
                </li>
                <li>
                    <a class="estDynamic" href="../sweets/jam.html">Jam</a>
                </li>
                <li>
                    <a class="estDynamic" href="../sweets/honey.html">Honey</a>
                </li>
                <li>
                    <a class="estDynamic" href="../sweets/panettoni-and-pandoro.html">Panettone and pandoro</a>
                </li>
                <li>
                    <a class="estDynamic" href="../sweets/pastry.html">Pastry</a>
                </li>
                <li>
                    <a class="estDynamic" href="../sweets/instant-dessert.html">Prepared</a>
                </li>
                <li>
                    <a class="estDynamic" href="../sweets/cakes-and-pies.html">Cakes and pies</a>
                </li>
                <li>
                    <a class="estDynamic" href="../sweets/easter-eggs-and-doves.html">Easter eggs and doves</a>
                </li>
            </ul>
        </li>
        <li>
            <a class="estDynamic" href="../shelf.html">
                <img src="../../cdn.spesati.com/images/menu/shelf.png"/>
                Cupboard            </a>
            <i class="fa fa-angle-right" aria-hidden="true"></i>
            <ul class="sub-menu">
                <li>
                    <a class="estDynamic" href="../shelf/coffee.html">Coffee</a>
                </li>
                <li>
                    <a class="estDynamic" href="../shelf/gift-baskets.html">Gift baskets</a>
                </li>
                <li>
                    <a class="estDynamic" href="../shelf/stock-cubes.html">Nuts and preparations</a>
                </li>
                <li>
                    <a class="estDynamic" href="../shelf/flour-and-baking.html">Flour and baking</a>
                </li>
                <li>
                    <a class="estDynamic" href="../shelf/milk.html">Milk</a>
                </li>
                <li>
                    <a class="estDynamic" href="../shelf/oil-salt-vinegar.html">Oil, vinegar and salt</a>
                </li>
                <li>
                    <a class="estDynamic" href="../shelf/cream-and-bechamel.html">Cream and bechamel</a>
                </li>
                <li>
                    <a class="estDynamic" href="../shelf/crisps-and-pretzels.html">Crisps and pretzels</a>
                </li>
                <li>
                    <a class="estDynamic" href="../shelf/baby-and-infants-products.html">Early childhood products</a>
                </li>
                <li>
                    <a class="estDynamic" href="../shelf/rice.html">Rice</a>
                </li>
                <li>
                    <a class="estDynamic" href="../shelf/tins-and-preserves.html">Tins and Preserves</a>
                </li>
                <li>
                    <a class="estDynamic" href="../shelf/spices.html">Spices</a>
                </li>
                <li>
                    <a class="estDynamic" href="../shelf/sauces.html">Sauces</a>
                </li>
                <li>
                    <a class="estDynamic" href="../shelf/tea-and-infusions.html">Tea and infusions</a>
                </li>
                <li>
                    <a class="estDynamic" href="../shelf/eggs.html">Eggs</a>
                </li>
                <li>
                    <a class="estDynamic" href="../shelf/sugar-and-sweeteners.html">Sugar and sweeteners</a>
                </li>
            </ul>
        </li>
        <li>
            <a class="estDynamic" href="../personal-care.html">
                <img src="../../cdn.spesati.com/images/menu/personal-care.png"/>
                Personal care            </a>
            <i class="fa fa-angle-right" aria-hidden="true"></i>
            <ul class="sub-menu">
                <li>
                    <a class="estDynamic" href="../personal-care/accessories-and-cotton.html">Accessories and cotton</a>
                </li>
                <li>
                    <a class="estDynamic" href="../personal-care/feminine-care-incontinence-and-baby-diapers.html">Feminine incontinence and diapers</a>
                </li>
                <li>
                    <a class="estDynamic" href="../personal-care/shower-gel.html">Shower gel</a>
                </li>
                <li>
                    <a class="estDynamic" href="../personal-care/creams.html">Creams</a>
                </li>
                <li>
                    <a class="estDynamic" href="../personal-care/deodorant.html">Deodorant</a>
                </li>
                <li>
                    <a class="estDynamic" href="../personal-care/hair-removal.html">Hair removal</a>
                </li>
                <li>
                    <a class="estDynamic" href="../personal-care/disinfectants.html">Disinfectants</a>
                </li>
                <li>
                    <a class="estDynamic" href="../personal-care/oral-hygiene.html">Oral hygiene</a>
                </li>
                <li>
                    <a class="estDynamic" href="../personal-care/supplements-and-multivitamins.html">Supplements and multivitamins</a>
                </li>
                <li>
                    <a class="estDynamic" href="../personal-care/first-aid.html">First aid label</a>
                </li>
                <li>
                    <a class="estDynamic" href="../personal-care/beard-products.html">Beard products</a>
                </li>
                <li>
                    <a class="estDynamic" href="../personal-care/hairs-products.html">Hair products</a>
                </li>
                <li>
                    <a class="estDynamic" href="../personal-care/perfume.html">Perfumes</a>
                </li>
                <li>
                    <a class="estDynamic" href="../personal-care/wipes.html">Wipes</a>
                </li>
                <li>
                    <a class="estDynamic" href="../personal-care/soaps-and-body-wash.html">Soaps and body wash</a>
                </li>
                <li>
                    <a class="estDynamic" href="../personal-care/shampoo-and-conditioner.html">Shampoo and conditioner</a>
                </li>
            </ul>
        </li>
        <li>
            <a class="estDynamic" href="../household-and-outdoors.html">
                <img src="../../cdn.spesati.com/images/menu/pellet-and-home.png"/>
                Home and outdoors 
            </a>
            <i class="fa fa-angle-right" aria-hidden="true"></i>
            <ul class="sub-menu">
                <li>
                    <a class="estDynamic" href="../household-and-outdoors/distilled-water.html">Distilled water</a>
                </li>
                <li>
                    <a class="estDynamic" href="../household-and-outdoors/car-products.html">Cars</a>
                </li>
                <li>
                    <a class="estDynamic" href="../household-and-outdoors/bin-bags-and-buckets.html">Bin bags and buckets</a>
                </li>
                <li>
                    <a class="estDynamic" href="../household-and-outdoors/bleach-and-stain-removers.html">Bleach and stain removers</a>
                </li>
                <li>
                    <a class="estDynamic" href="../household-and-outdoors/candles.html">Candles</a>
                </li>
                <li>
                    <a class="estDynamic" href="../household-and-outdoors/kitchen-roll.html">Kitchen roll</a>
                </li>
                <li>
                    <a class="estDynamic" href="../household-and-outdoors/air-fresheners.html">Air fresheners</a>
                </li>
                <li>
                    <a class="estDynamic" href="../household-and-outdoors/laundry-accessories-and-detergent.html">Laundry detergent</a>
                </li>
                <li>
                    <a class="estDynamic" href="../household-and-outdoors/dishwasher-and-washing-up.html">Dishwasher and washing up</a>
                </li>
                <li>
                    <a class="estDynamic" href="../household-and-outdoors/gardening.html">Gardening</a>
                </li>
                <li>
                    <a class="estDynamic" href="../household-and-outdoors/light-bulbs-and-batteries.html">Lightbulbs and batteries</a>
                </li>
                <li>
                    <a class="estDynamic" href="../household-and-outdoors/pellet-and-bbq.html">Pellet and BBQ</a>
                </li>
                <li>
                    <a class="estDynamic" href="../household-and-outdoors/bathroom-products.html">Bathroom products</a>
                </li>
                <li>
                    <a class="estDynamic" href="../household-and-outdoors/home-and-furniture-products.html">Home and furniture products</a>
                </li>
                <li>
                    <a class="estDynamic" href="../household-and-outdoors/kitchen-products.html">Kitchen products</a>
                </li>
                <li>
                    <a class="estDynamic" href="../household-and-outdoors/window-and-floor-cleaners.html">Window and floor cleaner</a>
                </li>
                <li>
                    <a class="estDynamic" href="../household-and-outdoors/repellents.html">Repellents</a>
                </li>
                <li>
                    <a class="estDynamic" href="../household-and-outdoors/disposable-tableware.html">Disposable tableware</a>
                </li>
            </ul>
        </li>
        <li>
            <a class="estDynamic" href="../pet.html">
                <img src="../../cdn.spesati.com/images/menu/animals.png"/>
                Pets            </a>
            <i class="fa fa-angle-right" aria-hidden="true"></i>
            <ul class="sub-menu">
                <li>
                    <a class="estDynamic" href="../pets/pet-food-other-animals.html">Other animals pet food</a>
                </li>
                <li>
                    <a class="estDynamic" href="../pets/pet-food-dogs.html">Pet food dogs</a>
                </li>
                <li>
                    <a class="estDynamic" href="../pets/pet-food-cats.html">Pet food cats</a>
                </li>
                <li>
                    <a class="estDynamic" href="../pets/hygiene-and-cleaning.html">Hygiene and cleaning</a>
                </li>
            </ul>
        </li>
        <li>
            <a class="estDynamic" href="../technology.html">
                <img src="../../cdn.spesati.com/images/menu/technology.png"/>
                Technology            </a>
            <i class="fa fa-angle-right" aria-hidden="true"></i>
            <ul class="sub-menu">
                <li>
                    <a class="estDynamic" href="../technology/accessories.html">Accessories</a>
                </li>
                <li>
                    <a class="estDynamic" href="../technology/computer.html">Computer</a>
                </li>
                <li>
                    <a class="estDynamic" href="../technology/telephones.html">Telephones</a>
                </li>
                <li>
                    <a class="estDynamic" href="../technology/tv.html">TV</a>
                </li>
            </ul>
        </li>
        <li>
            <a class="estDynamic" href="../gluten-free.html">
                <img src="../../cdn.spesati.com/images/menu/gluten-free.png"/>
                Gluten free            </a>
            <i class="fa fa-angle-right" aria-hidden="true"></i>
            <ul class="sub-menu">
                <li>
                    <a class="estDynamic" href="../gluten-free/frozen-foods.html">Frozen foods</a>
                </li>
                <li>
                    <a class="estDynamic" href="../gluten-free/beer.html">Beer</a>
                </li>
                <li>
                    <a class="estDynamic" href="../gluten-free/sweets.html">Sweets</a>
                </li>
                <li>
                    <a class="estDynamic" href="../gluten-free/bread-and-pasta.html">Bread and pasta</a>
                </li>
                <li>
                    <a class="estDynamic" href="../gluten-free/shelf.html">Cupboard</a>
                </li>
            </ul>
        </li>
        <li>
            <a class="estDynamic" href="../lactose-free.html">
                <img src="../../cdn.spesati.com/images/menu/lactose-free.png"/>
                Lactose free            </a>
            <i class="fa fa-angle-right" aria-hidden="true"></i>
            <ul class="sub-menu">
                <li>
                    <a class="estDynamic" href="../lactose-free/frozen-foods.html">Frozen foods</a>
                </li>
                <li>
                    <a class="estDynamic" href="../lactose-free/sweets.html">Sweets</a>
                </li>
                <li>
                    <a class="estDynamic" href="../lactose-free/dairy-product.html">Dairy product</a>
                </li>
                <li>
                    <a class="estDynamic" href="../lactose-free/shelf.html">Cupboard</a>
                </li>
            </ul>
        </li>
        <li>
            <a class="estDynamic" href="../special.html">
                <img src="../../cdn.spesati.com/images/menu/special.png"/>
                Special            </a>
            <i class="fa fa-angle-right" aria-hidden="true"></i>
            <ul class="sub-menu">
                <li>
                    <a class="estDynamic" href="../special/alpro.html">Alpro</a>
                </li>
                <li>
                    <a class="estDynamic" href="../special/organic.html">Biological</a>
                </li>
                <li>
                    <a class="estDynamic" href="../special/meat.html">Meat</a>
                </li>
                <li>
                    <a class="estDynamic" href="../special/wholegrain.html">Wholegrain</a>
                </li>
                <li>
                    <a class="estDynamic" href="../special/bread-and-pasta.html">Bread and pasta</a>
                </li>
                <li>
                    <a class="estDynamic" href="../special/vegan.html">Vegan</a>
                </li>
            </ul>
        </li>
        <li>
            <a class="estDynamic" href="../sardinian-products.html">
                <img src="../../cdn.spesati.com/images/menu/sardinian-products.png"/>
                Sardinian products            </a>
            <i class="fa fa-angle-right" aria-hidden="true"></i>
            <ul class="sub-menu">
                <li>
                    <a class="estDynamic" href="../sardinian-products/drinks.html">Drinks</a>
                </li>
                <li>
                    <a class="estDynamic" href="../sardinian-products/meat.html">Meat</a>
                </li>
                <li>
                    <a class="estDynamic" href="../sardinian-products/sweets.html">Sweets</a>
                </li>
                <li>
                    <a class="estDynamic" href="../sardinian-products/fruit-and-vegetables.html">Fruit and vegetables</a>
                </li>
                <li>
                    <a class="estDynamic" href="../sardinian-products/ichnusa.html">Ichnusa</a>
                </li>
                <li>
                    <a class="estDynamic" href="../sardinian-products/dairy-product.html">Dairy product</a>
                </li>
                <li>
                    <a class="estDynamic" href="../sardinian-products/bread-and-pasta.html">Bread and pasta</a>
                </li>
                <li>
                    <a class="estDynamic" href="../sardinian-products/fish.html">Fish</a>
                </li>
                <li>
                    <a class="estDynamic" href="../sardinian-products/cured-meat.html">Cured meat</a>
                </li>
                <li>
                    <a class="estDynamic" href="../sardinian-products/shelf.html">Cupboard</a>
                </li>
                <li>
                    <a class="estDynamic" href="../sardinian-products/vermentino-wine.html">Vermentino wine</a>
                </li>
                <li>
                    <a class="estDynamic" href="../sardinian-products/wine-beer-and-spirits.html">Wine beer and spirits</a>
                </li>
            </ul>
        </li>
    </ul>
</div>    <div class="colRight">
        <div class="title mobile">
	<a href="../fresh-products.html"><i class="fa red fa-angle-left fa-3x mobile" aria-hidden="true"></i></a>
	<h2>
		<b>
			ricotta and cheese		</b>
	</h2>
</div>

<div class="breadcrumb bgGrey internal">
	<p>
		<b>
			<a href="../index.html">Home</a>
												&gt; <a href="../fresh-products.html">Fresh products</a>
																&gt; Ricotta and cheese									</b>
	</p>
	<div>
		<p>Order by</p>
		<select name="orderProd" id="orderProd">
			<option disabled="disabled" selected="selected">- Choose -</option>
			<option value="nameAsc">Name (A - Z)</option>
			<option value="nameDes">Name (Z - A)</option>
			<option value="priceHigh">Price - High to low</option>
			<option value="priceLow">Price - Low to high</option>
			<option value="soldAsc">Best Selling</option>
			<option value="available">Availability</option>
		</select>
	</div>
</div>
        <div class="containerProduct">
            <script type='text/javascript'>var track = '{"event":"ViewContent", "type":"category", "id":"Latticini", "subids":["Ricotta","Caprini"], "url":"https://www.spesati.com/fresh-products/ricotta-and-cheese"}';</script>
<script>
gtag('event', 'select_content', {content_type: 'category', item_id: 'Latticini'});gtag('event', 'select_content', {content_type: 'category', item_id: 'Ricotta'});gtag('event', 'select_content', {content_type: 'category', item_id: 'Caprini'});
</script>
<div class="left product prod1"
        data-name="Form Grana Padano Bricciolo 1k"
        data-price="23.15"
        data-id="34766"
        data-available="yes"
        data-category="429"
        data-bestselling="">
    <a href="../form-grana-padano-bricciolo-1k.html">
        <div style="background-image: url('../../cdn.spesati.com/images/products/705089/formaggio-grana-padano-01.jpg')">
            <div class="hover"></div>
            
            <div class="stickers"></div>
        </div>
    </a>
    <div>
        <h4><a href="../form-grana-padano-bricciolo-1k.html"><b>Form Grana Padano Bricciolo 1k</b></a></h4>
        <p class="description">1 Kg</p>
        <p class="right price"><b>23.15 €</b></p>
        <p class="right unitPrice">23.15 € per kg</p>
    </div>
    <div class="contButton">
    <a class="button bgRed white addToCart" href="#">Add</a>
</div>
</div><div class="left product prod2"
        data-name="Formaggio Edamer Verde Pascolo"
        data-price="25.19"
        data-id="34765"
        data-available="yes"
        data-category="429"
        data-bestselling="">
    <a href="../formaggio-edamer-verde-pascolo.html">
        <div style="background-image: url('../../cdn.spesati.com/images/products/705088/formaggio-edamer-verde-01.jpg')">
            <div class="hover"></div>
            
            <div class="stickers"></div>
        </div>
    </a>
    <div>
        <h4><a href="../formaggio-edamer-verde-pascolo.html"><b>Formaggio Edamer Verde Pascolo</b></a></h4>
        <p class="description">medium weight  2.500 Kg</p>
        <p class="right price"><b>25.19 €</b></p>
        <p class="right unitPrice">10.08 € per kg</p>
    </div>
    <div class="contButton">
    <a class="button bgRed white addToCart" href="#">Add</a>
</div>
</div><div class="left product prod3"
        data-name="Formaggio Mix Grattuggiato Briciolo 1kg"
        data-price="12.30"
        data-id="34760"
        data-available="yes"
        data-category="429"
        data-bestselling="">
    <a href="../formaggio-mix-grattuggiato-briciolo-1kg.html">
        <div style="background-image: url('../../cdn.spesati.com/images/products/705079/formaggio-mix-grattuggiato-01.jpg')">
            <div class="hover"></div>
            
            <div class="stickers"></div>
        </div>
    </a>
    <div>
        <h4><a href="../formaggio-mix-grattuggiato-briciolo-1kg.html"><b>Formaggio Mix Grattuggiato Briciolo 1kg</b></a></h4>
        <p class="description">1 Kg</p>
        <p class="right price"><b>12.30 €</b></p>
        <p class="right unitPrice">12.30 € per kg</p>
    </div>
    <div class="contButton">
    <a class="button bgRed white addToCart" href="#">Add</a>
</div>
</div><div class="left product prod4"
        data-name="Formaggio Maasdammer Forma 1-4"
        data-price="34.88"
        data-id="34757"
        data-available="yes"
        data-category="429"
        data-bestselling="">
    <a href="../formaggio-maasdammer-forma-1-4.html">
        <div style="background-image: url('../../cdn.spesati.com/images/products/705076/formaggio-maasdammer-forma-01.html')">
            <div class="hover"></div>
            
            <div class="stickers"></div>
        </div>
    </a>
    <div>
        <h4><a href="../formaggio-maasdammer-forma-1-4.html"><b>Formaggio Maasdammer Forma 1-4</b></a></h4>
        <p class="description">1 Kg</p>
        <p class="right price"><b>34.88 €</b></p>
        <p class="right unitPrice">10.90 € per kg</p>
    </div>
    <div class="contButton">
    <a class="button bgRed white addToCart" href="#">Add</a>
</div>
</div><div class="left product prod5"
        data-name="Ricotta pinna brigante 250gr"
        data-price="1.89"
        data-id="5316"
        data-available="yes"
        data-category="429"
        data-bestselling="2">
    <a href="../ricotta-pinna-brigante-250gr.html">
        <div style="background-image: url('../../cdn.spesati.com/images/products/695501/ricotta-pinna-brigante-01.jpg')">
            <div class="hover"></div>
            <p class="arrow bgRed white">Best Seller</p>
            <div class="stickers"></div>
        </div>
    </a>
    <div>
        <h4><a href="../ricotta-pinna-brigante-250gr.html"><b>Ricotta pinna brigante 250gr</b></a></h4>
        <p class="description">0.25 Kg</p>
        <p class="right price"><b>1.89 €</b></p>
        <p class="right unitPrice">7.56 € per kg</p>
    </div>
    <div class="contButton">
    <a class="button bgRed white addToCart" href="#">Add</a>
</div>
</div><div class="left product prod6"
        data-name="Bayernland Emmentaler Fette"
        data-price="2.96"
        data-id="2092"
        data-available="yes"
        data-category="429"
        data-bestselling="">
    <a href="../bayernland-emmentaler-fette.html">
        <div style="background-image: url('../../cdn.spesati.com/images/products/6841701/bayernland-emmentaler-fette.jpg')">
            <div class="hover"></div>
            
            <div class="stickers"></div>
        </div>
    </a>
    <div>
        <h4><a href="../bayernland-emmentaler-fette.html"><b>Bayernland Emmentaler Fette</b></a></h4>
        <p class="description">0.14 Kg</p>
        <p class="right price"><b>2.96 €</b></p>
        <p class="right unitPrice">21.16 € per kg</p>
    </div>
    <div class="contButton">
    <a class="button bgRed white addToCart" href="#">Add</a>
</div>
</div><div class="left product prod7"
        data-name="Formaggio Pecorino Peperoncino S/v"
        data-price="43.54"
        data-id="85782"
        data-available="yes"
        data-category="429"
        data-bestselling="">
    <a href="../formaggio-pecorino-peperoncino-sv.html">
        <div style="background-image: url('../../cdn.spesati.com/images/products/509536/formaggio-pecorino-peperoncino-01.jpg')">
            <div class="hover"></div>
            
            <div class="stickers"><img class="left" src="../../cdn.spesati.com/images/layout/sardinian.png" /></div>
        </div>
    </a>
    <div>
        <h4><a href="../formaggio-pecorino-peperoncino-sv.html"><b>Formaggio Pecorino Peperoncino S/v</b></a></h4>
        <p class="description">1 Kg</p>
        <p class="right price"><b>43.54 €</b></p>
        <p class="right unitPrice">21.77 € per kg</p>
    </div>
    <div class="contButton">
    <a class="button bgRed white addToCart" href="#">Add</a>
</div>
</div><div class="left product prod8"
        data-name="Crema Formaggio Ovinforth 200gr"
        data-price="4.89"
        data-id="73412"
        data-available="yes"
        data-category="429"
        data-bestselling="">
    <a href="../crema-formaggio-ovinforth-200gr.html">
        <div style="background-image: url('../../cdn.spesati.com/images/products/508451/crema-formaggio-ovinforth-01.jpg')">
            <div class="hover"></div>
            
            <div class="stickers"></div>
        </div>
    </a>
    <div>
        <h4><a href="../crema-formaggio-ovinforth-200gr.html"><b>Crema Formaggio Ovinforth 200gr</b></a></h4>
        <p class="description">0.2 Kg</p>
        <p class="right price"><b>4.89 €</b></p>
        <p class="right unitPrice">24.45 € per kg</p>
    </div>
    <div class="contButton">
    <a class="button bgRed white addToCart" href="#">Add</a>
</div>
</div><div class="left product prod9"
        data-name="Form Feta Greca"
        data-price="4.00"
        data-id="1980"
        data-available="yes"
        data-category="429"
        data-bestselling="">
    <a href="../form-feta-greca.html">
        <div style="background-image: url('../../cdn.spesati.com/images/products/4537301/form-feta-greca.jpg')">
            <div class="hover"></div>
            
            <div class="stickers"></div>
        </div>
    </a>
    <div>
        <h4><a href="../form-feta-greca.html"><b>Form Feta Greca</b></a></h4>
        <p class="description">0.2 Kg</p>
        <p class="right price"><b>4.00 €</b></p>
        <p class="right unitPrice">20.00 € per kg</p>
    </div>
    <div class="contButton">
    <a class="button bgRed white addToCart" href="#">Add</a>
</div>
</div><div class="left product prod10"
        data-name="Gorgonzola Soresina Dop Dolce 1/8"
        data-price="27.03"
        data-id="87296"
        data-available="yes"
        data-category="429"
        data-bestselling="">
    <a href="../gorgonzola-soresina-dop-dolce-18.html">
        <div style="background-image: url('../../cdn.spesati.com/images/products/447501/gorgonzola-soresina-dop-01.jpg')">
            <div class="hover"></div>
            
            <div class="stickers"></div>
        </div>
    </a>
    <div>
        <h4><a href="../gorgonzola-soresina-dop-dolce-18.html"><b>Gorgonzola Soresina Dop Dolce 1/8</b></a></h4>
        <p class="description">1 Kg</p>
        <p class="right price"><b>27.03 €</b></p>
        <p class="right unitPrice">15.90 € per kg</p>
    </div>
    <div class="contButton">
    <a class="button bgRed white addToCart" href="#">Add</a>
</div>
</div><div class="left product prod11"
        data-name="Formaggio Pecorino Bonassai 1/4"
        data-price="9.95"
        data-id="87819"
        data-available="yes"
        data-category="429"
        data-bestselling="">
    <a href="../formaggio-pecorino-bonassai-14.html">
        <div style="background-image: url('../../cdn.spesati.com/images/products/447446/formaggio-pecorino-bonassai-01.jpg')">
            <div class="hover"></div>
            
            <div class="stickers"><img class="left" src="../../cdn.spesati.com/images/layout/sardinian.png" /></div>
        </div>
    </a>
    <div>
        <h4><a href="../formaggio-pecorino-bonassai-14.html"><b>Formaggio Pecorino Bonassai 1/4</b></a></h4>
        <p class="description">1 Kg</p>
        <p class="right price"><b>9.95 €</b></p>
        <p class="right unitPrice">19.91 € per kg</p>
    </div>
    <div class="contButton">
    <a class="button bgRed white addToCart" href="#">Add</a>
</div>
</div><div class="left product prod12"
        data-name="Crema Formaggio Cacio Tartufo 200gr"
        data-price="4.39"
        data-id="85959"
        data-available="yes"
        data-category="429"
        data-bestselling="">
    <a href="../crema-formaggio-cacio-tartufo-200gr.html">
        <div style="background-image: url('../../cdn.spesati.com/images/products/447260/crema-formaggio-cacio-01.jpg')">
            <div class="hover"></div>
            
            <div class="stickers"></div>
        </div>
    </a>
    <div>
        <h4><a href="../crema-formaggio-cacio-tartufo-200gr.html"><b>Crema Formaggio Cacio Tartufo 200gr</b></a></h4>
        <p class="description">0.2 Kg</p>
        <p class="right price"><b>4.39 €</b></p>
        <p class="right unitPrice">21.95 € per kg</p>
    </div>
    <div class="contButton">
    <a class="button bgRed white addToCart" href="#">Add</a>
</div>
</div><div class="left product prod13"
        data-name="Crema Formaggio Cacio Pepe 200gr"
        data-price="4.35"
        data-id="85956"
        data-available="yes"
        data-category="429"
        data-bestselling="">
    <a href="../crema-formaggio-cacio-pepe-200gr.html">
        <div style="background-image: url('../../cdn.spesati.com/images/products/447259/crema-formaggio-cacio-01.jpg')">
            <div class="hover"></div>
            
            <div class="stickers"></div>
        </div>
    </a>
    <div>
        <h4><a href="../crema-formaggio-cacio-pepe-200gr.html"><b>Crema Formaggio Cacio Pepe 200gr</b></a></h4>
        <p class="description">0.2 Kg</p>
        <p class="right price"><b>4.35 €</b></p>
        <p class="right unitPrice">21.76 € per kg</p>
    </div>
    <div class="contButton">
    <a class="button bgRed white addToCart" href="#">Add</a>
</div>
</div><div class="left product prod14"
        data-name="Fettine Inalpi Scamorza 150gr"
        data-price="2.15"
        data-id="80797"
        data-available="yes"
        data-category="429"
        data-bestselling="">
    <a href="../fettine-inalpi-scamorza-150gr.html">
        <div style="background-image: url('../../cdn.spesati.com/images/products/441184/fettine-inalpi-scamorza-01.jpg')">
            <div class="hover"></div>
            
            <div class="stickers"></div>
        </div>
    </a>
    <div>
        <h4><a href="../fettine-inalpi-scamorza-150gr.html"><b>Fettine Inalpi Scamorza 150gr</b></a></h4>
        <p class="description">0.15 Kg</p>
        <p class="right price"><b>2.15 €</b></p>
        <p class="right unitPrice">14.33 € per kg</p>
    </div>
    <div class="contButton">
    <a class="button bgRed white addToCart" href="#">Add</a>
</div>
</div><div class="left product prod15"
        data-name="Formaggio Casizolu Montiferru Fresco"
        data-price="47.80"
        data-id="88424"
        data-available="yes"
        data-category="429"
        data-bestselling="">
    <a href="../formaggio-casizolu-montiferru-fresco.html">
        <div style="background-image: url('../../cdn.spesati.com/images/products/430942/formaggio-casizolu-montiferru-01.jpg')">
            <div class="hover"></div>
            
            <div class="stickers"></div>
        </div>
    </a>
    <div>
        <h4><a href="../formaggio-casizolu-montiferru-fresco.html"><b>Formaggio Casizolu Montiferru Fresco</b></a></h4>
        <p class="description">1 Kg</p>
        <p class="right price"><b>47.80 €</b></p>
        <p class="right unitPrice">23.90 € per kg</p>
    </div>
    <div class="contButton">
    <a class="button bgRed white addToCart" href="#">Add</a>
</div>
</div><div class="left product prod16"
        data-name="Formaggio CdI Canestrato Capra"
        data-price="49.00"
        data-id="87759"
        data-available="yes"
        data-category="429"
        data-bestselling="">
    <a href="../formaggio-cdi-canestrato-capra.html">
        <div style="background-image: url('../../cdn.spesati.com/images/products/399684/formaggio-cdi-canestrato-01.jpg')">
            <div class="hover"></div>
            
            <div class="stickers"></div>
        </div>
    </a>
    <div>
        <h4><a href="../formaggio-cdi-canestrato-capra.html"><b>Formaggio CdI Canestrato Capra</b></a></h4>
        <p class="description">1 Kg</p>
        <p class="right price"><b>49.00 €</b></p>
        <p class="right unitPrice">23.90 € per kg</p>
    </div>
    <div class="contButton">
    <a class="button bgRed white addToCart" href="#">Add</a>
</div>
</div><div class="left product prod17"
        data-name="Formaggio Cuore Isola Semistagionato Capra"
        data-price="74.70"
        data-id="87753"
        data-available="yes"
        data-category="429"
        data-bestselling="">
    <a href="../formaggio-cuore-isola-semistagionato-capra.html">
        <div style="background-image: url('../../cdn.spesati.com/images/products/399682/formaggio-cuore-isola-01.html')">
            <div class="hover"></div>
            
            <div class="stickers"></div>
        </div>
    </a>
    <div>
        <h4><a href="../formaggio-cuore-isola-semistagionato-capra.html"><b>Formaggio Cuore Isola Semistagionato Capra</b></a></h4>
        <p class="description">1 Kg</p>
        <p class="right price"><b>74.70 €</b></p>
        <p class="right unitPrice">24.90 € per kg</p>
    </div>
    <div class="contButton">
    <a class="button bgRed white addToCart" href="#">Add</a>
</div>
</div><div class="left product prod18"
        data-name="Formaggio Cuore Isola Capra Grattugiato 80gr"
        data-price="2.49"
        data-id="83633"
        data-available="yes"
        data-category="429"
        data-bestselling="4">
    <a href="../formaggio-cuore-isola-capra-grattugiato-80gr.html">
        <div style="background-image: url('../../cdn.spesati.com/images/products/399028/formaggio-cuore-isola-01.jpg')">
            <div class="hover"></div>
            <p class="arrow bgRed white">Best Seller</p>
            <div class="stickers"><img class="left" src="../../cdn.spesati.com/images/layout/sardinian.png" /></div>
        </div>
    </a>
    <div>
        <h4><a href="../formaggio-cuore-isola-capra-grattugiato-80gr.html"><b>Formaggio Cuore Isola Capra Grattugiato 80gr</b></a></h4>
        <p class="description">0.08 Kg</p>
        <p class="right price"><b>2.49 €</b></p>
        <p class="right unitPrice">31.13 € per kg</p>
    </div>
    <div class="contButton">
    <a class="button bgRed white addToCart" href="#">Add</a>
</div>
</div><div class="left product prod19"
        data-name="Formaggio Bianco Cuore Isola 200gr"
        data-price="3.99"
        data-id="32573"
        data-available="yes"
        data-category="429"
        data-bestselling="">
    <a href="../formaggio-bianco-cuore-isola-200gr.html">
        <div style="background-image: url('../../cdn.spesati.com/images/products/398126/formaggio-bianco-cuore-01.jpg')">
            <div class="hover"></div>
            
            <div class="stickers"></div>
        </div>
    </a>
    <div>
        <h4><a href="../formaggio-bianco-cuore-isola-200gr.html"><b>Formaggio Bianco Cuore Isola 200gr</b></a></h4>
        <p class="description">0.2 Kg</p>
        <p class="right price"><b>3.99 €</b></p>
        <p class="right unitPrice">19.96 € per kg</p>
    </div>
    <div class="contButton">
    <a class="button bgRed white addToCart" href="#">Add</a>
</div>
</div><div class="left product prod20"
        data-name="Formaggio Cuore Dell'Isola Spalmabile Zafferano 200Gr"
        data-price="2.99"
        data-id="6983"
        data-available="yes"
        data-category="429"
        data-bestselling="">
    <a href="../formaggio-cuore-dellisola-spalmabile-zafferano-200gr.html">
        <div style="background-image: url('../../cdn.spesati.com/images/products/398040/formaggio-cuore-dellisola-01.jpg')">
            <div class="hover"></div>
            
            <div class="stickers"><img class="left" src="../../cdn.spesati.com/images/layout/sardinian.png" /></div>
        </div>
    </a>
    <div>
        <h4><a href="../formaggio-cuore-dellisola-spalmabile-zafferano-200gr.html"><b>Formaggio Cuore Dell'Isola Spalmabile Zafferano 200Gr</b></a></h4>
        <p class="description">0.1 Kg</p>
        <p class="right price"><b>2.99 €</b></p>
        <p class="right unitPrice">14.96 € per kg</p>
    </div>
    <div class="contButton">
    <a class="button bgRed white addToCart" href="#">Add</a>
</div>
</div><div class="left product prod21"
        data-name="Parmigiano Reggiano Rdg 30m 200g"
        data-price="5.49"
        data-id="74156"
        data-available="yes"
        data-category="429"
        data-bestselling="">
    <a href="../parmigiano-reggiano-rdg-30m-200g.html">
        <div style="background-image: url('../../cdn.spesati.com/images/products/222181/parmigiano-reggiano-rdg-01.html')">
            <div class="hover"></div>
            
            <div class="stickers"></div>
        </div>
    </a>
    <div>
        <h4><a href="../parmigiano-reggiano-rdg-30m-200g.html"><b>Parmigiano Reggiano Rdg 30m 200g</b></a></h4>
        <p class="description">0.2 Kg</p>
        <p class="right price"><b>5.49 €</b></p>
        <p class="right unitPrice">27.46 € per kg</p>
    </div>
    <div class="contButton">
    <a class="button bgRed white addToCart" href="#">Add</a>
</div>
</div><div class="left product prod22"
        data-name="Grana Padano Rdg Riserva 20m 200g"
        data-price="4.89"
        data-id="74153"
        data-available="yes"
        data-category="429"
        data-bestselling="">
    <a href="../grana-padano-rdg-riserva-20m-200g.html">
        <div style="background-image: url('../../cdn.spesati.com/images/products/222180/grana-padano-rdg-01.html')">
            <div class="hover"></div>
            
            <div class="stickers"></div>
        </div>
    </a>
    <div>
        <h4><a href="../grana-padano-rdg-riserva-20m-200g.html"><b>Grana Padano Rdg Riserva 20m 200g</b></a></h4>
        <p class="description">0.2 Kg</p>
        <p class="right price"><b>4.89 €</b></p>
        <p class="right unitPrice">24.45 € per kg</p>
    </div>
    <div class="contButton">
    <a class="button bgRed white addToCart" href="#">Add</a>
</div>
</div><div class="left product prod23"
        data-name="Formaggio Cuore Isola Spalmabile Bottarga 100g"
        data-price="2.99"
        data-id="27572"
        data-available="yes"
        data-category="429"
        data-bestselling="">
    <a href="../formaggio-cuore-isola-spalmabile-bottarga-100g.html">
        <div style="background-image: url('../../cdn.spesati.com/images/products/135994/formaggio-cuore-isola-01.jpg')">
            <div class="hover"></div>
            
            <div class="stickers"><img class="left" src="../../cdn.spesati.com/images/layout/sardinian.png" /></div>
        </div>
    </a>
    <div>
        <h4><a href="../formaggio-cuore-isola-spalmabile-bottarga-100g.html"><b>Formaggio Cuore Isola Spalmabile Bottarga 100g</b></a></h4>
        <p class="description">0.1 Kg</p>
        <p class="right price"><b>2.99 €</b></p>
        <p class="right unitPrice">29.90 € per kg</p>
    </div>
    <div class="contButton">
    <a class="button bgRed white addToCart" href="#">Add</a>
</div>
</div><div class="left product prod24"
        data-name="Formaggio Cuore Isola Spalmabile Zafferano 100g"
        data-price="2.99"
        data-id="27570"
        data-available="yes"
        data-category="429"
        data-bestselling="">
    <a href="../formaggio-cuore-isola-spalmabile-zafferano-100g.html">
        <div style="background-image: url('../../cdn.spesati.com/images/products/135992/formaggio-cuore-isola-01.jpg')">
            <div class="hover"></div>
            
            <div class="stickers"><img class="left" src="../../cdn.spesati.com/images/layout/sardinian.png" /></div>
        </div>
    </a>
    <div>
        <h4><a href="../formaggio-cuore-isola-spalmabile-zafferano-100g.html"><b>Formaggio Cuore Isola Spalmabile Zafferano 100g</b></a></h4>
        <p class="description">0.1 Kg</p>
        <p class="right price"><b>2.99 €</b></p>
        <p class="right unitPrice">29.90 € per kg</p>
    </div>
    <div class="contButton">
    <a class="button bgRed white addToCart" href="#">Add</a>
</div>
</div><div class="left product prod25"
        data-name="Spalmabile Naturale Arla 1.5kg"
        data-price="13.92"
        data-id="65997"
        data-available="yes"
        data-category="429"
        data-bestselling="">
    <a href="../spalmabile-naturale-arla-15kg.html">
        <div style="background-image: url('../../cdn.spesati.com/images/products/122123/spalmabile-naturale-arla-01.jpg')">
            <div class="hover"></div>
            
            <div class="stickers"></div>
        </div>
    </a>
    <div>
        <h4><a href="../spalmabile-naturale-arla-15kg.html"><b>Spalmabile Naturale Arla 1.5kg</b></a></h4>
        <p class="description">1.5 Kg</p>
        <p class="right price"><b>13.92 €</b></p>
        <p class="right unitPrice">9.29 € per kg</p>
    </div>
    <div class="contButton">
    <a class="button bgRed white addToCart" href="#">Add</a>
</div>
</div><div class="left product prod26"
        data-name="Formaggio Pecorino Gransepi Tartufo 1/4"
        data-price="44.85"
        data-id="63423"
        data-available="yes"
        data-category="429"
        data-bestselling="">
    <a href="../formaggio-pecorino-gransepi-tartufo-14.html">
        <div style="background-image: url('../../cdn.spesati.com/images/products/122066/formaggio-pecorino-gransepi-01.jpg')">
            <div class="hover"></div>
            
            <div class="stickers"><img class="left" src="../../cdn.spesati.com/images/layout/sardinian.png" /></div>
        </div>
    </a>
    <div>
        <h4><a href="../formaggio-pecorino-gransepi-tartufo-14.html"><b>Formaggio Pecorino Gransepi Tartufo 1/4</b></a></h4>
        <p class="description">1 Kg</p>
        <p class="right price"><b>44.85 €</b></p>
        <p class="right unitPrice">29.90 € per kg</p>
    </div>
    <div class="contButton">
    <a class="button bgRed white addToCart" href="#">Add</a>
</div>
</div><div class="left product prod27"
        data-name="Formaggio Pastore Sardo 1-8"
        data-price="13.74"
        data-id="6004"
        data-available="yes"
        data-category="429"
        data-bestselling="">
    <a href="../formaggio-pastore-sardo-1-8.html">
        <div style="background-image: url('../../cdn.spesati.com/images/products/107555/formaggio-pastore-sardo-01.jpg')">
            <div class="hover"></div>
            
            <div class="stickers"><img class="left" src="../../cdn.spesati.com/images/layout/sardinian.png" /></div>
        </div>
    </a>
    <div>
        <h4><a href="../formaggio-pastore-sardo-1-8.html"><b>Formaggio Pastore Sardo 1-8</b></a></h4>
        <p class="description">medium weight 0.600 Kg</p>
        <p class="right price"><b>13.74 €</b></p>
        <p class="right unitPrice">22.90 € per kg</p>
    </div>
    <div class="contButton">
    <a class="button bgRed white addToCart" href="#">Add</a>
</div>
</div><div class="left product prod28"
        data-name="Formaggio Pecorino Romano Dop 1-4"
        data-price="147.95"
        data-id="25039"
        data-available="yes"
        data-category="429"
        data-bestselling="">
    <a href="../formaggio-pecorino-romano-dop-1-4.html">
        <div style="background-image: url('../../cdn.spesati.com/images/products/106949/formaggio-pecorino-romano-01.jpg')">
            <div class="hover"></div>
            
            <div class="stickers"></div>
        </div>
    </a>
    <div>
        <h4><a href="../formaggio-pecorino-romano-dop-1-4.html"><b>Formaggio Pecorino Romano Dop 1-4</b></a></h4>
        <p class="description">medium weight  7 Kg</p>
        <p class="right price"><b>147.95 €</b></p>
        <p class="right unitPrice">26.90 € per kg</p>
    </div>
    <div class="contButton">
    <a class="button bgRed white addToCart" href="#">Add</a>
</div>
</div><div class="left product prod29"
        data-name="Formaggio Bayerland Senza Lattosio 2.5kg"
        data-price="36.25"
        data-id="25027"
        data-available="yes"
        data-category="429"
        data-bestselling="">
    <a href="../formaggio-bayerland-senza-lattosio-25kg.html">
        <div style="background-image: url('../../cdn.spesati.com/images/products/106843/formaggio-bayerland-senza-01.jpg')">
            <div class="hover"></div>
            
            <div class="stickers"></div>
        </div>
    </a>
    <div>
        <h4><a href="../formaggio-bayerland-senza-lattosio-25kg.html"><b>Formaggio Bayerland Senza Lattosio 2.5kg</b></a></h4>
        <p class="description">medium weight  2.500 Kg</p>
        <p class="right price"><b>36.25 €</b></p>
        <p class="right unitPrice">14.50 € per kg</p>
    </div>
    <div class="contButton">
    <a class="button bgRed white addToCart" href="#">Add</a>
</div>
</div><div class="left product prod30"
        data-name="Formaggio Vaccino Bayerland Pamigo"
        data-price="38.51"
        data-id="25026"
        data-available="yes"
        data-category="429"
        data-bestselling="">
    <a href="../formaggio-vaccino-bayerland-pamigo.html">
        <div style="background-image: url('../../cdn.spesati.com/images/products/106841/formaggio-vaccino-bayerland-01.html')">
            <div class="hover"></div>
            
            <div class="stickers"><img class="left" src="../../cdn.spesati.com/images/layout/sardinian.png" /></div>
        </div>
    </a>
    <div>
        <h4><a href="../formaggio-vaccino-bayerland-pamigo.html"><b>Formaggio Vaccino Bayerland Pamigo</b></a></h4>
        <p class="description">medium weight  2.300 Kg</p>
        <p class="right price"><b>38.51 €</b></p>
        <p class="right unitPrice">16.74 € per kg</p>
    </div>
    <div class="contButton">
    <a class="button bgRed white addToCart" href="#">Add</a>
</div>
</div><div class="left product prod31"
        data-name="Formaggio Casizolu Montiferru Spicchio"
        data-price="8.71"
        data-id="88415"
        data-available="yes"
        data-category="429"
        data-bestselling="">
    <a href="../formaggio-casizolu-montiferru-spicchio.html">
        <div style="background-image: url('../../cdn.spesati.com/images/products/106690/formaggio-casizolu-montiferru-01.jpg')">
            <div class="hover"></div>
            
            <div class="stickers"></div>
        </div>
    </a>
    <div>
        <h4><a href="../formaggio-casizolu-montiferru-spicchio.html"><b>Formaggio Casizolu Montiferru Spicchio</b></a></h4>
        <p class="description">1 Kg</p>
        <p class="right price"><b>8.71 €</b></p>
        <p class="right unitPrice">24.90 € per kg</p>
    </div>
    <div class="contButton">
    <a class="button bgRed white addToCart" href="#">Add</a>
</div>
</div><div class="left product prod32"
        data-name="Form Asiago Dop Spicchio 1kg"
        data-price="14.28"
        data-id="24991"
        data-available="yes"
        data-category="429"
        data-bestselling="">
    <a href="../form-asiago-dop-spicchio-1kg.html">
        <div style="background-image: url('../../cdn.spesati.com/images/products/106667/form-asiago-dop-01.jpg')">
            <div class="hover"></div>
            
            <div class="stickers"></div>
        </div>
    </a>
    <div>
        <h4><a href="../form-asiago-dop-spicchio-1kg.html"><b>Form Asiago Dop Spicchio 1kg</b></a></h4>
        <p class="description">medium weight 1 Kg</p>
        <p class="right price"><b>14.28 €</b></p>
        <p class="right unitPrice">14.28 € per kg</p>
    </div>
    <div class="contButton">
    <a class="button bgRed white addToCart" href="#">Add</a>
</div>
</div><div class="left product prod33"
        data-name="Formaggio Feta Greca 2kg"
        data-price="18.90"
        data-id="24816"
        data-available="yes"
        data-category="429"
        data-bestselling="">
    <a href="../formaggio-feta-greca-2kg.html">
        <div style="background-image: url('../../cdn.spesati.com/images/products/105850/formaggio-feta-greca-01.jpg')">
            <div class="hover"></div>
            
            <div class="stickers"></div>
        </div>
    </a>
    <div>
        <h4><a href="../formaggio-feta-greca-2kg.html"><b>Formaggio Feta Greca 2kg</b></a></h4>
        <p class="description">2 Kg</p>
        <p class="right price"><b>18.90 €</b></p>
        <p class="right unitPrice">18.90 € per kg</p>
    </div>
    <div class="contButton">
    <a class="button bgRed white addToCart" href="#">Add</a>
</div>
</div><div class="left product prod34"
        data-name="Formaggio La Ce Sa Provola S-lattosio"
        data-price="18.50"
        data-id="24777"
        data-available="yes"
        data-category="429"
        data-bestselling="">
    <a href="../formaggio-la-ce-sa-provola-s-lattosio.html">
        <div style="background-image: url('../../cdn.spesati.com/images/products/105686/formaggio-la-ce-sa-01.jpg')">
            <div class="hover"></div>
            
            <div class="stickers"><img class="left" src="../../cdn.spesati.com/images/layout/lactose-free.png" /></div>
        </div>
    </a>
    <div>
        <h4><a href="../formaggio-la-ce-sa-provola-s-lattosio.html"><b>Formaggio La Ce Sa Provola S-lattosio</b></a></h4>
        <p class="description">medium weight 1 Kg</p>
        <p class="right price"><b>18.50 €</b></p>
        <p class="right unitPrice">18.50 € per kg</p>
    </div>
    <div class="contButton">
    <a class="button bgRed white addToCart" href="#">Add</a>
</div>
</div><div class="left product prod35"
        data-name="Formaggio Emmental Francese Blocco"
        data-price="35.19"
        data-id="24745"
        data-available="yes"
        data-category="429"
        data-bestselling="">
    <a href="../formaggio-emmental-francese-blocco.html">
        <div style="background-image: url('../../cdn.spesati.com/images/products/105418/formaggio-emmental-francese-01.jpg')">
            <div class="hover"></div>
            
            <div class="stickers"></div>
        </div>
    </a>
    <div>
        <h4><a href="../formaggio-emmental-francese-blocco.html"><b>Formaggio Emmental Francese Blocco</b></a></h4>
        <p class="description">medium weight  2.500 Kg</p>
        <p class="right price"><b>35.19 €</b></p>
        <p class="right unitPrice">14.08 € per kg</p>
    </div>
    <div class="contButton">
    <a class="button bgRed white addToCart" href="#">Add</a>
</div>
</div><div class="left product prod36"
        data-name="Formaggio Fuso Fette Welcome 800gr"
        data-price="7.85"
        data-id="24739"
        data-available="yes"
        data-category="429"
        data-bestselling="">
    <a href="../formaggio-fuso-fette-welcome-800gr.html">
        <div style="background-image: url('../../cdn.spesati.com/images/products/105398/formaggio-fuso-fette-01.jpg')">
            <div class="hover"></div>
            
            <div class="stickers"></div>
        </div>
    </a>
    <div>
        <h4><a href="../formaggio-fuso-fette-welcome-800gr.html"><b>Formaggio Fuso Fette Welcome 800gr</b></a></h4>
        <p class="description">0.8 Kg</p>
        <p class="right price"><b>7.85 €</b></p>
        <p class="right unitPrice">9.82 € per kg</p>
    </div>
    <div class="contButton">
    <a class="button bgRed white addToCart" href="#">Add</a>
</div>
</div><div class="left product prod37"
        data-name="Formaggio Sepi Caprino Juncau S-v"
        data-price="119.52"
        data-id="24733"
        data-available="yes"
        data-category="429"
        data-bestselling="">
    <a href="../formaggio-sepi-caprino-juncau-s-v.html">
        <div style="background-image: url('../../cdn.spesati.com/images/products/105370/formaggio-sepi-caprino-01.jpg')">
            <div class="hover"></div>
            
            <div class="stickers"><img class="left" src="../../cdn.spesati.com/images/layout/sardinian.png" /></div>
        </div>
    </a>
    <div>
        <h4><a href="../formaggio-sepi-caprino-juncau-s-v.html"><b>Formaggio Sepi Caprino Juncau S-v</b></a></h4>
        <p class="description">medium weight  4.800 Kg</p>
        <p class="right price"><b>119.52 €</b></p>
        <p class="right unitPrice">24.90 € per kg</p>
    </div>
    <div class="contButton">
    <a class="button bgRed white addToCart" href="#">Add</a>
</div>
</div><div class="left product prod38"
        data-name="Formaggio Fresco Capra 1-2 Sv"
        data-price="24.82"
        data-id="24728"
        data-available="yes"
        data-category="429"
        data-bestselling="">
    <a href="../formaggio-fresco-capra-1-2-sv.html">
        <div style="background-image: url('../../cdn.spesati.com/images/products/105339/formaggio-fresco-capra-01.jpg')">
            <div class="hover"></div>
            
            <div class="stickers"><img class="left" src="../../cdn.spesati.com/images/layout/sardinian.png" /></div>
        </div>
    </a>
    <div>
        <h4><a href="../formaggio-fresco-capra-1-2-sv.html"><b>Formaggio Fresco Capra 1-2 Sv</b></a></h4>
        <p class="description">medium weight 1 Kg</p>
        <p class="right price"><b>24.82 €</b></p>
        <p class="right unitPrice">24.82 € per kg</p>
    </div>
    <div class="contButton">
    <a class="button bgRed white addToCart" href="#">Add</a>
</div>
</div><div class="left product prod39"
        data-name="Formaggio Pecorino Pastore Sardo Sv"
        data-price="83.60"
        data-id="24711"
        data-available="yes"
        data-category="429"
        data-bestselling="">
    <a href="../formaggio-pecorino-pastore-sardo-sv.html">
        <div style="background-image: url('../../cdn.spesati.com/images/products/105266/formaggio-pecorino-pastore-01.jpg')">
            <div class="hover"></div>
            
            <div class="stickers"></div>
        </div>
    </a>
    <div>
        <h4><a href="../formaggio-pecorino-pastore-sardo-sv.html"><b>Formaggio Pecorino Pastore Sardo Sv</b></a></h4>
        <p class="description">medium weight  4.000 Kg</p>
        <p class="right price"><b>83.60 €</b></p>
        <p class="right unitPrice">20.90 € per kg</p>
    </div>
    <div class="contButton">
    <a class="button bgRed white addToCart" href="#">Add</a>
</div>
</div><div class="left product prod40"
        data-name="Formaggio Pecorino Pastorino Sotto Vuoto"
        data-price="16.43"
        data-id="5973"
        data-available="yes"
        data-category="429"
        data-bestselling="">
    <a href="../formaggio-pecorino-pastorino-sotto-vuoto.html">
        <div style="background-image: url('../../cdn.spesati.com/images/products/105262/formaggio-pecorino-pastorino-01.jpg')">
            <div class="hover"></div>
            
            <div class="stickers"><img class="left" src="../../cdn.spesati.com/images/layout/sardinian.png" /></div>
        </div>
    </a>
    <div>
        <h4><a href="../formaggio-pecorino-pastorino-sotto-vuoto.html"><b>Formaggio Pecorino Pastorino Sotto Vuoto</b></a></h4>
        <p class="description">medium weight 0.750 Kg</p>
        <p class="right price"><b>16.43 €</b></p>
        <p class="right unitPrice">21.90 € per kg</p>
    </div>
    <div class="contButton">
    <a class="button bgRed white addToCart" href="#">Add</a>
</div>
</div><div class="left product prod41"
        data-name="Formaggio Casafadda Ovinforth S-v"
        data-price="50.37"
        data-id="24700"
        data-available="yes"
        data-category="429"
        data-bestselling="">
    <a href="../formaggio-casafadda-ovinforth-s-v.html">
        <div style="background-image: url('../../cdn.spesati.com/images/products/105179/formaggio-casafadda-ovinforth-01.jpg')">
            <div class="hover"></div>
            
            <div class="stickers"></div>
        </div>
    </a>
    <div>
        <h4><a href="../formaggio-casafadda-ovinforth-s-v.html"><b>Formaggio Casafadda Ovinforth S-v</b></a></h4>
        <p class="description">medium weight  2.300 Kg</p>
        <p class="right price"><b>50.37 €</b></p>
        <p class="right unitPrice">21.90 € per kg</p>
    </div>
    <div class="contButton">
    <a class="button bgRed white addToCart" href="#">Add</a>
</div>
</div><div class="left product prod42"
        data-name="Formaggio Arborea Provolone Bianco S-v"
        data-price="38.16"
        data-id="24698"
        data-available="yes"
        data-category="429"
        data-bestselling="">
    <a href="../formaggio-arborea-provolone-bianco-s-v.html">
        <div style="background-image: url('../../cdn.spesati.com/images/products/105176/formaggio-arborea-provolone-01.jpg')">
            <div class="hover"></div>
            
            <div class="stickers"></div>
        </div>
    </a>
    <div>
        <h4><a href="../formaggio-arborea-provolone-bianco-s-v.html"><b>Formaggio Arborea Provolone Bianco S-v</b></a></h4>
        <p class="description">1 Kg</p>
        <p class="right price"><b>38.16 €</b></p>
        <p class="right unitPrice">15.90 € per kg</p>
    </div>
    <div class="contButton">
    <a class="button bgRed white addToCart" href="#">Add</a>
</div>
</div><div class="left product prod43"
        data-name="Formaggio La Ce Sa Dolce Macomer"
        data-price="33.80"
        data-id="24687"
        data-available="yes"
        data-category="429"
        data-bestselling="">
    <a href="../formaggio-la-ce-sa-dolce-macomer.html">
        <div style="background-image: url('../../cdn.spesati.com/images/products/105149/formaggio-la-ce-01.jpg')">
            <div class="hover"></div>
            
            <div class="stickers"></div>
        </div>
    </a>
    <div>
        <h4><a href="../formaggio-la-ce-sa-dolce-macomer.html"><b>Formaggio La Ce Sa Dolce Macomer</b></a></h4>
        <p class="description">medium weight  8 Kg</p>
        <p class="right price"><b>33.80 €</b></p>
        <p class="right unitPrice">16.90 € per kg</p>
    </div>
    <div class="contButton">
    <a class="button bgRed white addToCart" href="#">Add</a>
</div>
</div><div class="left product prod44"
        data-name="Formaggio Grana Padano 1-8 12m S-v"
        data-price="93.36"
        data-id="24680"
        data-available="yes"
        data-category="429"
        data-bestselling="">
    <a href="../formaggio-grana-padano-1-8-12m-s-v.html">
        <div style="background-image: url('../../cdn.spesati.com/images/products/105113/formaggio-grana-padano-01.jpg')">
            <div class="hover"></div>
            
            <div class="stickers"></div>
        </div>
    </a>
    <div>
        <h4><a href="../formaggio-grana-padano-1-8-12m-s-v.html"><b>Formaggio Grana Padano 1-8 12m S-v</b></a></h4>
        <p class="description">medium weight  4.500 Kg</p>
        <p class="right price"><b>93.36 €</b></p>
        <p class="right unitPrice">20.75 € per kg</p>
    </div>
    <div class="contButton">
    <a class="button bgRed white addToCart" href="#">Add</a>
</div>
</div><div class="left product prod45"
        data-name="Formaggio Mix Grattugiato 1kg"
        data-price="14.82"
        data-id="24679"
        data-available="yes"
        data-category="429"
        data-bestselling="">
    <a href="../formaggio-mix-grattugiato-1kg.html">
        <div style="background-image: url('../../cdn.spesati.com/images/products/105112/formaggio-mix-grattugiato-01.jpg')">
            <div class="hover"></div>
            
            <div class="stickers"></div>
        </div>
    </a>
    <div>
        <h4><a href="../formaggio-mix-grattugiato-1kg.html"><b>Formaggio Mix Grattugiato 1kg</b></a></h4>
        <p class="description">medium weight 1 Kg</p>
        <p class="right price"><b>14.82 €</b></p>
        <p class="right unitPrice">14.82 € per kg</p>
    </div>
    <div class="contButton">
    <a class="button bgRed white addToCart" href="#">Add</a>
</div>
</div><div class="left product prod46"
        data-name="Formaggio Grana Padano Grattugiato 1kg"
        data-price="20.11"
        data-id="24678"
        data-available="yes"
        data-category="429"
        data-bestselling="">
    <a href="../formaggio-grana-padano-grattugiato-1kg.html">
        <div style="background-image: url('../../cdn.spesati.com/images/products/105110/formaggio-grana-padano-01.jpg')">
            <div class="hover"></div>
            
            <div class="stickers"></div>
        </div>
    </a>
    <div>
        <h4><a href="../formaggio-grana-padano-grattugiato-1kg.html"><b>Formaggio Grana Padano Grattugiato 1kg</b></a></h4>
        <p class="description">medium weight 1 Kg</p>
        <p class="right price"><b>20.11 €</b></p>
        <p class="right unitPrice">20.10 € per kg</p>
    </div>
    <div class="contButton">
    <a class="button bgRed white addToCart" href="#">Add</a>
</div>
</div><div class="left product prod47"
        data-name="Formaggio Grana Padano 1-32 12 Mesi"
        data-price="15.44"
        data-id="24676"
        data-available="yes"
        data-category="429"
        data-bestselling="">
    <a href="../formaggio-grana-padano-1-32-12-mesi.html">
        <div style="background-image: url('../../cdn.spesati.com/images/products/105096/formaggio-grana-padano-01.jpg')">
            <div class="hover"></div>
            
            <div class="stickers"></div>
        </div>
    </a>
    <div>
        <h4><a href="../formaggio-grana-padano-1-32-12-mesi.html"><b>Formaggio Grana Padano 1-32 12 Mesi</b></a></h4>
        <p class="description">medium weight 1 Kg</p>
        <p class="right price"><b>15.44 €</b></p>
        <p class="right unitPrice">19.30 € per kg</p>
    </div>
    <div class="contButton">
    <a class="button bgRed white addToCart" href="#">Add</a>
</div>
</div><div class="left product prod48"
        data-name="Formaggio Grana Padano 1-8 16m S-v"
        data-price="95.36"
        data-id="24675"
        data-available="yes"
        data-category="429"
        data-bestselling="">
    <a href="../formaggio-grana-padano-1-8-16m-s-v.html">
        <div style="background-image: url('../../cdn.spesati.com/images/products/105095/formaggio-grana-padano-01.jpg')">
            <div class="hover"></div>
            
            <div class="stickers"></div>
        </div>
    </a>
    <div>
        <h4><a href="../formaggio-grana-padano-1-8-16m-s-v.html"><b>Formaggio Grana Padano 1-8 16m S-v</b></a></h4>
        <p class="description">medium weight  4.500 Kg</p>
        <p class="right price"><b>95.36 €</b></p>
        <p class="right unitPrice">21.20 € per kg</p>
    </div>
    <div class="contButton">
    <a class="button bgRed white addToCart" href="#">Add</a>
</div>
</div><div class="left product prod49"
        data-name="Formaggio Pinna Pecorino Romano 200Gr"
        data-price="5.89"
        data-id="6824"
        data-available="yes"
        data-category="429"
        data-bestselling="">
    <a href="../formaggio-pinna-pecorino-romano-200gr.html">
        <div style="background-image: url('../../cdn.spesati.com/images/products/105089/formaggio-pinna-pecorino-01.jpg')">
            <div class="hover"></div>
            
            <div class="stickers"></div>
        </div>
    </a>
    <div>
        <h4><a href="../formaggio-pinna-pecorino-romano-200gr.html"><b>Formaggio Pinna Pecorino Romano 200Gr</b></a></h4>
        <p class="description">0.2 Kg</p>
        <p class="right price"><b>5.89 €</b></p>
        <p class="right unitPrice">29.45 € per kg</p>
    </div>
    <div class="contButton">
    <a class="button bgRed white addToCart" href="#">Add</a>
</div>
</div><div class="left product prod50"
        data-name="Formaggio Grana Gira E Gratta 250Gr"
        data-price="8.59"
        data-id="5927"
        data-available="yes"
        data-category="429"
        data-bestselling="">
    <a href="../formaggio-grana-gira-e-gratta-250gr.html">
        <div style="background-image: url('../../cdn.spesati.com/images/products/105041/formaggio-grana-gira-01.jpg')">
            <div class="hover"></div>
            
            <div class="stickers"></div>
        </div>
    </a>
    <div>
        <h4><a href="../formaggio-grana-gira-e-gratta-250gr.html"><b>Formaggio Grana Gira E Gratta 250Gr</b></a></h4>
        <p class="description">1 piece</p>
        <p class="right price"><b>8.59 €</b></p>
        <p class="right unitPrice">34.37 € per kg</p>
    </div>
    <div class="contButton">
    <a class="button bgRed white addToCart" href="#">Add</a>
</div>
</div><div class="left product prod51"
        data-name="Formaggio Grattugiato Mix Gran Primo 100Gr"
        data-price="1.63"
        data-id="5941"
        data-available="yes"
        data-category="429"
        data-bestselling="2">
    <a href="../formaggio-grattugiato-mix-gran-primo-100gr.html">
        <div style="background-image: url('../../cdn.spesati.com/images/products/105037/formaggio-grattugiato-mix-01.jpg')">
            <div class="hover"></div>
            <p class="arrow bgRed white">Best Seller</p>
            <div class="stickers"></div>
        </div>
    </a>
    <div>
        <h4><a href="../formaggio-grattugiato-mix-gran-primo-100gr.html"><b>Formaggio Grattugiato Mix Gran Primo 100Gr</b></a></h4>
        <p class="description">1 piece</p>
        <p class="right price"><b>1.63 €</b></p>
        <p class="right unitPrice">16.29 € per kg</p>
    </div>
    <div class="contButton">
    <a class="button bgRed white addToCart" href="#">Add</a>
</div>
</div><div class="left product prod52"
        data-name="Formaggio Arborea Gran Campidano Spicchio 800gr"
        data-price="16.64"
        data-id="24537"
        data-available="yes"
        data-category="429"
        data-bestselling="">
    <a href="../formaggio-arborea-gran-campidano-spicchio-800gr.html">
        <div style="background-image: url('../../cdn.spesati.com/images/products/103840/formaggio-arborea-gran-01.jpg')">
            <div class="hover"></div>
            
            <div class="stickers"></div>
        </div>
    </a>
    <div>
        <h4><a href="../formaggio-arborea-gran-campidano-spicchio-800gr.html"><b>Formaggio Arborea Gran Campidano Spicchio 800gr</b></a></h4>
        <p class="description">0.8 Kg</p>
        <p class="right price"><b>16.64 €</b></p>
        <p class="right unitPrice">20.80 € per kg</p>
    </div>
    <div class="contButton">
    <a class="button bgRed white addToCart" href="#">Add</a>
</div>
</div><div class="left product prod53"
        data-name="Formaggio Arborea Gran Campidano 1-8 Sv"
        data-price="90.72"
        data-id="24536"
        data-available="yes"
        data-category="429"
        data-bestselling="">
    <a href="../formaggio-arborea-gran-campidano-1-8-sv.html">
        <div style="background-image: url('../../cdn.spesati.com/images/products/103833/formaggio-arborea-gran-01.jpg')">
            <div class="hover"></div>
            
            <div class="stickers"></div>
        </div>
    </a>
    <div>
        <h4><a href="../formaggio-arborea-gran-campidano-1-8-sv.html"><b>Formaggio Arborea Gran Campidano 1-8 Sv</b></a></h4>
        <p class="description">medium weight  4.800 Kg</p>
        <p class="right price"><b>90.72 €</b></p>
        <p class="right unitPrice">18.90 € per kg</p>
    </div>
    <div class="contButton">
    <a class="button bgRed white addToCart" href="#">Add</a>
</div>
</div><div class="left product prod54"
        data-name="Formaggio Grattugiato Pecorino Sepi 500gr"
        data-price="13.11"
        data-id="24519"
        data-available="yes"
        data-category="429"
        data-bestselling="">
    <a href="../formaggio-grattugiato-pecorino-sepi-500gr.html">
        <div style="background-image: url('../../cdn.spesati.com/images/products/103810/formaggio-grattugiato-pecorino-01.jpg')">
            <div class="hover"></div>
            
            <div class="stickers"></div>
        </div>
    </a>
    <div>
        <h4><a href="../formaggio-grattugiato-pecorino-sepi-500gr.html"><b>Formaggio Grattugiato Pecorino Sepi 500gr</b></a></h4>
        <p class="description">0.5 Kg</p>
        <p class="right price"><b>13.11 €</b></p>
        <p class="right unitPrice">26.23 € per kg</p>
    </div>
    <div class="contButton">
    <a class="button bgRed white addToCart" href="#">Add</a>
</div>
</div><div class="left product prod55"
        data-name="Form Bergarder Carre"
        data-price="47.68"
        data-id="34756"
        data-available="yes"
        data-category="429"
        data-bestselling="">
    <a href="../form-bergarder-carre.html">
        <div style="background-image: url('../../cdn.spesati.com/images/products/000705074/bergader-piccante-rettangolare-01.png')">
            <div class="hover"></div>
            
            <div class="stickers"></div>
        </div>
    </a>
    <div>
        <h4><a href="../form-bergarder-carre.html"><b>Form Bergarder Carre</b></a></h4>
        <p class="description">Bergader Piccante rettangolare</p>
        <p class="right price"><b>47.68 €</b></p>
        <p class="right unitPrice">14.90 € per kg</p>
    </div>
    <div class="contButton">
    <a class="button bgRed white addToCart" href="#">Add</a>
</div>
</div><div class="left product prod56"
        data-name="Form Edamer Blocco"
        data-price="29.43"
        data-id="34754"
        data-available="yes"
        data-category="429"
        data-bestselling="">
    <a href="../form-edamer-blocco.html">
        <div style="background-image: url('../../cdn.spesati.com/images/products/000705055/bayernland-edam-tedesco-formaggio-da-taglio-01.png')">
            <div class="hover"></div>
            
            <div class="stickers"></div>
        </div>
    </a>
    <div>
        <h4><a href="../form-edamer-blocco.html"><b>Form Edamer Blocco</b></a></h4>
        <p class="description">Bayernland edam tedesco formaggio da taglio</p>
        <p class="right price"><b>29.43 €</b></p>
        <p class="right unitPrice">10.90 € per kg</p>
    </div>
    <div class="contButton">
    <a class="button bgRed white addToCart" href="#">Add</a>
</div>
</div><div class="left product prod57"
        data-name="Form.spalm Class Alpli 200g"
        data-price="1.19"
        data-id="81875"
        data-available="yes"
        data-category="429"
        data-bestselling="">
    <a href="../formspalm-class-alpli-200g.html">
        <div style="background-image: url('../../cdn.spesati.com/images/products/000574334/alpli-fresco-spalmabile-classico-200-g-01.png')">
            <div class="hover"></div>
            
            <div class="stickers"></div>
        </div>
    </a>
    <div>
        <h4><a href="../formspalm-class-alpli-200g.html"><b>Form.spalm Class Alpli 200g</b></a></h4>
        <p class="description">alplí Fresco Spalmabile Classico 200 g</p>
        <p class="right price"><b>1.19 €</b></p>
        <p class="right unitPrice">5.95 € per kg</p>
    </div>
    <div class="contButton">
    <a class="button bgRed white addToCart" href="#">Add</a>
</div>
</div><div class="left product prod58"
        data-name="Brie Punta President"
        data-price="4.65"
        data-id="2096"
        data-available="yes"
        data-category="429"
        data-bestselling="">
    <a href="../brie-punta-president.html">
        <div style="background-image: url('../../cdn.spesati.com/images/products/000504670/president-le-brie-200-g-01.png')">
            <div class="hover"></div>
            
            <div class="stickers"></div>
        </div>
    </a>
    <div>
        <h4><a href="../brie-punta-president.html"><b>Brie Punta President</b></a></h4>
        <p class="description">Président le Brie 200 g</p>
        <p class="right price"><b>4.65 €</b></p>
        <p class="right unitPrice">23.25 € per kg</p>
    </div>
    <div class="contButton">
    <a class="button bgRed white addToCart" href="#">Add</a>
</div>
</div><div class="left product prod59"
        data-name="Nestlé Formaggino Mio"
        data-price="2.05"
        data-id="2136"
        data-available="yes"
        data-category="429"
        data-bestselling="">
    <a href="../nestle-formaggino-mio.html">
        <div style="background-image: url('../../cdn.spesati.com/images/products/000504230/nestle-mio-formaggino-classico-6-formaggini-125g-01.png')">
            <div class="hover"></div>
            
            <div class="stickers"></div>
        </div>
    </a>
    <div>
        <h4><a href="../nestle-formaggino-mio.html"><b>Nestlé Formaggino Mio</b></a></h4>
        <p class="description">NESTLÉ MIO Formaggino Classico (6 formaggini) 125g</p>
        <p class="right price"><b>2.05 €</b></p>
        <p class="right unitPrice">16.40 € per kg</p>
    </div>
    <div class="contButton">
    <a class="button bgRed white addToCart" href="#">Add</a>
</div>
</div><div class="left product prod60"
        data-name="Filante Galbani"
        data-price="173.75"
        data-id="33937"
        data-available="yes"
        data-category="429"
        data-bestselling="">
    <a href="../filante-galbani.html">
        <div style="background-image: url('../../cdn.spesati.com/images/products/000504115/galbani-professionale-formaggio-filante-filone-2-kg-01.png')">
            <div class="hover"></div>
            
            <div class="stickers"></div>
        </div>
    </a>
    <div>
        <h4><a href="../filante-galbani.html"><b>Filante Galbani</b></a></h4>
        <p class="description">Galbani Professionale Formaggio Filante Filone 2 kg</p>
        <p class="right price"><b>173.75 €</b></p>
        <p class="right unitPrice">13.90 € per kg</p>
    </div>
    <div class="contButton">
    <a class="button bgRed white addToCart" href="#">Add</a>
</div>
</div><div class="left product prod61"
        data-name="Galbani Certosa Classica Gr 165"
        data-price="2.75"
        data-id="5457"
        data-available="yes"
        data-category="429"
        data-bestselling="1">
    <a href="../galbani-certosa-classica-gr-165.html">
        <div style="background-image: url('../../cdn.spesati.com/images/products/000504113/galbani-certosa-crescenza-italiana-165-g-01.png')">
            <div class="hover"></div>
            <p class="arrow bgRed white">Best Seller</p>
            <div class="stickers"></div>
        </div>
    </a>
    <div>
        <h4><a href="../galbani-certosa-classica-gr-165.html"><b>Galbani Certosa Classica Gr 165</b></a></h4>
        <p class="description">Galbani Certosa Crescenza italiana 165 g</p>
        <p class="right price"><b>2.75 €</b></p>
        <p class="right unitPrice">16.66 € per kg</p>
    </div>
    <div class="contButton">
    <a class="button bgRed white addToCart" href="#">Add</a>
</div>
</div><div class="left product prod62"
        data-name="Galbani Formaggini Belpaese 8 pz"
        data-price="1.45"
        data-id="2116"
        data-available="yes"
        data-category="429"
        data-bestselling="3">
    <a href="../galbani-formaggini-belpaese-8-pz.html">
        <div style="background-image: url('../../cdn.spesati.com/images/products/000504111/galbani-crema-bel-paese-8-formaggini-175-g-01.png')">
            <div class="hover"></div>
            <p class="arrow bgRed white">Best Seller</p>
            <div class="stickers"></div>
        </div>
    </a>
    <div>
        <h4><a href="../galbani-formaggini-belpaese-8-pz.html"><b>Galbani Formaggini Belpaese 8 pz</b></a></h4>
        <p class="description">Galbani Crema Bel Paese 8 Formaggini 175 g</p>
        <p class="right price"><b>1.45 €</b></p>
        <p class="right unitPrice">8.29 € per kg</p>
    </div>
    <div class="contButton">
    <a class="button bgRed white addToCart" href="#">Add</a>
</div>
</div><div class="left product prod63"
        data-name="Formaggio Galbanino Galbani"
        data-price="4.35"
        data-id="2120"
        data-available="yes"
        data-category="429"
        data-bestselling="">
    <a href="../formaggio-galbanino-galbani.html">
        <div style="background-image: url('../../cdn.spesati.com/images/products/000504108/galbani-galbanino-loriginale-270-g-01.png')">
            <div class="hover"></div>
            
            <div class="stickers"></div>
        </div>
    </a>
    <div>
        <h4><a href="../formaggio-galbanino-galbani.html"><b>Formaggio Galbanino Galbani</b></a></h4>
        <p class="description">Galbani Galbanino l'Originale 270 g</p>
        <p class="right price"><b>4.35 €</b></p>
        <p class="right unitPrice">16.11 € per kg</p>
    </div>
    <div class="contButton">
    <a class="button bgRed white addToCart" href="#">Add</a>
</div>
</div><div class="left product prod64"
        data-name="Crema Galbani Bel Paese 2p"
        data-price="0.87"
        data-id="33936"
        data-available="yes"
        data-category="429"
        data-bestselling="">
    <a href="../crema-galbani-bel-paese-2p.html">
        <div style="background-image: url('../../cdn.spesati.com/images/products/000504105/galbani-crema-bel-paese-gli-stracremosi-2-x-28-g-01.png')">
            <div class="hover"></div>
            
            <div class="stickers"></div>
        </div>
    </a>
    <div>
        <h4><a href="../crema-galbani-bel-paese-2p.html"><b>Crema Galbani Bel Paese 2p</b></a></h4>
        <p class="description">Galbani Crema Bel Paese gli Stracremosi 2 x 28 g</p>
        <p class="right price"><b>0.87 €</b></p>
        <p class="right unitPrice">15.55 € per kg</p>
    </div>
    <div class="contButton">
    <a class="button bgRed white addToCart" href="#">Add</a>
</div>
</div><div class="left product prod65"
        data-name="Galbani Gorgonzola Dolcelatte 150 gr"
        data-price="2.99"
        data-id="2117"
        data-available="yes"
        data-category="429"
        data-bestselling="1">
    <a href="../galbani-gorgonzola-dolcelatte-150-gr.html">
        <div style="background-image: url('../../cdn.spesati.com/images/products/000504081/galbani-dolcelatte-gorgonzola-dolce-dop-150-g-01.png')">
            <div class="hover"></div>
            <p class="arrow bgRed white">Best Seller</p>
            <div class="stickers"></div>
        </div>
    </a>
    <div>
        <h4><a href="../galbani-gorgonzola-dolcelatte-150-gr.html"><b>Galbani Gorgonzola Dolcelatte 150 gr</b></a></h4>
        <p class="description">Galbani Dolcelatte Gorgonzola Dolce DOP 150 g</p>
        <p class="right price"><b>2.99 €</b></p>
        <p class="right unitPrice">19.94 € per kg</p>
    </div>
    <div class="contButton">
    <a class="button bgRed white addToCart" href="#">Add</a>
</div>
</div><div class="left product prod66"
        data-name="Crema Di Formaggio Sepi Dolce 200Gr"
        data-price="3.49"
        data-id="6527"
        data-available="yes"
        data-category="429"
        data-bestselling="">
    <a href="../crema-di-formaggio-sepi-dolce-200gr.html">
        <div style="background-image: url('../../cdn.spesati.com/images/products/000503660/sepi-formaggio-fuso-spalmabile-dolce-200-g-01.png')">
            <div class="hover"></div>
            
            <div class="stickers"></div>
        </div>
    </a>
    <div>
        <h4><a href="../crema-di-formaggio-sepi-dolce-200gr.html"><b>Crema Di Formaggio Sepi Dolce 200Gr</b></a></h4>
        <p class="description">Sepi Formaggio Fuso Spalmabile dolce 200 g</p>
        <p class="right price"><b>3.49 €</b></p>
        <p class="right unitPrice">17.45 € per kg</p>
    </div>
    <div class="contButton">
    <a class="button bgRed white addToCart" href="#">Add</a>
</div>
</div><div class="left product prod67"
        data-name="Kraft Philadelphia Senza Lattosio 175 gr"
        data-price="3.19"
        data-id="4105"
        data-available="yes"
        data-category="429"
        data-bestselling="1">
    <a href="../kraft-philadelphia-senza-lattosio-175-gr.html">
        <div style="background-image: url('../../cdn.spesati.com/images/products/000503611/philadelphia-benessere-senza-lattosio-formaggio-fresco-spalmabile-175-g-01.png')">
            <div class="hover"></div>
            <p class="arrow bgRed white">Best Seller</p>
            <div class="stickers"><img class="left" src="../../cdn.spesati.com/images/layout/lactose-free.png" /></div>
        </div>
    </a>
    <div>
        <h4><a href="../kraft-philadelphia-senza-lattosio-175-gr.html"><b>Kraft Philadelphia Senza Lattosio 175 gr</b></a></h4>
        <p class="description">Philadelphia BenEssere Senza Lattosio formaggio fresco spalmabile - 175 g</p>
        <p class="right price"><b>3.19 €</b></p>
        <p class="right unitPrice">18.23 € per kg</p>
    </div>
    <div class="contButton">
    <a class="button bgRed white addToCart" href="#">Add</a>
</div>
</div><div class="left product prod68"
        data-name="Kraft Philadelphia Light 175Gr"
        data-price="2.49"
        data-id="6810"
        data-available="yes"
        data-category="429"
        data-bestselling="">
    <a href="../kraft-philadelphia-light-175gr.html">
        <div style="background-image: url('../../cdn.spesati.com/images/products/000503415/philadelphia-benessere-light-formaggio-fresco-spalmabile-175-g-01.png')">
            <div class="hover"></div>
            
            <div class="stickers"></div>
        </div>
    </a>
    <div>
        <h4><a href="../kraft-philadelphia-light-175gr.html"><b>Kraft Philadelphia Light 175Gr</b></a></h4>
        <p class="description">Philadelphia Benessere Light formaggio fresco spalmabile - 175 g</p>
        <p class="right price"><b>2.49 €</b></p>
        <p class="right unitPrice">14.23 € per kg</p>
    </div>
    <div class="contButton">
    <a class="button bgRed white addToCart" href="#">Add</a>
</div>
</div><div class="left product prod69"
        data-name="Kraft Philadelphia 250 Gr"
        data-price="3.15"
        data-id="4828"
        data-available="yes"
        data-category="429"
        data-bestselling="">
    <a href="../kraft-philadelphia-250-gr.html">
        <div style="background-image: url('../../cdn.spesati.com/images/products/000503414/philadelphia-original-formaggio-fresco-spalmabile-250g-01.png')">
            <div class="hover"></div>
            
            <div class="stickers"></div>
        </div>
    </a>
    <div>
        <h4><a href="../kraft-philadelphia-250-gr.html"><b>Kraft Philadelphia 250 Gr</b></a></h4>
        <p class="description">Philadelphia Original formaggio fresco spalmabile - 250g</p>
        <p class="right price"><b>3.15 €</b></p>
        <p class="right unitPrice">12.60 € per kg</p>
    </div>
    <div class="contButton">
    <a class="button bgRed white addToCart" href="#">Add</a>
</div>
</div><div class="left product prod70"
        data-name="Kraft jocca 175 gr"
        data-price="2.79"
        data-id="5103"
        data-available="yes"
        data-category="429"
        data-bestselling="">
    <a href="../kraft-jocca-175-gr.html">
        <div style="background-image: url('../../cdn.spesati.com/images/products/000503410/jocca-fiocchi-di-latte-a-base-di-formaggio-fresco-magro-175-g-01.png')">
            <div class="hover"></div>
            
            <div class="stickers"></div>
        </div>
    </a>
    <div>
        <h4><a href="../kraft-jocca-175-gr.html"><b>Kraft jocca 175 gr</b></a></h4>
        <p class="description">Jocca fiocchi di latte a base di formaggio fresco magro -  175 g</p>
        <p class="right price"><b>2.79 €</b></p>
        <p class="right unitPrice">15.94 € per kg</p>
    </div>
    <div class="contButton">
    <a class="button bgRed white addToCart" href="#">Add</a>
</div>
</div><div class="left product prod71"
        data-name="Kraft Philadelphia Mini 4x35gr"
        data-price="2.19"
        data-id="33884"
        data-available="yes"
        data-category="429"
        data-bestselling="1">
    <a href="../kraft-philadelphia-mini-4x35gr.html">
        <div style="background-image: url('../../cdn.spesati.com/images/products/000503409/philadelphia-original-mini-formaggio-fresco-spalmabile-4-x-35-g-01.png')">
            <div class="hover"></div>
            <p class="arrow bgRed white">Best Seller</p>
            <div class="stickers"></div>
        </div>
    </a>
    <div>
        <h4><a href="../kraft-philadelphia-mini-4x35gr.html"><b>Kraft Philadelphia Mini 4x35gr</b></a></h4>
        <p class="description">Philadelphia Original Mini formaggio fresco spalmabile - 4 x 35 g</p>
        <p class="right price"><b>2.19 €</b></p>
        <p class="right unitPrice">15.64 € per kg</p>
    </div>
    <div class="contButton">
    <a class="button bgRed white addToCart" href="#">Add</a>
</div>
</div><div class="left product prod72"
        data-name="Kraft Sottilette Classiche"
        data-price="2.35"
        data-id="2131"
        data-available="yes"
        data-category="429"
        data-bestselling="">
    <a href="../kraft-sottilette-classiche.html">
        <div style="background-image: url('../../cdn.spesati.com/images/products/000503400/sottilette-classiche-formaggio-fuso-a-fette-200g-01.png')">
            <div class="hover"></div>
            
            <div class="stickers"></div>
        </div>
    </a>
    <div>
        <h4><a href="../kraft-sottilette-classiche.html"><b>Kraft Sottilette Classiche</b></a></h4>
        <p class="description">Sottilette Classiche formaggio fuso a fette - 200g</p>
        <p class="right price"><b>2.35 €</b></p>
        <p class="right unitPrice">11.75 € per kg</p>
    </div>
    <div class="contButton">
    <a class="button bgRed white addToCart" href="#">Add</a>
</div>
</div><div class="left product prod73"
        data-name="Form Gorgonz Inverniz Gim 220g"
        data-price="3.99"
        data-id="33883"
        data-available="yes"
        data-category="429"
        data-bestselling="1">
    <a href="../form-gorgonz-inverniz-gim-220g.html">
        <div style="background-image: url('../../cdn.spesati.com/images/products/000503367/galbani-gim-gorgonzola-dop-220-g-01.png')">
            <div class="hover"></div>
            <p class="arrow bgRed white">Best Seller</p>
            <div class="stickers"></div>
        </div>
    </a>
    <div>
        <h4><a href="../form-gorgonz-inverniz-gim-220g.html"><b>Form Gorgonz Inverniz Gim 220g</b></a></h4>
        <p class="description">Galbani Gim Gorgonzola DOP 220 g</p>
        <p class="right price"><b>3.99 €</b></p>
        <p class="right unitPrice">18.14 € per kg</p>
    </div>
    <div class="contButton">
    <a class="button bgRed white addToCart" href="#">Add</a>
</div>
</div><div class="left product prod74"
        data-name="Form Gorgonz Inverniz Gim 1-8"
        data-price="112.77"
        data-id="33882"
        data-available="yes"
        data-category="429"
        data-bestselling="">
    <a href="../form-gorgonz-inverniz-gim-1-8.html">
        <div style="background-image: url('../../cdn.spesati.com/images/products/000503360/invernizzi-gim-il-gorgonzola-con-la-goccia-dop-01.png')">
            <div class="hover"></div>
            
            <div class="stickers"></div>
        </div>
    </a>
    <div>
        <h4><a href="../form-gorgonz-inverniz-gim-1-8.html"><b>Form Gorgonz Inverniz Gim 1-8</b></a></h4>
        <p class="description">Invernizzi Gim il Gorgonzola con la Goccia D.O.P.</p>
        <p class="right price"><b>112.77 €</b></p>
        <p class="right unitPrice">17.90 € per kg</p>
    </div>
    <div class="contButton">
    <a class="button bgRed white addToCart" href="#">Add</a>
</div>
</div><div class="left product prod75"
        data-name="Form Sepi Pecorino Ovile"
        data-price="90.65"
        data-id="87822"
        data-available="yes"
        data-category="429"
        data-bestselling="">
    <a href="../form-sepi-pecorino-ovile.html">
        <div style="background-image: url('../../cdn.spesati.com/images/products/000447475/lovile-gavoi-formaggio-pecorino-01.png')">
            <div class="hover"></div>
            
            <div class="stickers"></div>
        </div>
    </a>
    <div>
        <h4><a href="../form-sepi-pecorino-ovile.html"><b>Form Sepi Pecorino Ovile</b></a></h4>
        <p class="description">L'Ovile Gavoi Formaggio Pecorino</p>
        <p class="right price"><b>90.65 €</b></p>
        <p class="right unitPrice">26.90 € per kg</p>
    </div>
    <div class="contButton">
    <a class="button bgRed white addToCart" href="#">Add</a>
</div>
</div><div class="left product prod76"
        data-name="Fettine Inalpi Slurpy Burg 175"
        data-price="2.25"
        data-id="80803"
        data-available="yes"
        data-category="429"
        data-bestselling="">
    <a href="../fettine-inalpi-slurpy-burg-175.html">
        <div style="background-image: url('../../cdn.spesati.com/images/products/000441186/slurpy-burger-fettine-con-cheddar-175-g-01.png')">
            <div class="hover"></div>
            
            <div class="stickers"></div>
        </div>
    </a>
    <div>
        <h4><a href="../fettine-inalpi-slurpy-burg-175.html"><b>Fettine Inalpi Slurpy Burg 175</b></a></h4>
        <p class="description">Slurpy Burger Fettine con Cheddar 175 g</p>
        <p class="right price"><b>2.25 €</b></p>
        <p class="right unitPrice">12.50 € per kg</p>
    </div>
    <div class="contButton">
    <a class="button bgRed white addToCart" href="#">Add</a>
</div>
</div><div class="left product prod77"
        data-name="Fettine Inalpi Light 175 Gr"
        data-price="2.25"
        data-id="80800"
        data-available="yes"
        data-category="429"
        data-bestselling="">
    <a href="../fettine-inalpi-light-175-gr.html">
        <div style="background-image: url('../../cdn.spesati.com/images/products/000441185/latterie-inalpi-fettine-di-latte-leggere-175-g-01.png')">
            <div class="hover"></div>
            
            <div class="stickers"></div>
        </div>
    </a>
    <div>
        <h4><a href="../fettine-inalpi-light-175-gr.html"><b>Fettine Inalpi Light 175 Gr</b></a></h4>
        <p class="description">Latterie inalpi Fettine di Latte Leggere 175 g</p>
        <p class="right price"><b>2.25 €</b></p>
        <p class="right unitPrice">12.50 € per kg</p>
    </div>
    <div class="contButton">
    <a class="button bgRed white addToCart" href="#">Add</a>
</div>
</div><div class="left product prod78"
        data-name="Form 3a Gran Campid Gratt 330g"
        data-price="6.29"
        data-id="79253"
        data-available="yes"
        data-category="429"
        data-bestselling="1">
    <a href="../form-3a-gran-campid-gratt-330g.html">
        <div style="background-image: url('../../cdn.spesati.com/images/products/000441062/arborea-gran-campidano-grattugiato-fresco-stagionato-16-mesi-330-g-01.png')">
            <div class="hover"></div>
            <p class="arrow bgRed white">Best Seller</p>
            <div class="stickers"></div>
        </div>
    </a>
    <div>
        <h4><a href="../form-3a-gran-campid-gratt-330g.html"><b>Form 3a Gran Campid Gratt 330g</b></a></h4>
        <p class="description">Arborea Gran Campidano Grattugiato fresco Stagionato 16 Mesi 330 g</p>
        <p class="right price"><b>6.29 €</b></p>
        <p class="right unitPrice">19.06 € per kg</p>
    </div>
    <div class="contButton">
    <a class="button bgRed white addToCart" href="#">Add</a>
</div>
</div><div class="left product prod79"
        data-name="Form 3a Gran Campid Gratt 90g"
        data-price="1.75"
        data-id="79447"
        data-available="yes"
        data-category="429"
        data-bestselling="2">
    <a href="../form-3a-gran-campid-gratt-90g.html">
        <div style="background-image: url('../../cdn.spesati.com/images/products/000441061/arborea-gran-campidano-grattugiato-fresco-stagionato-16-mesi-90-g-01.png')">
            <div class="hover"></div>
            <p class="arrow bgRed white">Best Seller</p>
            <div class="stickers"></div>
        </div>
    </a>
    <div>
        <h4><a href="../form-3a-gran-campid-gratt-90g.html"><b>Form 3a Gran Campid Gratt 90g</b></a></h4>
        <p class="description">Arborea Gran Campidano Grattugiato fresco Stagionato 16 Mesi 90 g</p>
        <p class="right price"><b>1.75 €</b></p>
        <p class="right unitPrice">19.45 € per kg</p>
    </div>
    <div class="contButton">
    <a class="button bgRed white addToCart" href="#">Add</a>
</div>
</div><div class="left product prod80"
        data-name="Kraft Sottilette S/latt 200gr"
        data-price="2.85"
        data-id="78186"
        data-available="yes"
        data-category="429"
        data-bestselling="3">
    <a href="../kraft-sottilette-slatt-200gr.html">
        <div style="background-image: url('../../cdn.spesati.com/images/products/000441018/sottilette-formaggio-fuso-a-fette-senza-lattosio-200-g-01.png')">
            <div class="hover"></div>
            <p class="arrow bgRed white">Best Seller</p>
            <div class="stickers"></div>
        </div>
    </a>
    <div>
        <h4><a href="../kraft-sottilette-slatt-200gr.html"><b>Kraft Sottilette S/latt 200gr</b></a></h4>
        <p class="description">Sottilette formaggio fuso a fette Senza Lattosio - 200 g</p>
        <p class="right price"><b>2.85 €</b></p>
        <p class="right unitPrice">14.25 € per kg</p>
    </div>
    <div class="contButton">
    <a class="button bgRed white addToCart" href="#">Add</a>
</div>
</div><div class="left product prod81"
        data-name="Snack Parmareg Abc Maxi 200gr"
        data-price="1.55"
        data-id="73651"
        data-available="yes"
        data-category="429"
        data-bestselling="">
    <a href="../snack-parmareg-abc-maxi-200gr.html">
        <div style="background-image: url('../../cdn.spesati.com/images/products/000431385/parmareggio-labc-maxi-con-parmigiano-reggiano-01.png')">
            <div class="hover"></div>
            
            <div class="stickers"></div>
        </div>
    </a>
    <div>
        <h4><a href="../snack-parmareg-abc-maxi-200gr.html"><b>Snack Parmareg Abc Maxi 200gr</b></a></h4>
        <p class="description">Parmareggio l'ABC Maxi con Parmigiano Reggiano</p>
        <p class="right price"><b>1.55 €</b></p>
        <p class="right unitPrice">7.75 € per kg</p>
    </div>
    <div class="contButton">
    <a class="button bgRed white addToCart" href="#">Add</a>
</div>
</div><div class="left product prod82"
        data-name="Form 3a Gran Camp Spicchio 300"
        data-price="7.15"
        data-id="64434"
        data-available="yes"
        data-category="429"
        data-bestselling="1">
    <a href="../form-3a-gran-camp-spicchio-300.html">
        <div style="background-image: url('../../cdn.spesati.com/images/products/000129729/arborea-gran-campidano-300-g-01.png')">
            <div class="hover"></div>
            <p class="arrow bgRed white">Best Seller</p>
            <div class="stickers"></div>
        </div>
    </a>
    <div>
        <h4><a href="../form-3a-gran-camp-spicchio-300.html"><b>Form 3a Gran Camp Spicchio 300</b></a></h4>
        <p class="description">Arborea Gran Campidano 300 g</p>
        <p class="right price"><b>7.15 €</b></p>
        <p class="right unitPrice">23.84 € per kg</p>
    </div>
    <div class="contButton">
    <a class="button bgRed white addToCart" href="#">Add</a>
</div>
</div><div class="left product prod83"
        data-name="Form Grana Pad Oro Tempo Gr100"
        data-price="2.43"
        data-id="62190"
        data-available="yes"
        data-category="429"
        data-bestselling="1">
    <a href="../form-grana-pad-oro-tempo-gr100.html">
        <div style="background-image: url('../../cdn.spesati.com/images/products/000121702/oro-del-tempo-grana-padano-dop-fresco-di-grattugia-riserva-oltre-20-mesi-100-g-01.png')">
            <div class="hover"></div>
            <p class="arrow bgRed white">Best Seller</p>
            <div class="stickers"></div>
        </div>
    </a>
    <div>
        <h4><a href="../form-grana-pad-oro-tempo-gr100.html"><b>Form Grana Pad Oro Tempo Gr100</b></a></h4>
        <p class="description">Oro del Tempo Grana Padano Dop fresco di grattugia Riserva Oltre 20 Mesi 100 g</p>
        <p class="right price"><b>2.43 €</b></p>
        <p class="right unitPrice">24.25 € per kg</p>
    </div>
    <div class="contButton">
    <a class="button bgRed white addToCart" href="#">Add</a>
</div>
</div><div class="left product prod84"
        data-name="Parm.reggiano Parmaregg Gr.500"
        data-price="13.37"
        data-id="60711"
        data-available="yes"
        data-category="429"
        data-bestselling="">
    <a href="../parmreggiano-parmaregg-gr500.html">
        <div style="background-image: url('../../cdn.spesati.com/images/products/000121043/parmareggio-parmigiano-reggiano-grattugiato-fresco-500-g-01.png')">
            <div class="hover"></div>
            
            <div class="stickers"></div>
        </div>
    </a>
    <div>
        <h4><a href="../parmreggiano-parmaregg-gr500.html"><b>Parm.reggiano Parmaregg Gr.500</b></a></h4>
        <p class="description">Parmareggio Parmigiano Reggiano Grattugiato Fresco 500 g</p>
        <p class="right price"><b>13.37 €</b></p>
        <p class="right unitPrice">13.37 € per piece</p>
    </div>
    <div class="contButton">
    <a class="button bgRed white addToCart" href="#">Add</a>
</div>
</div><div class="left product prod85"
        data-name="Pancakes Ibis 5x25gr"
        data-price="2.69"
        data-id="81913"
        data-available="yes"
        data-category="429"
        data-bestselling="1">
    <a href="../pancakes-ibis-5x25gr.html">
        <div style="background-image: url('../../cdn.spesati.com/images/products/000120067/ibis-snack-pancakes-5-pancakes-125-g-01.png')">
            <div class="hover"></div>
            <p class="arrow bgRed white">Best Seller</p>
            <div class="stickers"></div>
        </div>
    </a>
    <div>
        <h4><a href="../pancakes-ibis-5x25gr.html"><b>Pancakes Ibis 5x25gr</b></a></h4>
        <p class="description">ibis Snack Pancakes 5 pancakes 125 g</p>
        <p class="right price"><b>2.69 €</b></p>
        <p class="right unitPrice">20.69 € per kg</p>
    </div>
    <div class="contButton">
    <a class="button bgRed white addToCart" href="#">Add</a>
</div>
</div><div class="left product prod86"
        data-name="Form 3a Dolcesardo S-lattosio"
        data-price="22.82"
        data-id="26196"
        data-available="yes"
        data-category="429"
        data-bestselling="">
    <a href="../form-3a-dolcesardo-s-lattosio.html">
        <div style="background-image: url('../../cdn.spesati.com/images/products/000115153/arborea-dolcesardo-senza-lattosio-01.png')">
            <div class="hover"></div>
            
            <div class="stickers"></div>
        </div>
    </a>
    <div>
        <h4><a href="../form-3a-dolcesardo-s-lattosio.html"><b>Form 3a Dolcesardo S-lattosio</b></a></h4>
        <p class="description">Arborea Dolcesardo Senza Lattosio</p>
        <p class="right price"><b>22.82 €</b></p>
        <p class="right unitPrice">16.90 € per kg</p>
    </div>
    <div class="contButton">
    <a class="button bgRed white addToCart" href="#">Add</a>
</div>
</div><div class="left product prod87"
        data-name="Form 3a Dolcesardo 500gr"
        data-price="8.59"
        data-id="25121"
        data-available="yes"
        data-category="429"
        data-bestselling="">
    <a href="../form-3a-dolcesardo-500gr.html">
        <div style="background-image: url('../../cdn.spesati.com/images/products/000107828/arborea-dolcesardo-500-g-01.png')">
            <div class="hover"></div>
            
            <div class="stickers"></div>
        </div>
    </a>
    <div>
        <h4><a href="../form-3a-dolcesardo-500gr.html"><b>Form 3a Dolcesardo 500gr</b></a></h4>
        <p class="description">Arborea Dolcesardo 500 g</p>
        <p class="right price"><b>8.59 €</b></p>
        <p class="right unitPrice">17.18 € per kg</p>
    </div>
    <div class="contButton">
    <a class="button bgRed white addToCart" href="#">Add</a>
</div>
</div><div class="left product prod88"
        data-name="Formaggio Pecorino Supramonte 1-8"
        data-price="9.07"
        data-id="5930"
        data-available="yes"
        data-category="429"
        data-bestselling="2">
    <a href="../formaggio-pecorino-supramonte-1-8.html">
        <div style="background-image: url('../../cdn.spesati.com/images/products/000107554/sepi-formaggio-pecorino-supramonte-01.png')">
            <div class="hover"></div>
            <p class="arrow bgRed white">Best Seller</p>
            <div class="stickers"><img class="left" src="../../cdn.spesati.com/images/layout/sardinian.png" /></div>
        </div>
    </a>
    <div>
        <h4><a href="../formaggio-pecorino-supramonte-1-8.html"><b>Formaggio Pecorino Supramonte 1-8</b></a></h4>
        <p class="description">Sepi Formaggio Pecorino Supramonte</p>
        <p class="right price"><b>9.07 €</b></p>
        <p class="right unitPrice">25.90 € per kg</p>
    </div>
    <div class="contButton">
    <a class="button bgRed white addToCart" href="#">Add</a>
</div>
</div><div class="left product prod89"
        data-name="Form Sepi Pecor Fiore Dop 1-8"
        data-price="28.90"
        data-id="25097"
        data-available="yes"
        data-category="429"
        data-bestselling="">
    <a href="../form-sepi-pecor-fiore-dop-1-8.html">
        <div style="background-image: url('../../cdn.spesati.com/images/products/000107553/sepi-formaggio-pecorino-fiore-sardo-dop-01.png')">
            <div class="hover"></div>
            
            <div class="stickers"></div>
        </div>
    </a>
    <div>
        <h4><a href="../form-sepi-pecor-fiore-dop-1-8.html"><b>Form Sepi Pecor Fiore Dop 1-8</b></a></h4>
        <p class="description">Sepi Formaggio Pecorino Fiore Sardo DOP</p>
        <p class="right price"><b>28.90 €</b></p>
        <p class="right unitPrice">28.90 € per kg</p>
    </div>
    <div class="contButton">
    <a class="button bgRed white addToCart" href="#">Add</a>
</div>
</div><div class="left product prod90"
        data-name="Formaggio Pecorino Fioretto 1-8"
        data-price="9.07"
        data-id="5932"
        data-available="yes"
        data-category="429"
        data-bestselling="">
    <a href="../formaggio-pecorino-fioretto-1-8.html">
        <div style="background-image: url('../../cdn.spesati.com/images/products/000107552/sepi-formaggio-pecorino-fioretto-01.png')">
            <div class="hover"></div>
            
            <div class="stickers"><img class="left" src="../../cdn.spesati.com/images/layout/sardinian.png" /></div>
        </div>
    </a>
    <div>
        <h4><a href="../formaggio-pecorino-fioretto-1-8.html"><b>Formaggio Pecorino Fioretto 1-8</b></a></h4>
        <p class="description">Sepi Formaggio pecorino Fioretto</p>
        <p class="right price"><b>9.07 €</b></p>
        <p class="right unitPrice">25.90 € per kg</p>
    </div>
    <div class="contButton">
    <a class="button bgRed white addToCart" href="#">Add</a>
</div>
</div><div class="left product prod91"
        data-name="Formaggio Sepi Caprino Juncau 1-8"
        data-price="9.41"
        data-id="5934"
        data-available="yes"
        data-category="429"
        data-bestselling="">
    <a href="../formaggio-sepi-caprino-juncau-1-8.html">
        <div style="background-image: url('../../cdn.spesati.com/images/products/000107551/sepi-formaggio-caprino-01.png')">
            <div class="hover"></div>
            
            <div class="stickers"><img class="left" src="../../cdn.spesati.com/images/layout/sardinian.png" /></div>
        </div>
    </a>
    <div>
        <h4><a href="../formaggio-sepi-caprino-juncau-1-8.html"><b>Formaggio Sepi Caprino Juncau 1-8</b></a></h4>
        <p class="description">Sepi Formaggio Caprino</p>
        <p class="right price"><b>9.41 €</b></p>
        <p class="right unitPrice">26.90 € per kg</p>
    </div>
    <div class="contButton">
    <a class="button bgRed white addToCart" href="#">Add</a>
</div>
</div><div class="left product prod92"
        data-name="Form 3a Provola Affum Fet 150g"
        data-price="3.75"
        data-id="24965"
        data-available="yes"
        data-category="429"
        data-bestselling="">
    <a href="../form-3a-provola-affum-fet-150g.html">
        <div style="background-image: url('../../cdn.spesati.com/images/products/000106582/arborea-provola-affumicata-0150-kg-01.png')">
            <div class="hover"></div>
            
            <div class="stickers"></div>
        </div>
    </a>
    <div>
        <h4><a href="../form-3a-provola-affum-fet-150g.html"><b>Form 3a Provola Affum Fet 150g</b></a></h4>
        <p class="description">Arborea Provola Affumicata 0,150 kg</p>
        <p class="right price"><b>3.75 €</b></p>
        <p class="right unitPrice">25.00 € per kg</p>
    </div>
    <div class="contButton">
    <a class="button bgRed white addToCart" href="#">Add</a>
</div>
</div><div class="left product prod93"
        data-name="Form 3a Provola A Fette 150gr"
        data-price="3.75"
        data-id="24964"
        data-available="yes"
        data-category="429"
        data-bestselling="2">
    <a href="../form-3a-provola-a-fette-150gr.html">
        <div style="background-image: url('../../cdn.spesati.com/images/products/000106581/arborea-provola-a-fette-150-g-01.png')">
            <div class="hover"></div>
            <p class="arrow bgRed white">Best Seller</p>
            <div class="stickers"></div>
        </div>
    </a>
    <div>
        <h4><a href="../form-3a-provola-a-fette-150gr.html"><b>Form 3a Provola A Fette 150gr</b></a></h4>
        <p class="description">Arborea Provola a Fette 150 g</p>
        <p class="right price"><b>3.75 €</b></p>
        <p class="right unitPrice">25.00 € per kg</p>
    </div>
    <div class="contButton">
    <a class="button bgRed white addToCart" href="#">Add</a>
</div>
</div><div class="left product prod94"
        data-name="Exquisa Formaggio Fresco Senza Lattosio"
        data-price="2.19"
        data-id="2106"
        data-available="yes"
        data-category="429"
        data-bestselling="">
    <a href="../exquisa-formaggio-fresco-senza-lattosio.html">
        <div style="background-image: url('../../cdn.spesati.com/images/products/000106047/exquisa-senza-lattosio-fresco-cremoso-175-g-01.png')">
            <div class="hover"></div>
            
            <div class="stickers"><img class="left" src="../../cdn.spesati.com/images/layout/lactose-free.png" /></div>
        </div>
    </a>
    <div>
        <h4><a href="../exquisa-formaggio-fresco-senza-lattosio.html"><b>Exquisa Formaggio Fresco Senza Lattosio</b></a></h4>
        <p class="description">Exquisa Senza Lattosio Fresco Cremoso 175 g</p>
        <p class="right price"><b>2.19 €</b></p>
        <p class="right unitPrice">12.51 € per kg</p>
    </div>
    <div class="contButton">
    <a class="button bgRed white addToCart" href="#">Add</a>
</div>
</div><div class="left product prod95"
        data-name="Nonno Nanni Caprino Latte Vaccino 80Gr"
        data-price="2.15"
        data-id="4884"
        data-available="yes"
        data-category="429"
        data-bestselling="">
    <a href="../nonno-nanni-caprino-latte-vaccino-80gr.html">
        <div style="background-image: url('../../cdn.spesati.com/images/products/000105893/nonno-nanni-caprino-di-latte-vaccino-80-g-01.png')">
            <div class="hover"></div>
            
            <div class="stickers"></div>
        </div>
    </a>
    <div>
        <h4><a href="../nonno-nanni-caprino-latte-vaccino-80gr.html"><b>Nonno Nanni Caprino Latte Vaccino 80Gr</b></a></h4>
        <p class="description">Nonno Nanni Caprino di latte vaccino 80 g</p>
        <p class="right price"><b>2.15 €</b></p>
        <p class="right unitPrice">26.87 € per kg</p>
    </div>
    <div class="contButton">
    <a class="button bgRed white addToCart" href="#">Add</a>
</div>
</div><div class="left product prod96"
        data-name="Form Bergader Cubetti 500gr"
        data-price="10.68"
        data-id="24815"
        data-available="yes"
        data-category="429"
        data-bestselling="">
    <a href="../form-bergader-cubetti-500gr.html">
        <div style="background-image: url('../../cdn.spesati.com/images/products/000105828/bergader-edelpilz-cubetti-500-g-01.png')">
            <div class="hover"></div>
            
            <div class="stickers"></div>
        </div>
    </a>
    <div>
        <h4><a href="../form-bergader-cubetti-500gr.html"><b>Form Bergader Cubetti 500gr</b></a></h4>
        <p class="description">Bergader Edelpilz Cubetti 500 g</p>
        <p class="right price"><b>10.68 €</b></p>
        <p class="right unitPrice">21.36 € per kg</p>
    </div>
    <div class="contButton">
    <a class="button bgRed white addToCart" href="#">Add</a>
</div>
</div><div class="left product prod97"
        data-name="Form Gorgonzola Cubetti 500gr"
        data-price="8.74"
        data-id="24812"
        data-available="yes"
        data-category="429"
        data-bestselling="">
    <a href="../form-gorgonzola-cubetti-500gr.html">
        <div style="background-image: url('../../cdn.spesati.com/images/products/000105819/biraghi-gorgonzola-dop-taglio-a-cubetti-0500-kg-01.png')">
            <div class="hover"></div>
            
            <div class="stickers"></div>
        </div>
    </a>
    <div>
        <h4><a href="../form-gorgonzola-cubetti-500gr.html"><b>Form Gorgonzola Cubetti 500gr</b></a></h4>
        <p class="description">Biraghi Gorgonzola DOP Taglio a Cubetti 0,500 Kg</p>
        <p class="right price"><b>8.74 €</b></p>
        <p class="right unitPrice">17.48 € per kg</p>
    </div>
    <div class="contButton">
    <a class="button bgRed white addToCart" href="#">Add</a>
</div>
</div><div class="left product prod98"
        data-name="Form Gorgonzola Biraghi 1-8"
        data-price="22.23"
        data-id="24809"
        data-available="yes"
        data-category="429"
        data-bestselling="">
    <a href="../form-gorgonzola-biraghi-1-8.html">
        <div style="background-image: url('../../cdn.spesati.com/images/products/000105816/biraghi-gorgonzola-dop-selezione-gastronomia-01.png')">
            <div class="hover"></div>
            
            <div class="stickers"></div>
        </div>
    </a>
    <div>
        <h4><a href="../form-gorgonzola-biraghi-1-8.html"><b>Form Gorgonzola Biraghi 1-8</b></a></h4>
        <p class="description">Biraghi Gorgonzola DOP Selezione Gastronomia</p>
        <p class="right price"><b>22.23 €</b></p>
        <p class="right unitPrice">14.82 € per kg</p>
    </div>
    <div class="contButton">
    <a class="button bgRed white addToCart" href="#">Add</a>
</div>
</div><div class="left product prod99"
        data-name="Mozzarella Bayerland Fette 1kg"
        data-price="16.60"
        data-id="24800"
        data-available="yes"
        data-category="429"
        data-bestselling="">
    <a href="../mozzarella-bayerland-fette-1kg.html">
        <div style="background-image: url('../../cdn.spesati.com/images/products/000105785/bayernland-mozzarella-1000-g-01.png')">
            <div class="hover"></div>
            
            <div class="stickers"></div>
        </div>
    </a>
    <div>
        <h4><a href="../mozzarella-bayerland-fette-1kg.html"><b>Mozzarella Bayerland Fette 1kg</b></a></h4>
        <p class="description">Bayernland mozzarella 1000 g</p>
        <p class="right price"><b>16.60 €</b></p>
        <p class="right unitPrice">16.60 € per kg</p>
    </div>
    <div class="contButton">
    <a class="button bgRed white addToCart" href="#">Add</a>
</div>
</div><div class="left product prod100"
        data-name="Form Mozz Julienne Bayerl 1kg"
        data-price="12.68"
        data-id="24797"
        data-available="yes"
        data-category="429"
        data-bestselling="">
    <a href="../form-mozz-julienne-bayerl-1kg.html">
        <div style="background-image: url('../../cdn.spesati.com/images/products/000105782/bayernland-ila-mini-pasta-filata-300-g-01.png')">
            <div class="hover"></div>
            
            <div class="stickers"></div>
        </div>
    </a>
    <div>
        <h4><a href="../form-mozz-julienne-bayerl-1kg.html"><b>Form Mozz Julienne Bayerl 1kg</b></a></h4>
        <p class="description">Bayernland ila mini pasta filata 300 g</p>
        <p class="right price"><b>12.68 €</b></p>
        <p class="right unitPrice">12.68 € per kg</p>
    </div>
    <div class="contButton">
    <a class="button bgRed white addToCart" href="#">Add</a>
</div>
</div><div class="left product prod101"
        data-name="Parmareggio Parmigiano Reggiano Grattugiato 60Gr"
        data-price="1.95"
        data-id="5942"
        data-available="yes"
        data-category="429"
        data-bestselling="5">
    <a href="../parmareggio-parmigiano-reggiano-grattugiato-60gr.html">
        <div style="background-image: url('../../cdn.spesati.com/images/products/000105628/parmareggio-parmigiano-reggiano-grattugiato-fresco-60-g-01.png')">
            <div class="hover"></div>
            <p class="arrow bgRed white">Best Seller</p>
            <div class="stickers"></div>
        </div>
    </a>
    <div>
        <h4><a href="../parmareggio-parmigiano-reggiano-grattugiato-60gr.html"><b>Parmareggio Parmigiano Reggiano Grattugiato 60Gr</b></a></h4>
        <p class="description">Parmareggio Parmigiano Reggiano Grattugiato Fresco 60 g</p>
        <p class="right price"><b>1.95 €</b></p>
        <p class="right unitPrice">32.50 € per kg</p>
    </div>
    <div class="contButton">
    <a class="button bgRed white addToCart" href="#">Add</a>
</div>
</div><div class="left product prod102"
        data-name="Parmareggio Snack 20Grx5"
        data-price="3.89"
        data-id="5920"
        data-available="yes"
        data-category="429"
        data-bestselling="2">
    <a href="../parmareggio-snack-20grx5.html">
        <div style="background-image: url('../../cdn.spesati.com/images/products/000105627/parmareggio-snack-parmigiano-reggiano-dop-5-x-20-g-01.png')">
            <div class="hover"></div>
            <p class="arrow bgRed white">Best Seller</p>
            <div class="stickers"></div>
        </div>
    </a>
    <div>
        <h4><a href="../parmareggio-snack-20grx5.html"><b>Parmareggio Snack 20Grx5</b></a></h4>
        <p class="description">Parmareggio Snack! Parmigiano Reggiano DOP 5 x 20 g</p>
        <p class="right price"><b>3.89 €</b></p>
        <p class="right unitPrice">38.90 € per kg</p>
    </div>
    <div class="contButton">
    <a class="button bgRed white addToCart" href="#">Add</a>
</div>
</div><div class="left product prod103"
        data-name="Parmareggio Reggiano Extra 30 Mesi"
        data-price="8.75"
        data-id="2065"
        data-available="yes"
        data-category="429"
        data-bestselling="4">
    <a href="../parmareggio-reggiano-extra-30-mesi.html">
        <div style="background-image: url('../../cdn.spesati.com/images/products/000105626/parmareggio-parmigiano-reggiano-dop-oltre-30-mesi-250-g-01.png')">
            <div class="hover"></div>
            <p class="arrow bgRed white">Best Seller</p>
            <div class="stickers"></div>
        </div>
    </a>
    <div>
        <h4><a href="../parmareggio-reggiano-extra-30-mesi.html"><b>Parmareggio Reggiano Extra 30 Mesi</b></a></h4>
        <p class="description">Parmareggio Parmigiano Reggiano DOP Oltre 30 Mesi 250 g</p>
        <p class="right price"><b>8.75 €</b></p>
        <p class="right unitPrice">35.00 € per kg</p>
    </div>
    <div class="contButton">
    <a class="button bgRed white addToCart" href="#">Add</a>
</div>
</div><div class="left product prod104"
        data-name="Form Emmental Tranci"
        data-price="12.90"
        data-id="24754"
        data-available="yes"
        data-category="429"
        data-bestselling="">
    <a href="../form-emmental-tranci.html">
        <div style="background-image: url('../../cdn.spesati.com/images/products/000105512/president-emmental-01.png')">
            <div class="hover"></div>
            
            <div class="stickers"></div>
        </div>
    </a>
    <div>
        <h4><a href="../form-emmental-tranci.html"><b>Form Emmental Tranci</b></a></h4>
        <p class="description">Président Emmental</p>
        <p class="right price"><b>12.90 €</b></p>
        <p class="right unitPrice">12.90 € per kg</p>
    </div>
    <div class="contButton">
    <a class="button bgRed white addToCart" href="#">Add</a>
</div>
</div><div class="left product prod105"
        data-name="Form Bayerland Edamer 1,3kg"
        data-price="12.85"
        data-id="24743"
        data-available="yes"
        data-category="429"
        data-bestselling="">
    <a href="../form-bayerland-edamer-13kg.html">
        <div style="background-image: url('../../cdn.spesati.com/images/products/000105416/bayernland-edam-tedesco-formaggio-da-taglio-01.png')">
            <div class="hover"></div>
            
            <div class="stickers"></div>
        </div>
    </a>
    <div>
        <h4><a href="../form-bayerland-edamer-13kg.html"><b>Form Bayerland Edamer 1,3kg</b></a></h4>
        <p class="description">Bayernland edam tedesco formaggio da taglio</p>
        <p class="right price"><b>12.85 €</b></p>
        <p class="right unitPrice">9.88 € per kg</p>
    </div>
    <div class="contButton">
    <a class="button bgRed white addToCart" href="#">Add</a>
</div>
</div><div class="left product prod106"
        data-name="Form Cheddar Fette Welcom 800g"
        data-price="8.00"
        data-id="24742"
        data-available="yes"
        data-category="429"
        data-bestselling="">
    <a href="../form-cheddar-fette-welcom-800g.html">
        <div style="background-image: url('../../cdn.spesati.com/images/products/000105414/welcome-cheddar-40-fettine-800-g-01.png')">
            <div class="hover"></div>
            
            <div class="stickers"></div>
        </div>
    </a>
    <div>
        <h4><a href="../form-cheddar-fette-welcom-800g.html"><b>Form Cheddar Fette Welcom 800g</b></a></h4>
        <p class="description">Welcome Cheddar 40 Fettine 800 g</p>
        <p class="right price"><b>8.00 €</b></p>
        <p class="right unitPrice">10.00 € per kg</p>
    </div>
    <div class="contButton">
    <a class="button bgRed white addToCart" href="#">Add</a>
</div>
</div><div class="left product prod107"
        data-name="Formaggio Edamer Fette Bayerland 140Gr"
        data-price="2.96"
        data-id="6686"
        data-available="yes"
        data-category="429"
        data-bestselling="2">
    <a href="../formaggio-edamer-fette-bayerland-140gr.html">
        <div style="background-image: url('../../cdn.spesati.com/images/products/000105399/bayernland-edam-tedesco-formaggio-a-fette-140-g-01.png')">
            <div class="hover"></div>
            <p class="arrow bgRed white">Best Seller</p>
            <div class="stickers"></div>
        </div>
    </a>
    <div>
        <h4><a href="../formaggio-edamer-fette-bayerland-140gr.html"><b>Formaggio Edamer Fette Bayerland 140Gr</b></a></h4>
        <p class="description">Bayernland edam tedesco formaggio a fette 140 g</p>
        <p class="right price"><b>2.96 €</b></p>
        <p class="right unitPrice">21.16 € per kg</p>
    </div>
    <div class="contButton">
    <a class="button bgRed white addToCart" href="#">Add</a>
</div>
</div><div class="left product prod108"
        data-name="Form Emmental Bayerland 250Gr"
        data-price="3.59"
        data-id="6812"
        data-available="yes"
        data-category="429"
        data-bestselling="">
    <a href="../form-emmental-bayerland-250gr.html">
        <div style="background-image: url('../../cdn.spesati.com/images/products/000105393/bayernland-emmental-bavarese-250-g-01.png')">
            <div class="hover"></div>
            
            <div class="stickers"></div>
        </div>
    </a>
    <div>
        <h4><a href="../form-emmental-bayerland-250gr.html"><b>Form Emmental Bayerland 250Gr</b></a></h4>
        <p class="description">Bayernland emmental bavarese 250 g</p>
        <p class="right price"><b>3.59 €</b></p>
        <p class="right unitPrice">14.36 € per kg</p>
    </div>
    <div class="contButton">
    <a class="button bgRed white addToCart" href="#">Add</a>
</div>
</div><div class="left product prod109"
        data-name="Crema Formaggio Sepi Piccante 200Gr"
        data-price="3.49"
        data-id="6676"
        data-available="yes"
        data-category="429"
        data-bestselling="1">
    <a href="../crema-formaggio-sepi-piccante-200gr.html">
        <div style="background-image: url('../../cdn.spesati.com/images/products/000105377/sepi-formaggio-fuso-spalmabile-piccante-200-g-01.png')">
            <div class="hover"></div>
            <p class="arrow bgRed white">Best Seller</p>
            <div class="stickers"></div>
        </div>
    </a>
    <div>
        <h4><a href="../crema-formaggio-sepi-piccante-200gr.html"><b>Crema Formaggio Sepi Piccante 200Gr</b></a></h4>
        <p class="description">Sepi Formaggio Fuso Spalmabile piccante 200 g</p>
        <p class="right price"><b>3.49 €</b></p>
        <p class="right unitPrice">17.45 € per kg</p>
    </div>
    <div class="contButton">
    <a class="button bgRed white addToCart" href="#">Add</a>
</div>
</div><div class="left product prod110"
        data-name="Form Podda Rigato Semistagio"
        data-price="302.40"
        data-id="24714"
        data-available="yes"
        data-category="429"
        data-bestselling="">
    <a href="../form-podda-rigato-semistagio.html">
        <div style="background-image: url('../../cdn.spesati.com/images/products/000105275/ferruccio-podda-il-classico-semistagionato-01.png')">
            <div class="hover"></div>
            
            <div class="stickers"></div>
        </div>
    </a>
    <div>
        <h4><a href="../form-podda-rigato-semistagio.html"><b>Form Podda Rigato Semistagio</b></a></h4>
        <p class="description">Ferruccio Podda Il Classico Semistagionato</p>
        <p class="right price"><b>302.40 €</b></p>
        <p class="right unitPrice">18.90 € per kg</p>
    </div>
    <div class="contButton">
    <a class="button bgRed white addToCart" href="#">Add</a>
</div>
</div><div class="left product prod111"
        data-name="Form Podda Classico Stagionato"
        data-price="69.65"
        data-id="24713"
        data-available="yes"
        data-category="429"
        data-bestselling="">
    <a href="../form-podda-classico-stagionato.html">
        <div style="background-image: url('../../cdn.spesati.com/images/products/000105270/ferruccio-podda-il-classico-stagionato-formaggio-misto-saporito-01.png')">
            <div class="hover"></div>
            
            <div class="stickers"></div>
        </div>
    </a>
    <div>
        <h4><a href="../form-podda-classico-stagionato.html"><b>Form Podda Classico Stagionato</b></a></h4>
        <p class="description">Ferruccio Podda il Classico Stagionato formaggio misto Saporito</p>
        <p class="right price"><b>69.65 €</b></p>
        <p class="right unitPrice">19.91 € per kg</p>
    </div>
    <div class="contButton">
    <a class="button bgRed white addToCart" href="#">Add</a>
</div>
</div><div class="left product prod112"
        data-name="Arborea Ricotta Alta Digeribilità Vaschetta 250Gr"
        data-price="2.25"
        data-id="5967"
        data-available="yes"
        data-category="429"
        data-bestselling="1">
    <a href="../arborea-ricotta-alta-digeribilita-vaschetta-250gr.html">
        <div style="background-image: url('../../cdn.spesati.com/images/products/000105247/arborea-cuor-di-ricotta-ad-alta-digeribilita-250-g-01.png')">
            <div class="hover"></div>
            <p class="arrow bgRed white">Best Seller</p>
            <div class="stickers"><img class="left" src="../../cdn.spesati.com/images/layout/lactose-free.png" /></div>
        </div>
    </a>
    <div>
        <h4><a href="../arborea-ricotta-alta-digeribilita-vaschetta-250gr.html"><b>Arborea Ricotta Alta Digeribilità Vaschetta 250Gr</b></a></h4>
        <p class="description">Arborea Cuor di Ricotta Ad Alta Digeribilità 250 g</p>
        <p class="right price"><b>2.25 €</b></p>
        <p class="right unitPrice">9.00 € per kg</p>
    </div>
    <div class="contButton">
    <a class="button bgRed white addToCart" href="#">Add</a>
</div>
</div><div class="left product prod113"
        data-name="Biraghi Grattugiato"
        data-price="1.95"
        data-id="2066"
        data-available="yes"
        data-category="429"
        data-bestselling="3">
    <a href="../biraghi-grattugiato.html">
        <div style="background-image: url('../../cdn.spesati.com/images/products/000105215/biraghi-gran-biraghi-formaggio-stagionato-grattugiato-fresco-100-g-01.png')">
            <div class="hover"></div>
            <p class="arrow bgRed white">Best Seller</p>
            <div class="stickers"></div>
        </div>
    </a>
    <div>
        <h4><a href="../biraghi-grattugiato.html"><b>Biraghi Grattugiato</b></a></h4>
        <p class="description">Biraghi Gran Biraghi Formaggio Stagionato Grattugiato Fresco 100 g</p>
        <p class="right price"><b>1.95 €</b></p>
        <p class="right unitPrice">19.50 € per kg</p>
    </div>
    <div class="contButton">
    <a class="button bgRed white addToCart" href="#">Add</a>
</div>
</div><div class="left product prod114"
        data-name="Burratina Sabelli 2x125gr"
        data-price="5.93"
        data-id="24704"
        data-available="yes"
        data-category="429"
        data-bestselling="">
    <a href="../burratina-sabelli-2x125gr.html">
        <div style="background-image: url('../../cdn.spesati.com/images/products/000105207/sabelli-burratine-2-x-125-g-01.png')">
            <div class="hover"></div>
            
            <div class="stickers"></div>
        </div>
    </a>
    <div>
        <h4><a href="../burratina-sabelli-2x125gr.html"><b>Burratina Sabelli 2x125gr</b></a></h4>
        <p class="description">Sabelli Burratine 2 x 125 g</p>
        <p class="right price"><b>5.93 €</b></p>
        <p class="right unitPrice">23.70 € per kg</p>
    </div>
    <div class="contButton">
    <a class="button bgRed white addToCart" href="#">Add</a>
</div>
</div><div class="left product prod115"
        data-name="Form Biraghi Grattugiat 500gr"
        data-price="8.95"
        data-id="24703"
        data-available="yes"
        data-category="429"
        data-bestselling="3">
    <a href="../form-biraghi-grattugiat-500gr.html">
        <div style="background-image: url('../../cdn.spesati.com/images/products/000105204/biraghi-gran-biraghi-formaggio-stagionato-grattugiato-fresco-500-g-01.png')">
            <div class="hover"></div>
            <p class="arrow bgRed white">Best Seller</p>
            <div class="stickers"></div>
        </div>
    </a>
    <div>
        <h4><a href="../form-biraghi-grattugiat-500gr.html"><b>Form Biraghi Grattugiat 500gr</b></a></h4>
        <p class="description">Biraghi Gran Biraghi Formaggio Stagionato Grattugiato Fresco 500 g</p>
        <p class="right price"><b>8.95 €</b></p>
        <p class="right unitPrice">17.90 € per kg</p>
    </div>
    <div class="contButton">
    <a class="button bgRed white addToCart" href="#">Add</a>
</div>
</div><div class="left product prod116"
        data-name="Form 3a Provolina Sv Aff 250gr"
        data-price="5.05"
        data-id="24699"
        data-available="yes"
        data-category="429"
        data-bestselling="">
    <a href="../form-3a-provolina-sv-aff-250gr.html">
        <div style="background-image: url('../../cdn.spesati.com/images/products/000105177/arborea-provolina-affumicata-250-g-01.png')">
            <div class="hover"></div>
            
            <div class="stickers"></div>
        </div>
    </a>
    <div>
        <h4><a href="../form-3a-provolina-sv-aff-250gr.html"><b>Form 3a Provolina Sv Aff 250gr</b></a></h4>
        <p class="description">Arborea Provolina Affumicata 250 g</p>
        <p class="right price"><b>5.05 €</b></p>
        <p class="right unitPrice">20.20 € per kg</p>
    </div>
    <div class="contButton">
    <a class="button bgRed white addToCart" href="#">Add</a>
</div>
</div><div class="left product prod117"
        data-name="Form 3a Provolina Sv 250gr"
        data-price="3.95"
        data-id="24697"
        data-available="yes"
        data-category="429"
        data-bestselling="2">
    <a href="../form-3a-provolina-sv-250gr.html">
        <div style="background-image: url('../../cdn.spesati.com/images/products/000105173/arborea-provolina-250-g-01.png')">
            <div class="hover"></div>
            <p class="arrow bgRed white">Best Seller</p>
            <div class="stickers"></div>
        </div>
    </a>
    <div>
        <h4><a href="../form-3a-provolina-sv-250gr.html"><b>Form 3a Provolina Sv 250gr</b></a></h4>
        <p class="description">Arborea Provolina 250 g</p>
        <p class="right price"><b>3.95 €</b></p>
        <p class="right unitPrice">15.80 € per kg</p>
    </div>
    <div class="contButton">
    <a class="button bgRed white addToCart" href="#">Add</a>
</div>
</div><div class="left product prod118"
        data-name="Formaggio Grana Padano Agriform 100Gr"
        data-price="2.21"
        data-id="6360"
        data-available="yes"
        data-category="429"
        data-bestselling="7">
    <a href="../formaggio-grana-padano-agriform-100gr.html">
        <div style="background-image: url('../../cdn.spesati.com/images/products/000105039/agriform-grana-padano-dop-fresco-di-grattugia-100-g-01.png')">
            <div class="hover"></div>
            <p class="arrow bgRed white">Best Seller</p>
            <div class="stickers"></div>
        </div>
    </a>
    <div>
        <h4><a href="../formaggio-grana-padano-agriform-100gr.html"><b>Formaggio Grana Padano Agriform 100Gr</b></a></h4>
        <p class="description">Agriform Grana Padano DOP fresco di grattugia 100 g</p>
        <p class="right price"><b>2.21 €</b></p>
        <p class="right unitPrice">22.06 € per kg</p>
    </div>
    <div class="contButton">
    <a class="button bgRed white addToCart" href="#">Add</a>
</div>
</div><div class="left product prod119"
        data-name="Arborea Ricotta Vaschetta 250Gr"
        data-price="2.25"
        data-id="5969"
        data-available="yes"
        data-category="429"
        data-bestselling="4">
    <a href="../arborea-ricotta-vaschetta-250gr.html">
        <div style="background-image: url('../../cdn.spesati.com/images/products/000105026/arborea-cuor-di-ricotta-250-g-01.png')">
            <div class="hover"></div>
            <p class="arrow bgRed white">Best Seller</p>
            <div class="stickers"><img class="left" src="../../cdn.spesati.com/images/layout/sardinian.png" /></div>
        </div>
    </a>
    <div>
        <h4><a href="../arborea-ricotta-vaschetta-250gr.html"><b>Arborea Ricotta Vaschetta 250Gr</b></a></h4>
        <p class="description">Arborea Cuor di Ricotta 250 g</p>
        <p class="right price"><b>2.25 €</b></p>
        <p class="right unitPrice">9.00 € per kg</p>
    </div>
    <div class="contButton">
    <a class="button bgRed white addToCart" href="#">Add</a>
</div>
</div><div class="left product prod120"
        data-name="Mozzarella 3a Pizza Filone 1kg"
        data-price="9.90"
        data-id="24658"
        data-available="yes"
        data-category="429"
        data-bestselling="">
    <a href="../mozzarella-3a-pizza-filone-1kg.html">
        <div style="background-image: url('../../cdn.spesati.com/images/products/000105014/arborea-mozzarella-1000-g-01.png')">
            <div class="hover"></div>
            
            <div class="stickers"></div>
        </div>
    </a>
    <div>
        <h4><a href="../mozzarella-3a-pizza-filone-1kg.html"><b>Mozzarella 3a Pizza Filone 1kg</b></a></h4>
        <p class="description">Arborea Mozzarella 1000 g</p>
        <p class="right price"><b>9.90 €</b></p>
        <p class="right unitPrice">9.90 € per kg</p>
    </div>
    <div class="contButton">
    <a class="button bgRed white addToCart" href="#">Add</a>
</div>
</div><div class="left product prod121"
        data-name="Form 3a Dolcesardo"
        data-price="79.50"
        data-id="24655"
        data-available="yes"
        data-category="429"
        data-bestselling="">
    <a href="../form-3a-dolcesardo.html">
        <div style="background-image: url('../../cdn.spesati.com/images/products/000105006/arborea-dolcesardo-01.png')">
            <div class="hover"></div>
            
            <div class="stickers"></div>
        </div>
    </a>
    <div>
        <h4><a href="../form-3a-dolcesardo.html"><b>Form 3a Dolcesardo</b></a></h4>
        <p class="description">Arborea Dolcesardo</p>
        <p class="right price"><b>79.50 €</b></p>
        <p class="right unitPrice">15.90 € per kg</p>
    </div>
    <div class="contButton">
    <a class="button bgRed white addToCart" href="#">Add</a>
</div>
</div><div class="left product prod122"
        data-name="Ricotta Fresca Ivernizzi 1,5kg"
        data-price="8.45"
        data-id="24521"
        data-available="yes"
        data-category="429"
        data-bestselling="">
    <a href="../ricotta-fresca-ivernizzi-15kg.html">
        <div style="background-image: url('../../cdn.spesati.com/images/products/000103812/galbani-professionale-ricotta-standard-15-kg-01.png')">
            <div class="hover"></div>
            
            <div class="stickers"></div>
        </div>
    </a>
    <div>
        <h4><a href="../ricotta-fresca-ivernizzi-15kg.html"><b>Ricotta Fresca Ivernizzi 1,5kg</b></a></h4>
        <p class="description">Galbani Professionale Ricotta Standard 1,5 Kg</p>
        <p class="right price"><b>8.45 €</b></p>
        <p class="right unitPrice">5.64 € per kg</p>
    </div>
    <div class="contButton">
    <a class="button bgRed white addToCart" href="#">Add</a>
</div>
</div><div class="left product prod123"
        data-name="Form Gr Padano Riserva 20m 2kg"
        data-price="42.97"
        data-id="24502"
        data-available="yes"
        data-category="429"
        data-bestselling="">
    <a href="../form-gr-padano-riserva-20m-2kg.html">
        <div style="background-image: url('../../cdn.spesati.com/images/products/000103784/agriform-grana-padano-dop-01.png')">
            <div class="hover"></div>
            
            <div class="stickers"></div>
        </div>
    </a>
    <div>
        <h4><a href="../form-gr-padano-riserva-20m-2kg.html"><b>Form Gr Padano Riserva 20m 2kg</b></a></h4>
        <p class="description">Agriform Grana Padano DOP</p>
        <p class="right price"><b>42.97 €</b></p>
        <p class="right unitPrice">21.49 € per kg</p>
    </div>
    <div class="contButton">
    <a class="button bgRed white addToCart" href="#">Add</a>
</div>
</div><div class="left product prod124"
        data-name="Dante Olio di Semi di Girasole 1 L"
        data-price="4.43"
        data-id="5944"
        data-available="yes"
        data-category="429"
        data-bestselling="1">
    <a href="../dante-olio-di-semi-di-girasole-1-l.html">
        <div style="background-image: url('../../cdn.spesati.com/images/products/000102057/dante-olio-di-semi-di-girasole-1-l-01.png')">
            <div class="hover"></div>
            <p class="arrow bgRed white">Best Seller</p>
            <div class="stickers"><img class="left" src="../../cdn.spesati.com/images/layout/sardinian.png" /></div>
        </div>
    </a>
    <div>
        <h4><a href="../dante-olio-di-semi-di-girasole-1-l.html"><b>Dante Olio di Semi di Girasole 1 L</b></a></h4>
        <p class="description">Dante Olio di Semi di Girasole 1 L</p>
        <p class="right price"><b>4.43 €</b></p>
        <p class="right unitPrice">29.55 € per kg</p>
    </div>
    <div class="contButton">
    <a class="button bgRed white addToCart" href="#">Add</a>
</div>
</div><div class="left product prod125"
        data-name="Parm Reggiano Parmareg 1/8 12m"
        data-price="135.67"
        data-id="60717"
        data-available="yes"
        data-category="429"
        data-bestselling="">
    <a href="../parm-reggiano-parmareg-18-12m.html">
        <div style="background-image: url('../../cdn.spesati.com/images/products/missing-image/missing-image.jpg')">
            <div class="hover"></div>
            
            <div class="stickers"></div>
        </div>
    </a>
    <div>
        <h4><a href="../parm-reggiano-parmareg-18-12m.html"><b>Parm Reggiano Parmareg 1/8 12m</b></a></h4>
        <p class="description">1 Kg</p>
        <p class="right price"><b>135.67 €</b></p>
        <p class="right unitPrice">26.92 € per kg</p>
    </div>
    <div class="contButton">
    <a class="button bgRed white addToCart" href="#">Add</a>
</div>
</div><div class="left product prod126"
        data-name="Ricotta Ovina Sepi Salata"
        data-price="25.28"
        data-id="65139"
        data-available="yes"
        data-category="429"
        data-bestselling="">
    <a href="../ricotta-ovina-sepi-salata.html">
        <div style="background-image: url('../../cdn.spesati.com/images/products/missing-image/missing-image.jpg')">
            <div class="hover"></div>
            
            <div class="stickers"></div>
        </div>
    </a>
    <div>
        <h4><a href="../ricotta-ovina-sepi-salata.html"><b>Ricotta Ovina Sepi Salata</b></a></h4>
        <p class="description">1 Kg</p>
        <p class="right price"><b>25.28 €</b></p>
        <p class="right unitPrice">7.90 € per kg</p>
    </div>
    <div class="contButton">
    <a class="button bgRed white addToCart" href="#">Add</a>
</div>
</div><div class="left product prod127"
        data-name="Ricotta Cdi Mustia Affum Natur"
        data-price="14.45"
        data-id="81200"
        data-available="yes"
        data-category="429"
        data-bestselling="">
    <a href="../ricotta-cdi-mustia-affum-natur.html">
        <div style="background-image: url('../../cdn.spesati.com/images/products/missing-image/missing-image.jpg')">
            <div class="hover"></div>
            
            <div class="stickers"></div>
        </div>
    </a>
    <div>
        <h4><a href="../ricotta-cdi-mustia-affum-natur.html"><b>Ricotta Cdi Mustia Affum Natur</b></a></h4>
        <p class="description">1 Kg</p>
        <p class="right price"><b>14.45 €</b></p>
        <p class="right unitPrice">9.90 € per kg</p>
    </div>
    <div class="contButton">
    <a class="button bgRed white addToCart" href="#">Add</a>
</div>
</div><div class="left product prod128"
        data-name="Form Pecorino Re Pastore Verde"
        data-price="99.60"
        data-id="81488"
        data-available="yes"
        data-category="429"
        data-bestselling="">
    <a href="../form-pecorino-re-pastore-verde.html">
        <div style="background-image: url('../../cdn.spesati.com/images/products/missing-image/missing-image.jpg')">
            <div class="hover"></div>
            
            <div class="stickers"></div>
        </div>
    </a>
    <div>
        <h4><a href="../form-pecorino-re-pastore-verde.html"><b>Form Pecorino Re Pastore Verde</b></a></h4>
        <p class="description">1 Kg</p>
        <p class="right price"><b>99.60 €</b></p>
        <p class="right unitPrice">24.90 € per kg</p>
    </div>
    <div class="contButton">
    <a class="button bgRed white addToCart" href="#">Add</a>
</div>
</div><div class="left product prod129"
        data-name="Form Pecorino Monteterno"
        data-price="114.50"
        data-id="82510"
        data-available="yes"
        data-category="429"
        data-bestselling="">
    <a href="../form-pecorino-monteterno.html">
        <div style="background-image: url('../../cdn.spesati.com/images/products/missing-image/missing-image.jpg')">
            <div class="hover"></div>
            
            <div class="stickers"></div>
        </div>
    </a>
    <div>
        <h4><a href="../form-pecorino-monteterno.html"><b>Form Pecorino Monteterno</b></a></h4>
        <p class="description">1 Kg</p>
        <p class="right price"><b>114.50 €</b></p>
        <p class="right unitPrice">22.90 € per kg</p>
    </div>
    <div class="contButton">
    <a class="button bgRed white addToCart" href="#">Add</a>
</div>
</div><div class="left product prod130"
        data-name="Form.pecor.romano Sepi"
        data-price="23.70"
        data-id="84845"
        data-available="yes"
        data-category="429"
        data-bestselling="">
    <a href="../formpecorromano-sepi.html">
        <div style="background-image: url('../../cdn.spesati.com/images/products/missing-image/missing-image.jpg')">
            <div class="hover"></div>
            
            <div class="stickers"></div>
        </div>
    </a>
    <div>
        <h4><a href="../formpecorromano-sepi.html"><b>Form.pecor.romano Sepi</b></a></h4>
        <p class="description">1 Kg</p>
        <p class="right price"><b>23.70 €</b></p>
        <p class="right unitPrice">23.70 € per kg</p>
    </div>
    <div class="contButton">
    <a class="button bgRed white addToCart" href="#">Add</a>
</div>
</div><div class="left product prod131"
        data-name="Formaggio Cdi Stagionato Capra"
        data-price="69.15"
        data-id="87756"
        data-available="yes"
        data-category="429"
        data-bestselling="">
    <a href="../formaggio-cdi-stagionato-capra.html">
        <div style="background-image: url('../../cdn.spesati.com/images/products/missing-image/missing-image.jpg')">
            <div class="hover"></div>
            
            <div class="stickers"></div>
        </div>
    </a>
    <div>
        <h4><a href="../formaggio-cdi-stagionato-capra.html"><b>Formaggio Cdi Stagionato Capra</b></a></h4>
        <p class="description">1 Kg</p>
        <p class="right price"><b>69.15 €</b></p>
        <p class="right unitPrice">25.90 € per kg</p>
    </div>
    <div class="contButton">
    <a class="button bgRed white addToCart" href="#">Add</a>
</div>
</div><div class="left product prod132"
        data-name="Mozzarella Cubetti Bayerl 2kg"
        data-price="25.08"
        data-id="24799"
        data-available="yes"
        data-category="429"
        data-bestselling="">
    <a href="../mozzarella-cubetti-bayerl-2kg.html">
        <div style="background-image: url('../../cdn.spesati.com/images/products/missing-image/missing-image.jpg')">
            <div class="hover"></div>
            
            <div class="stickers"></div>
        </div>
    </a>
    <div>
        <h4><a href="../mozzarella-cubetti-bayerl-2kg.html"><b>Mozzarella Cubetti Bayerl 2kg</b></a></h4>
        <p class="description">2 Kg</p>
        <p class="right price"><b>25.08 €</b></p>
        <p class="right unitPrice">12.54 € per kg</p>
    </div>
    <div class="contButton">
    <a class="button bgRed white addToCart" href="#">Add</a>
</div>
</div><div class="left product prod133"
        data-name="Form Ovicaprino Juncu"
        data-price="27.90"
        data-id="24817"
        data-available="yes"
        data-category="429"
        data-bestselling="">
    <a href="../form-ovicaprino-juncu.html">
        <div style="background-image: url('../../cdn.spesati.com/images/products/missing-image/missing-image.jpg')">
            <div class="hover"></div>
            
            <div class="stickers"></div>
        </div>
    </a>
    <div>
        <h4><a href="../form-ovicaprino-juncu.html"><b>Form Ovicaprino Juncu</b></a></h4>
        <p class="description">medium weight 1 Kg</p>
        <p class="right price"><b>27.90 €</b></p>
        <p class="right unitPrice">27.90 € per kg</p>
    </div>
    <div class="contButton">
    <a class="button bgRed white addToCart" href="#">Add</a>
</div>
</div><div class="left product prod134"
        data-name="Form Grancaste Pasta Dura 1-16"
        data-price="66.68"
        data-id="24555"
        data-available="yes"
        data-category="429"
        data-bestselling="">
    <a href="../form-grancaste-pasta-dura-1-16.html">
        <div style="background-image: url('../../cdn.spesati.com/images/products/missing-image/missing-image.jpg')">
            <div class="hover"></div>
            
            <div class="stickers"></div>
        </div>
    </a>
    <div>
        <h4><a href="../form-grancaste-pasta-dura-1-16.html"><b>Form Grancaste Pasta Dura 1-16</b></a></h4>
        <p class="description">medium weight  4.500 Kg</p>
        <p class="right price"><b>66.68 €</b></p>
        <p class="right unitPrice">14.82 € per kg</p>
    </div>
    <div class="contButton">
    <a class="button bgRed white addToCart" href="#">Add</a>
</div>
</div><div class="left product prod135"
        data-name="Form C Isola Pecor Stag Gustos"
        data-price="119.50"
        data-id="32498"
        data-available="yes"
        data-category="429"
        data-bestselling="">
    <a href="../form-c-isola-pecor-stag-gustos.html">
        <div style="background-image: url('../../cdn.spesati.com/images/products/missing-image/missing-image.jpg')">
            <div class="hover"></div>
            
            <div class="stickers"></div>
        </div>
    </a>
    <div>
        <h4><a href="../form-c-isola-pecor-stag-gustos.html"><b>Form C Isola Pecor Stag Gustos</b></a></h4>
        <p class="description">medium weight  5.000 Kg</p>
        <p class="right price"><b>119.50 €</b></p>
        <p class="right unitPrice">23.90 € per kg</p>
    </div>
    <div class="contButton">
    <a class="button bgRed white addToCart" href="#">Add</a>
</div>
</div><div class="left product prod136"
        data-name="Form Occhiato Bavarese"
        data-price="34.94"
        data-id="24660"
        data-available="yes"
        data-category="429"
        data-bestselling="">
    <a href="../form-occhiato-bavarese.html">
        <div style="background-image: url('../../cdn.spesati.com/images/products/missing-image/missing-image.jpg')">
            <div class="hover"></div>
            
            <div class="stickers"></div>
        </div>
    </a>
    <div>
        <h4><a href="../form-occhiato-bavarese.html"><b>Form Occhiato Bavarese</b></a></h4>
        <p class="description">medium weight  2.800 Kg</p>
        <p class="right price"><b>34.94 €</b></p>
        <p class="right unitPrice">12.48 € per kg</p>
    </div>
    <div class="contButton">
    <a class="button bgRed white addToCart" href="#">Add</a>
</div>
</div><div class="left product prod137"
        data-name="Form Pinna Pecorino Brigante"
        data-price="129.35"
        data-id="24671"
        data-available="yes"
        data-category="429"
        data-bestselling="">
    <a href="../form-pinna-pecorino-brigante.html">
        <div style="background-image: url('../../cdn.spesati.com/images/products/missing-image/missing-image.jpg')">
            <div class="hover"></div>
            
            <div class="stickers"></div>
        </div>
    </a>
    <div>
        <h4><a href="../form-pinna-pecorino-brigante.html"><b>Form Pinna Pecorino Brigante</b></a></h4>
        <p class="description">medium weight  6.5 Kg</p>
        <p class="right price"><b>129.35 €</b></p>
        <p class="right unitPrice">19.91 € per kg</p>
    </div>
    <div class="contButton">
    <a class="button bgRed white addToCart" href="#">Add</a>
</div>
</div><div class="left product prod138"
        data-name="Form Fiore Sardo Dop"
        data-price="225.50"
        data-id="24673"
        data-available="yes"
        data-category="429"
        data-bestselling="">
    <a href="../form-fiore-sardo-dop.html">
        <div style="background-image: url('../../cdn.spesati.com/images/products/missing-image/missing-image.jpg')">
            <div class="hover"></div>
            
            <div class="stickers"></div>
        </div>
    </a>
    <div>
        <h4><a href="../form-fiore-sardo-dop.html"><b>Form Fiore Sardo Dop</b></a></h4>
        <p class="description">medium weight  8.2 Kg</p>
        <p class="right price"><b>225.50 €</b></p>
        <p class="right unitPrice">27.50 € per kg</p>
    </div>
    <div class="contButton">
    <a class="button bgRed white addToCart" href="#">Add</a>
</div>
</div><div class="left product prod139"
        data-name="Ricotta La Ce Sa Vaccina S-v"
        data-price="8.90"
        data-id="24690"
        data-available="yes"
        data-category="429"
        data-bestselling="">
    <a href="../ricotta-la-ce-sa-vaccina-s-v.html">
        <div style="background-image: url('../../cdn.spesati.com/images/products/missing-image/missing-image.jpg')">
            <div class="hover"></div>
            
            <div class="stickers"></div>
        </div>
    </a>
    <div>
        <h4><a href="../ricotta-la-ce-sa-vaccina-s-v.html"><b>Ricotta La Ce Sa Vaccina S-v</b></a></h4>
        <p class="description">medium weight 1 Kg</p>
        <p class="right price"><b>8.90 €</b></p>
        <p class="right unitPrice">8.90 € per kg</p>
    </div>
    <div class="contButton">
    <a class="button bgRed white addToCart" href="#">Add</a>
</div>
</div><div class="left product prod140"
        data-name="Form 3a Provolette 450gr"
        data-price="103.82"
        data-id="24696"
        data-available="yes"
        data-category="429"
        data-bestselling="">
    <a href="../form-3a-provolette-450gr.html">
        <div style="background-image: url('../../cdn.spesati.com/images/products/missing-image/missing-image.jpg')">
            <div class="hover"></div>
            
            <div class="stickers"></div>
        </div>
    </a>
    <div>
        <h4><a href="../form-3a-provolette-450gr.html"><b>Form 3a Provolette 450gr</b></a></h4>
        <p class="description">medium weight  5.800 Kg</p>
        <p class="right price"><b>103.82 €</b></p>
        <p class="right unitPrice">17.90 € per kg</p>
    </div>
    <div class="contButton">
    <a class="button bgRed white addToCart" href="#">Add</a>
</div>
</div><div class="left product prod141"
        data-name="Stracciatella Sabelli 1kg"
        data-price="49.75"
        data-id="24702"
        data-available="yes"
        data-category="429"
        data-bestselling="">
    <a href="../stracciatella-sabelli-1kg.html">
        <div style="background-image: url('../../cdn.spesati.com/images/products/missing-image/missing-image.jpg')">
            <div class="hover"></div>
            
            <div class="stickers"></div>
        </div>
    </a>
    <div>
        <h4><a href="../stracciatella-sabelli-1kg.html"><b>Stracciatella Sabelli 1kg</b></a></h4>
        <p class="description">medium weight  2.500 Kg</p>
        <p class="right price"><b>49.75 €</b></p>
        <p class="right unitPrice">19.91 € per kg</p>
    </div>
    <div class="contButton">
    <a class="button bgRed white addToCart" href="#">Add</a>
</div>
</div><div class="left product prod142"
        data-name="Form Grana Padano 12m"
        data-price="564.43"
        data-id="34769"
        data-available="yes"
        data-category="429"
        data-bestselling="">
    <a href="../form-grana-padano-12m.html">
        <div style="background-image: url('../../cdn.spesati.com/images/products/missing-image/missing-image.jpg')">
            <div class="hover"></div>
            
            <div class="stickers"></div>
        </div>
    </a>
    <div>
        <h4><a href="../form-grana-padano-12m.html"><b>Form Grana Padano 12m</b></a></h4>
        <p class="description">1 Kg</p>
        <p class="right price"><b>564.43 €</b></p>
        <p class="right unitPrice">15.90 € per kg</p>
    </div>
    <div class="contButton">
    <a class="button bgRed white addToCart" href="#">Add</a>
</div>
</div><div class="left product prod143"
        data-name="Form 3a Provolone Affumic S-v"
        data-price="15.90"
        data-id="24706"
        data-available="yes"
        data-category="429"
        data-bestselling="">
    <a href="../form-3a-provolone-affumic-s-v.html">
        <div style="background-image: url('../../cdn.spesati.com/images/products/missing-image/missing-image.jpg')">
            <div class="hover"></div>
            
            <div class="stickers"></div>
        </div>
    </a>
    <div>
        <h4><a href="../form-3a-provolone-affumic-s-v.html"><b>Form 3a Provolone Affumic S-v</b></a></h4>
        <p class="description">medium weight 1 Kg</p>
        <p class="right price"><b>15.90 €</b></p>
        <p class="right unitPrice">15.90 € per kg</p>
    </div>
    <div class="contButton">
    <a class="button bgRed white addToCart" href="#">Add</a>
</div>
</div><div class="left product prod144"
        data-name="Form Pinna Pecor R-sardegna In"
        data-price="26.53"
        data-id="24708"
        data-available="yes"
        data-category="429"
        data-bestselling="">
    <a href="../form-pinna-pecor-r-sardegna-in.html">
        <div style="background-image: url('../../cdn.spesati.com/images/products/missing-image/missing-image.jpg')">
            <div class="hover"></div>
            
            <div class="stickers"></div>
        </div>
    </a>
    <div>
        <h4><a href="../form-pinna-pecor-r-sardegna-in.html"><b>Form Pinna Pecor R-sardegna In</b></a></h4>
        <p class="description">medium weight 1 Kg</p>
        <p class="right price"><b>26.53 €</b></p>
        <p class="right unitPrice">26.53 € per kg</p>
    </div>
    <div class="contButton">
    <a class="button bgRed white addToCart" href="#">Add</a>
</div>
</div><div class="left product prod145"
        data-name="Form Ovicaprino Brundu Semista"
        data-price="80.29"
        data-id="24709"
        data-available="yes"
        data-category="429"
        data-bestselling="">
    <a href="../form-ovicaprino-brundu-semista.html">
        <div style="background-image: url('../../cdn.spesati.com/images/products/missing-image/missing-image.jpg')">
            <div class="hover"></div>
            
            <div class="stickers"></div>
        </div>
    </a>
    <div>
        <h4><a href="../form-ovicaprino-brundu-semista.html"><b>Form Ovicaprino Brundu Semista</b></a></h4>
        <p class="description">medium weight  3.100 Kg</p>
        <p class="right price"><b>80.29 €</b></p>
        <p class="right unitPrice">25.90 € per kg</p>
    </div>
    <div class="contButton">
    <a class="button bgRed white addToCart" href="#">Add</a>
</div>
</div><div class="left product prod146"
        data-name="Form Pecorino Granglona 1-4 Sv"
        data-price="93.93"
        data-id="24729"
        data-available="yes"
        data-category="429"
        data-bestselling="">
    <a href="../form-pecorino-granglona-1-4-sv.html">
        <div style="background-image: url('../../cdn.spesati.com/images/products/missing-image/missing-image.jpg')">
            <div class="hover"></div>
            
            <div class="stickers"></div>
        </div>
    </a>
    <div>
        <h4><a href="../form-pecorino-granglona-1-4-sv.html"><b>Form Pecorino Granglona 1-4 Sv</b></a></h4>
        <p class="description">medium weight  4.000 Kg</p>
        <p class="right price"><b>93.93 €</b></p>
        <p class="right unitPrice">23.48 € per kg</p>
    </div>
    <div class="contButton">
    <a class="button bgRed white addToCart" href="#">Add</a>
</div>
</div><div class="left product prod147"
        data-name="Provola Casizolu Dorada Dulce"
        data-price="11.12"
        data-id="81494"
        data-available="no"
        data-category="429"
        data-bestselling="">
    <a href="../provola-casizolu-dorada-dulce.html">
        <div style="background-image: url('../../cdn.spesati.com/images/products/573098/provola-casizolu-dorada-01.jpg')">
            <div class="hover"></div>
            
            <div class="stickers"></div>
        </div>
    </a>
    <div>
        <h4><a href="../provola-casizolu-dorada-dulce.html"><b>Provola Casizolu Dorada Dulce</b></a></h4>
        <p class="description">1 Kg</p>
        <p class="right price"><b>11.12 €</b></p>
        <p class="right unitPrice">13.90 € per kg</p>
    </div>
    <div class="notAvailable">
    <a class="button bgDarkGrey white" href="../provola-casizolu-dorada-dulce.html">Not available</a>
</div>
</div><div class="left product prod148"
        data-name="Formaggio Cuore Isola Pecorino S/Lattosio"
        data-price="37.35"
        data-id="83546"
        data-available="no"
        data-category="429"
        data-bestselling="">
    <a href="../formaggio-cuore-isola-pecorino-slattosio.html">
        <div style="background-image: url('../../cdn.spesati.com/images/products/398036/formaggio-cuore-isola-01.jpg')">
            <div class="hover"></div>
            
            <div class="stickers"><img class="left" src="../../cdn.spesati.com/images/layout/sardinian.png" /></div>
        </div>
    </a>
    <div>
        <h4><a href="../formaggio-cuore-isola-pecorino-slattosio.html"><b>Formaggio Cuore Isola Pecorino S/Lattosio</b></a></h4>
        <p class="description">1 Kg</p>
        <p class="right price"><b>37.35 €</b></p>
        <p class="right unitPrice">24.90 € per kg</p>
    </div>
    <div class="notAvailable">
    <a class="button bgDarkGrey white" href="../formaggio-cuore-isola-pecorino-slattosio.html">Not available</a>
</div>
</div><div class="left product prod149"
        data-name="Formaggio Cuore Di Orgosolo 1-8"
        data-price="12.95"
        data-id="5933"
        data-available="no"
        data-category="429"
        data-bestselling="">
    <a href="../formaggio-cuore-di-orgosolo-1-8.html">
        <div style="background-image: url('../../cdn.spesati.com/images/products/107562/formaggio-cuore-di-01.jpg')">
            <div class="hover"></div>
            
            <div class="stickers"><img class="left" src="../../cdn.spesati.com/images/layout/sardinian.png" /></div>
        </div>
    </a>
    <div>
        <h4><a href="../formaggio-cuore-di-orgosolo-1-8.html"><b>Formaggio Cuore Di Orgosolo 1-8</b></a></h4>
        <p class="description">medium weight 0.500 Kg</p>
        <p class="right price"><b>12.95 €</b></p>
        <p class="right unitPrice">25.90 € per kg</p>
    </div>
    <div class="notAvailable">
    <a class="button bgDarkGrey white" href="../formaggio-cuore-di-orgosolo-1-8.html">Not available</a>
</div>
</div><div class="left product prod150"
        data-name="Formaggio Cuore Di Monte 1-8"
        data-price="12.95"
        data-id="5931"
        data-available="no"
        data-category="429"
        data-bestselling="">
    <a href="../formaggio-cuore-di-monte-1-8.html">
        <div style="background-image: url('../../cdn.spesati.com/images/products/107561/formaggio-cuore-di-01.jpg')">
            <div class="hover"></div>
            
            <div class="stickers"><img class="left" src="../../cdn.spesati.com/images/layout/sardinian.png" /></div>
        </div>
    </a>
    <div>
        <h4><a href="../formaggio-cuore-di-monte-1-8.html"><b>Formaggio Cuore Di Monte 1-8</b></a></h4>
        <p class="description">medium weight 0.500 Kg</p>
        <p class="right price"><b>12.95 €</b></p>
        <p class="right unitPrice">25.90 € per kg</p>
    </div>
    <div class="notAvailable">
    <a class="button bgDarkGrey white" href="../formaggio-cuore-di-monte-1-8.html">Not available</a>
</div>
</div><div class="left product prod151"
        data-name="Formaggio Cheddar Blocco"
        data-price="43.50"
        data-id="24821"
        data-available="no"
        data-category="429"
        data-bestselling="">
    <a href="../formaggio-cheddar-blocco.html">
        <div style="background-image: url('../../cdn.spesati.com/images/products/105879/formaggio-cheddar-blocco-01.jpg')">
            <div class="hover"></div>
            
            <div class="stickers"></div>
        </div>
    </a>
    <div>
        <h4><a href="../formaggio-cheddar-blocco.html"><b>Formaggio Cheddar Blocco</b></a></h4>
        <p class="description">medium weight  3.000 Kg</p>
        <p class="right price"><b>43.50 €</b></p>
        <p class="right unitPrice">14.50 € per kg</p>
    </div>
    <div class="notAvailable">
    <a class="button bgDarkGrey white" href="../formaggio-cheddar-blocco.html">Not available</a>
</div>
</div><div class="left product prod152"
        data-name="Formaggio Sepi Pecorino Fioretto S-v"
        data-price="69.72"
        data-id="24735"
        data-available="no"
        data-category="429"
        data-bestselling="">
    <a href="../formaggio-sepi-pecorino-fioretto-s-v.html">
        <div style="background-image: url('../../cdn.spesati.com/images/products/105372/formaggio-sepi-pecorino-01.jpg')">
            <div class="hover"></div>
            
            <div class="stickers"></div>
        </div>
    </a>
    <div>
        <h4><a href="../formaggio-sepi-pecorino-fioretto-s-v.html"><b>Formaggio Sepi Pecorino Fioretto S-v</b></a></h4>
        <p class="description">medium weight  3.200 Kg</p>
        <p class="right price"><b>69.72 €</b></p>
        <p class="right unitPrice">24.90 € per kg</p>
    </div>
    <div class="notAvailable">
    <a class="button bgDarkGrey white" href="../formaggio-sepi-pecorino-fioretto-s-v.html">Not available</a>
</div>
</div><div class="left product prod153"
        data-name="La Ce Sa Provolette"
        data-price="11.83"
        data-id="6298"
        data-available="no"
        data-category="429"
        data-bestselling="">
    <a href="../la-ce-sa-provolette.html">
        <div style="background-image: url('../../cdn.spesati.com/images/products/105142/la-ce-sa-01.jpg')">
            <div class="hover"></div>
            
            <div class="stickers"></div>
        </div>
    </a>
    <div>
        <h4><a href="../la-ce-sa-provolette.html"><b>La Ce Sa Provolette</b></a></h4>
        <p class="description">medium weight 0.700 Kg</p>
        <p class="right price"><b>11.83 €</b></p>
        <p class="right unitPrice">16.90 € per kg</p>
    </div>
    <div class="notAvailable">
    <a class="button bgDarkGrey white" href="../la-ce-sa-provolette.html">Not available</a>
</div>
</div><div class="left product prod154"
        data-name="Formaggio La Ce Sa Provolette Sotto Vuoto"
        data-price="13.48"
        data-id="6692"
        data-available="no"
        data-category="429"
        data-bestselling="">
    <a href="../formaggio-la-ce-sa-provolette-sotto-vuoto.html">
        <div style="background-image: url('../../cdn.spesati.com/images/products/105141/formaggio-la-ce-01.html')">
            <div class="hover"></div>
            
            <div class="stickers"></div>
        </div>
    </a>
    <div>
        <h4><a href="../formaggio-la-ce-sa-provolette-sotto-vuoto.html"><b>Formaggio La Ce Sa Provolette Sotto Vuoto</b></a></h4>
        <p class="description">medium weight 0.770 Kg</p>
        <p class="right price"><b>13.48 €</b></p>
        <p class="right unitPrice">17.50 € per kg</p>
    </div>
    <div class="notAvailable">
    <a class="button bgDarkGrey white" href="../formaggio-la-ce-sa-provolette-sotto-vuoto.html">Not available</a>
</div>
</div><div class="left product prod155"
        data-name="Ricotta Pinna Di Pecora"
        data-price="12.75"
        data-id="24670"
        data-available="no"
        data-category="429"
        data-bestselling="">
    <a href="../ricotta-pinna-di-pecora.html">
        <div style="background-image: url('../../cdn.spesati.com/images/products/105080/ricotta-pinna-di-01.html')">
            <div class="hover"></div>
            
            <div class="stickers"></div>
        </div>
    </a>
    <div>
        <h4><a href="../ricotta-pinna-di-pecora.html"><b>Ricotta Pinna Di Pecora</b></a></h4>
        <p class="description">medium weight  3.600 Kg</p>
        <p class="right price"><b>12.75 €</b></p>
        <p class="right unitPrice">8.50 € per kg</p>
    </div>
    <div class="notAvailable">
    <a class="button bgDarkGrey white" href="../ricotta-pinna-di-pecora.html">Not available</a>
</div>
</div><div class="left product prod156"
        data-name="Form Leerdammer 1-4 Forma"
        data-price="54.08"
        data-id="34753"
        data-available="no"
        data-category="429"
        data-bestselling="">
    <a href="../form-leerdammer-1-4-forma.html">
        <div style="background-image: url('../../cdn.spesati.com/images/products/000705046/le-delizie-gnocchi-alla-romana-01.png')">
            <div class="hover"></div>
            
            <div class="stickers"></div>
        </div>
    </a>
    <div>
        <h4><a href="../form-leerdammer-1-4-forma.html"><b>Form Leerdammer 1-4 Forma</b></a></h4>
        <p class="description">Le Delizie Gnocchi alla Romana</p>
        <p class="right price"><b>54.08 €</b></p>
        <p class="right unitPrice">16.90 € per kg</p>
    </div>
    <div class="notAvailable">
    <a class="button bgDarkGrey white" href="../form-leerdammer-1-4-forma.html">Not available</a>
</div>
</div><div class="left product prod157"
        data-name="Taleggio Dop New 200Gr"
        data-price="5.93"
        data-id="5991"
        data-available="no"
        data-category="429"
        data-bestselling="">
    <a href="../taleggio-dop-new-200gr.html">
        <div style="background-image: url('../../cdn.spesati.com/images/products/000504703/vero-cademartori-taleggio-dop-200-g-01.png')">
            <div class="hover"></div>
            
            <div class="stickers"></div>
        </div>
    </a>
    <div>
        <h4><a href="../taleggio-dop-new-200gr.html"><b>Taleggio Dop New 200Gr</b></a></h4>
        <p class="description">Vero Cademartori Taleggio DOP 200 g</p>
        <p class="right price"><b>5.93 €</b></p>
        <p class="right unitPrice">29.63 € per kg</p>
    </div>
    <div class="notAvailable">
    <a class="button bgDarkGrey white" href="../taleggio-dop-new-200gr.html">Not available</a>
</div>
</div><div class="left product prod158"
        data-name="Galbani Ricotta Santa Lucia"
        data-price="2.15"
        data-id="2083"
        data-available="no"
        data-category="429"
        data-bestselling="1">
    <a href="../galbani-ricotta-santa-lucia.html">
        <div style="background-image: url('../../cdn.spesati.com/images/products/000504174/galbani-santa-lucia-ricotta-250-g-01.png')">
            <div class="hover"></div>
            <p class="arrow bgRed white">Best Seller</p>
            <div class="stickers"></div>
        </div>
    </a>
    <div>
        <h4><a href="../galbani-ricotta-santa-lucia.html"><b>Galbani Ricotta Santa Lucia</b></a></h4>
        <p class="description">Galbani Santa Lucia Ricotta 250 g</p>
        <p class="right price"><b>2.15 €</b></p>
        <p class="right unitPrice">8.60 € per kg</p>
    </div>
    <div class="notAvailable">
    <a class="button bgDarkGrey white" href="../galbani-ricotta-santa-lucia.html">Not available</a>
</div>
</div><div class="left product prod159"
        data-name="Ricotta Galbani S Lucia 1.5kg"
        data-price="56.10"
        data-id="33946"
        data-available="no"
        data-category="429"
        data-bestselling="">
    <a href="../ricotta-galbani-s-lucia-15kg.html">
        <div style="background-image: url('../../cdn.spesati.com/images/products/000504172/galbani-santa-lucia-ricotta-15-kg-01.png')">
            <div class="hover"></div>
            
            <div class="stickers"></div>
        </div>
    </a>
    <div>
        <h4><a href="../ricotta-galbani-s-lucia-15kg.html"><b>Ricotta Galbani S Lucia 1.5kg</b></a></h4>
        <p class="description">Galbani Santa Lucia Ricotta 1,5 Kg</p>
        <p class="right price"><b>56.10 €</b></p>
        <p class="right unitPrice">8.50 € per kg</p>
    </div>
    <div class="notAvailable">
    <a class="button bgDarkGrey white" href="../ricotta-galbani-s-lucia-15kg.html">Not available</a>
</div>
</div><div class="left product prod160"
        data-name="Gorgonz Galbani Dolcelatte Dop"
        data-price="64.16"
        data-id="33935"
        data-available="no"
        data-category="429"
        data-bestselling="">
    <a href="../gorgonz-galbani-dolcelatte-dop.html">
        <div style="background-image: url('../../cdn.spesati.com/images/products/000504101/galbani-gorgonzola-dop-01.png')">
            <div class="hover"></div>
            
            <div class="stickers"></div>
        </div>
    </a>
    <div>
        <h4><a href="../gorgonz-galbani-dolcelatte-dop.html"><b>Gorgonz Galbani Dolcelatte Dop</b></a></h4>
        <p class="description">Galbani Gorgonzola D.O.P.</p>
        <p class="right price"><b>64.16 €</b></p>
        <p class="right unitPrice">19.50 € per kg</p>
    </div>
    <div class="notAvailable">
    <a class="button bgDarkGrey white" href="../gorgonz-galbani-dolcelatte-dop.html">Not available</a>
</div>
</div><div class="left product prod161"
        data-name="Kraft Susanna Formaggini"
        data-price="3.09"
        data-id="3803"
        data-available="no"
        data-category="429"
        data-bestselling="1">
    <a href="../kraft-susanna-formaggini.html">
        <div style="background-image: url('../../cdn.spesati.com/images/products/000503364/susanna-by-sottilette-140g-8-formaggini-01.png')">
            <div class="hover"></div>
            <p class="arrow bgRed white">Best Seller</p>
            <div class="stickers"></div>
        </div>
    </a>
    <div>
        <h4><a href="../kraft-susanna-formaggini.html"><b>Kraft Susanna Formaggini</b></a></h4>
        <p class="description">Susanna by Sottilette 140g - 8 formaggini</p>
        <p class="right price"><b>3.09 €</b></p>
        <p class="right unitPrice">22.07 € per kg</p>
    </div>
    <div class="notAvailable">
    <a class="button bgDarkGrey white" href="../kraft-susanna-formaggini.html">Not available</a>
</div>
</div><div class="left product prod162"
        data-name="Fiocchi Milk Pro Latte 210gr"
        data-price="2.45"
        data-id="81848"
        data-available="no"
        data-category="429"
        data-bestselling="">
    <a href="../fiocchi-milk-pro-latte-210gr.html">
        <div style="background-image: url('../../cdn.spesati.com/images/products/000441222/milk-pro-high-protein-25g-fiocchi-di-latte-210-g-01.png')">
            <div class="hover"></div>
            
            <div class="stickers"></div>
        </div>
    </a>
    <div>
        <h4><a href="../fiocchi-milk-pro-latte-210gr.html"><b>Fiocchi Milk Pro Latte 210gr</b></a></h4>
        <p class="description">Milk Pro High Protein 25g Fiocchi di Latte 210 g</p>
        <p class="right price"><b>2.45 €</b></p>
        <p class="right unitPrice">11.66 € per kg</p>
    </div>
    <div class="notAvailable">
    <a class="button bgDarkGrey white" href="../fiocchi-milk-pro-latte-210gr.html">Not available</a>
</div>
</div><div class="left product prod163"
        data-name="Form Milk Pro Fresc Spalm 175"
        data-price="2.25"
        data-id="81839"
        data-available="no"
        data-category="429"
        data-bestselling="1">
    <a href="../form-milk-pro-fresc-spalm-175.html">
        <div style="background-image: url('../../cdn.spesati.com/images/products/000441219/milk-pro-high-protein-21g-formaggio-fresco-175-g-01.png')">
            <div class="hover"></div>
            <p class="arrow bgRed white">Best Seller</p>
            <div class="stickers"></div>
        </div>
    </a>
    <div>
        <h4><a href="../form-milk-pro-fresc-spalm-175.html"><b>Form Milk Pro Fresc Spalm 175</b></a></h4>
        <p class="description">Milk Pro High Protein 21g Formaggio Fresco 175 g</p>
        <p class="right price"><b>2.25 €</b></p>
        <p class="right unitPrice">12.50 € per kg</p>
    </div>
    <div class="notAvailable">
    <a class="button bgDarkGrey white" href="../form-milk-pro-fresc-spalm-175.html">Not available</a>
</div>
</div><div class="left product prod164"
        data-name="Form C Isola Pecora Grat 80gr"
        data-price="2.49"
        data-id="83630"
        data-available="no"
        data-category="429"
        data-bestselling="">
    <a href="../form-c-isola-pecora-grat-80gr.html">
        <div style="background-image: url('../../cdn.spesati.com/images/products/000399027/argiolas-formaggi-pecorino-romano-dop-grattugiato-80-g-01.png')">
            <div class="hover"></div>
            
            <div class="stickers"></div>
        </div>
    </a>
    <div>
        <h4><a href="../form-c-isola-pecora-grat-80gr.html"><b>Form C Isola Pecora Grat 80gr</b></a></h4>
        <p class="description">Argiolas Formaggi Pecorino Romano DOP Grattugiato 80 g</p>
        <p class="right price"><b>2.49 €</b></p>
        <p class="right unitPrice">31.13 € per kg</p>
    </div>
    <div class="notAvailable">
    <a class="button bgDarkGrey white" href="../form-c-isola-pecora-grat-80gr.html">Not available</a>
</div>
</div><div class="left product prod165"
        data-name="Ricottina Santa Lucia Galbani Senza Lattosio"
        data-price="1.09"
        data-id="2167"
        data-available="no"
        data-category="429"
        data-bestselling="">
    <a href="../ricottina-santa-lucia-galbani-senza-lattosio.html">
        <div style="background-image: url('../../cdn.spesati.com/images/products/000107749/galbani-santa-lucia-senza-lattosio-ricottina-100-g-01.png')">
            <div class="hover"></div>
            
            <div class="stickers"><img class="left" src="../../cdn.spesati.com/images/layout/lactose-free.png" /></div>
        </div>
    </a>
    <div>
        <h4><a href="../ricottina-santa-lucia-galbani-senza-lattosio.html"><b>Ricottina Santa Lucia Galbani Senza Lattosio</b></a></h4>
        <p class="description">Galbani Santa Lucia Senza Lattosio Ricottina 100 g</p>
        <p class="right price"><b>1.09 €</b></p>
        <p class="right unitPrice">10.90 € per kg</p>
    </div>
    <div class="notAvailable">
    <a class="button bgDarkGrey white" href="../ricottina-santa-lucia-galbani-senza-lattosio.html">Not available</a>
</div>
</div><div class="left product prod166"
        data-name="Form Tronchetto Capra 1kg"
        data-price="35.08"
        data-id="61566"
        data-available="no"
        data-category="429"
        data-bestselling="">
    <a href="../form-tronchetto-capra-1kg.html">
        <div style="background-image: url('../../cdn.spesati.com/images/products/000106524/president-formaggio-di-capra-01.png')">
            <div class="hover"></div>
            
            <div class="stickers"></div>
        </div>
    </a>
    <div>
        <h4><a href="../form-tronchetto-capra-1kg.html"><b>Form Tronchetto Capra 1kg</b></a></h4>
        <p class="description">President Formaggio di Capra</p>
        <p class="right price"><b>35.08 €</b></p>
        <p class="right unitPrice">30.50 € per kg</p>
    </div>
    <div class="notAvailable">
    <a class="button bgDarkGrey white" href="../form-tronchetto-capra-1kg.html">Not available</a>
</div>
</div><div class="left product prod167"
        data-name="Ferrari Grana Padano Grattugiato Riserva 90 Gr"
        data-price="2.35"
        data-id="5463"
        data-available="no"
        data-category="429"
        data-bestselling="">
    <a href="../ferrari-grana-padano-grattugiato-riserva-90-gr.html">
        <div style="background-image: url('../../cdn.spesati.com/images/products/000106083/ferrari-grana-padano-dop-riserva-grattugiato-90g-01.png')">
            <div class="hover"></div>
            
            <div class="stickers"></div>
        </div>
    </a>
    <div>
        <h4><a href="../ferrari-grana-padano-grattugiato-riserva-90-gr.html"><b>Ferrari Grana Padano Grattugiato Riserva 90 Gr</b></a></h4>
        <p class="description">Ferrari Grana Padano DOP Riserva grattugiato 90g</p>
        <p class="right price"><b>2.35 €</b></p>
        <p class="right unitPrice">26.11 € per kg</p>
    </div>
    <div class="notAvailable">
    <a class="button bgDarkGrey white" href="../ferrari-grana-padano-grattugiato-riserva-90-gr.html">Not available</a>
</div>
</div><div class="left product prod168"
        data-name="Form Spalm Bayerl Class 1.5kg"
        data-price="16.64"
        data-id="24807"
        data-available="no"
        data-category="429"
        data-bestselling="">
    <a href="../form-spalm-bayerl-class-15kg.html">
        <div style="background-image: url('../../cdn.spesati.com/images/products/000105800/bayernland-alpigiana-formaggio-fresco-spalmabile-15-kg-01.png')">
            <div class="hover"></div>
            
            <div class="stickers"></div>
        </div>
    </a>
    <div>
        <h4><a href="../form-spalm-bayerl-class-15kg.html"><b>Form Spalm Bayerl Class 1.5kg</b></a></h4>
        <p class="description">Bayernland alpigiana formaggio fresco spalmabile 1,5 kg</p>
        <p class="right price"><b>16.64 €</b></p>
        <p class="right unitPrice">11.10 € per kg</p>
    </div>
    <div class="notAvailable">
    <a class="button bgDarkGrey white" href="../form-spalm-bayerl-class-15kg.html">Not available</a>
</div>
</div><div class="left product prod169"
        data-name="Parmareggio Parmareggini"
        data-price="2.55"
        data-id="2165"
        data-available="no"
        data-category="429"
        data-bestselling="">
    <a href="../parmareggio-parmareggini.html">
        <div style="background-image: url('../../cdn.spesati.com/images/products/000105635/parmareggio-8-formaggini-al-parmigiano-reggiano-140-g-01.png')">
            <div class="hover"></div>
            
            <div class="stickers"></div>
        </div>
    </a>
    <div>
        <h4><a href="../parmareggio-parmareggini.html"><b>Parmareggio Parmareggini</b></a></h4>
        <p class="description">Parmareggio 8 Formaggini al Parmigiano Reggiano 140 g</p>
        <p class="right price"><b>2.55 €</b></p>
        <p class="right unitPrice">18.21 € per kg</p>
    </div>
    <div class="notAvailable">
    <a class="button bgDarkGrey white" href="../parmareggio-parmareggini.html">Not available</a>
</div>
</div><div class="left product prod170"
        data-name="Conf Parmareg 30m C-formaggier"
        data-price="14.90"
        data-id="24772"
        data-available="no"
        data-category="429"
        data-bestselling="">
    <a href="../conf-parmareg-30m-c-formaggier.html">
        <div style="background-image: url('../../cdn.spesati.com/images/products/000105633/parmareggio-parmigiano-reggiano-dop-oltre-30-mesi-250-g-formaggiera-via-emilia-01.png')">
            <div class="hover"></div>
            
            <div class="stickers"></div>
        </div>
    </a>
    <div>
        <h4><a href="../conf-parmareg-30m-c-formaggier.html"><b>Conf Parmareg 30m C-formaggier</b></a></h4>
        <p class="description">Parmareggio Parmigiano Reggiano DOP Oltre 30 Mesi 250 g + Formaggiera Via Emilia</p>
        <p class="right price"><b>14.90 €</b></p>
        <p class="right unitPrice">59.60 € per kg</p>
    </div>
    <div class="notAvailable">
    <a class="button bgDarkGrey white" href="../conf-parmareg-30m-c-formaggier.html">Not available</a>
</div>
</div><div class="left product prod171"
        data-name="Conf Grana Padano 22 Mesi 1kg"
        data-price="16.68"
        data-id="24771"
        data-available="no"
        data-category="429"
        data-bestselling="">
    <a href="../conf-grana-padano-22-mesi-1kg.html">
        <div style="background-image: url('../../cdn.spesati.com/images/products/000105623/unigrana-grana-padano-dop-01.png')">
            <div class="hover"></div>
            
            <div class="stickers"></div>
        </div>
    </a>
    <div>
        <h4><a href="../conf-grana-padano-22-mesi-1kg.html"><b>Conf Grana Padano 22 Mesi 1kg</b></a></h4>
        <p class="description">Unigrana Grana Padano DOP</p>
        <p class="right price"><b>16.68 €</b></p>
        <p class="right unitPrice">16.68 € per kg</p>
    </div>
    <div class="notAvailable">
    <a class="button bgDarkGrey white" href="../conf-grana-padano-22-mesi-1kg.html">Not available</a>
</div>
</div><div class="left product prod172"
        data-name="Mozz Sabelli Burratin 100g T A"
        data-price="2.19"
        data-id="84589"
        data-available="no"
        data-category="429"
        data-bestselling="1">
    <a href="../mozz-sabelli-burratin-100g-t-a.html">
        <div style="background-image: url('../../cdn.spesati.com/images/products/000105602/sabelli-burratina-100-g-01.png')">
            <div class="hover"></div>
            <p class="arrow bgRed white">Best Seller</p>
            <div class="stickers"></div>
        </div>
    </a>
    <div>
        <h4><a href="../mozz-sabelli-burratin-100g-t-a.html"><b>Mozz Sabelli Burratin 100g T A</b></a></h4>
        <p class="description">Sabelli Burratina 100 g</p>
        <p class="right price"><b>2.19 €</b></p>
        <p class="right unitPrice">21.90 € per kg</p>
    </div>
    <div class="notAvailable">
    <a class="button bgDarkGrey white" href="../mozz-sabelli-burratin-100g-t-a.html">Not available</a>
</div>
</div><div class="left product prod173"
        data-name="Panedda Arborea 1Kg"
        data-price="15.90"
        data-id="6283"
        data-available="no"
        data-category="429"
        data-bestselling="">
    <a href="../panedda-arborea-1kg.html">
        <div style="background-image: url('../../cdn.spesati.com/images/products/000105002/arborea-panedda-1000-g-01.png')">
            <div class="hover"></div>
            
            <div class="stickers"><img class="left" src="../../cdn.spesati.com/images/layout/sardinian.png" /></div>
        </div>
    </a>
    <div>
        <h4><a href="../panedda-arborea-1kg.html"><b>Panedda Arborea 1Kg</b></a></h4>
        <p class="description">Arborea Panedda 1000 g</p>
        <p class="right price"><b>15.90 €</b></p>
        <p class="right unitPrice">15.90 € per kg</p>
    </div>
    <div class="notAvailable">
    <a class="button bgDarkGrey white" href="../panedda-arborea-1kg.html">Not available</a>
</div>
</div><div class="left product prod174"
        data-name="Form Fontina Dop Piac It 1-4"
        data-price="99.60"
        data-id="34775"
        data-available="no"
        data-category="429"
        data-bestselling="">
    <a href="../form-fontina-dop-piac-it-1-4.html">
        <div style="background-image: url('../../cdn.spesati.com/images/products/missing-image/missing-image.jpg')">
            <div class="hover"></div>
            
            <div class="stickers"></div>
        </div>
    </a>
    <div>
        <h4><a href="../form-fontina-dop-piac-it-1-4.html"><b>Form Fontina Dop Piac It 1-4</b></a></h4>
        <p class="description">medium weight  4.000 Kg</p>
        <p class="right price"><b>99.60 €</b></p>
        <p class="right unitPrice">24.90 € per kg</p>
    </div>
    <div class="notAvailable">
    <a class="button bgDarkGrey white" href="../form-fontina-dop-piac-it-1-4.html">Not available</a>
</div>
</div><div class="left product prod175"
        data-name="Form Bongrain Crema Di Maggio"
        data-price="41.22"
        data-id="66990"
        data-available="no"
        data-category="429"
        data-bestselling="">
    <a href="../form-bongrain-crema-di-maggio.html">
        <div style="background-image: url('../../cdn.spesati.com/images/products/missing-image/missing-image.jpg')">
            <div class="hover"></div>
            
            <div class="stickers"></div>
        </div>
    </a>
    <div>
        <h4><a href="../form-bongrain-crema-di-maggio.html"><b>Form Bongrain Crema Di Maggio</b></a></h4>
        <p class="description">1 Kg</p>
        <p class="right price"><b>41.22 €</b></p>
        <p class="right unitPrice">22.90 € per kg</p>
    </div>
    <div class="notAvailable">
    <a class="button bgDarkGrey white" href="../form-bongrain-crema-di-maggio.html">Not available</a>
</div>
</div><div class="left product prod176"
        data-name="Form Podda Classico Stag 1/12"
        data-price="141.29"
        data-id="68286"
        data-available="no"
        data-category="429"
        data-bestselling="">
    <a href="../form-podda-classico-stag-112.html">
        <div style="background-image: url('../../cdn.spesati.com/images/products/missing-image/missing-image.jpg')">
            <div class="hover"></div>
            
            <div class="stickers"></div>
        </div>
    </a>
    <div>
        <h4><a href="../form-podda-classico-stag-112.html"><b>Form Podda Classico Stag 1/12</b></a></h4>
        <p class="description">1 Kg</p>
        <p class="right price"><b>141.29 €</b></p>
        <p class="right unitPrice">19.91 € per kg</p>
    </div>
    <div class="notAvailable">
    <a class="button bgDarkGrey white" href="../form-podda-classico-stag-112.html">Not available</a>
</div>
</div><div class="left product prod177"
        data-name="Form Podda Rigato Semist 1/12"
        data-price="149.88"
        data-id="68289"
        data-available="no"
        data-category="429"
        data-bestselling="">
    <a href="../form-podda-rigato-semist-112.html">
        <div style="background-image: url('../../cdn.spesati.com/images/products/missing-image/missing-image.jpg')">
            <div class="hover"></div>
            
            <div class="stickers"></div>
        </div>
    </a>
    <div>
        <h4><a href="../form-podda-rigato-semist-112.html"><b>Form Podda Rigato Semist 1/12</b></a></h4>
        <p class="description">1 Kg</p>
        <p class="right price"><b>149.88 €</b></p>
        <p class="right unitPrice">18.90 € per kg</p>
    </div>
    <div class="notAvailable">
    <a class="button bgDarkGrey white" href="../form-podda-rigato-semist-112.html">Not available</a>
</div>
</div><div class="left product prod178"
        data-name="Form Pinna Ovino Primo Sale"
        data-price="19.90"
        data-id="68298"
        data-available="no"
        data-category="429"
        data-bestselling="">
    <a href="../form-pinna-ovino-primo-sale.html">
        <div style="background-image: url('../../cdn.spesati.com/images/products/missing-image/missing-image.jpg')">
            <div class="hover"></div>
            
            <div class="stickers"></div>
        </div>
    </a>
    <div>
        <h4><a href="../form-pinna-ovino-primo-sale.html"><b>Form Pinna Ovino Primo Sale</b></a></h4>
        <p class="description">1 Kg</p>
        <p class="right price"><b>19.90 €</b></p>
        <p class="right unitPrice">19.91 € per kg</p>
    </div>
    <div class="notAvailable">
    <a class="button bgDarkGrey white" href="../form-pinna-ovino-primo-sale.html">Not available</a>
</div>
</div><div class="left product prod179"
        data-name="Tomino Rdg Classico 200gr"
        data-price="3.29"
        data-id="69096"
        data-available="no"
        data-category="429"
        data-bestselling="">
    <a href="../tomino-rdg-classico-200gr.html">
        <div style="background-image: url('../../cdn.spesati.com/images/products/missing-image/missing-image.jpg')">
            <div class="hover"></div>
            
            <div class="stickers"></div>
        </div>
    </a>
    <div>
        <h4><a href="../tomino-rdg-classico-200gr.html"><b>Tomino Rdg Classico 200gr</b></a></h4>
        <p class="description">0.2 Kg</p>
        <p class="right price"><b>3.29 €</b></p>
        <p class="right unitPrice">16.45 € per kg</p>
    </div>
    <div class="notAvailable">
    <a class="button bgDarkGrey white" href="../tomino-rdg-classico-200gr.html">Not available</a>
</div>
</div><div class="left product prod180"
        data-name="Grana Padano Dop 1/2 16m Orizz"
        data-price="344.12"
        data-id="72799"
        data-available="no"
        data-category="429"
        data-bestselling="">
    <a href="../grana-padano-dop-12-16m-orizz.html">
        <div style="background-image: url('../../cdn.spesati.com/images/products/missing-image/missing-image.jpg')">
            <div class="hover"></div>
            
            <div class="stickers"></div>
        </div>
    </a>
    <div>
        <h4><a href="../grana-padano-dop-12-16m-orizz.html"><b>Grana Padano Dop 1/2 16m Orizz</b></a></h4>
        <p class="description">1 Kg</p>
        <p class="right price"><b>344.12 €</b></p>
        <p class="right unitPrice">19.12 € per kg</p>
    </div>
    <div class="notAvailable">
    <a class="button bgDarkGrey white" href="../grana-padano-dop-12-16m-orizz.html">Not available</a>
</div>
</div><div class="left product prod181"
        data-name="Ricotta Gentile Di Pecora"
        data-price="6.37"
        data-id="75674"
        data-available="no"
        data-category="429"
        data-bestselling="">
    <a href="../ricotta-gentile-di-pecora.html">
        <div style="background-image: url('../../cdn.spesati.com/images/products/missing-image/missing-image.jpg')">
            <div class="hover"></div>
            
            <div class="stickers"></div>
        </div>
    </a>
    <div>
        <h4><a href="../ricotta-gentile-di-pecora.html"><b>Ricotta Gentile Di Pecora</b></a></h4>
        <p class="description">1 Kg</p>
        <p class="right price"><b>6.37 €</b></p>
        <p class="right unitPrice">4.90 € per kg</p>
    </div>
    <div class="notAvailable">
    <a class="button bgDarkGrey white" href="../ricotta-gentile-di-pecora.html">Not available</a>
</div>
</div><div class="left product prod182"
        data-name="Formag Cdi Pecorino Caglio Veg"
        data-price="96.35"
        data-id="80747"
        data-available="no"
        data-category="429"
        data-bestselling="">
    <a href="../formag-cdi-pecorino-caglio-veg.html">
        <div style="background-image: url('../../cdn.spesati.com/images/products/missing-image/missing-image.jpg')">
            <div class="hover"></div>
            
            <div class="stickers"></div>
        </div>
    </a>
    <div>
        <h4><a href="../formag-cdi-pecorino-caglio-veg.html"><b>Formag Cdi Pecorino Caglio Veg</b></a></h4>
        <p class="description">1 Kg</p>
        <p class="right price"><b>96.35 €</b></p>
        <p class="right unitPrice">25.90 € per kg</p>
    </div>
    <div class="notAvailable">
    <a class="button bgDarkGrey white" href="../formag-cdi-pecorino-caglio-veg.html">Not available</a>
</div>
</div><div class="left product prod183"
        data-name="Formaggio Cdi Pecorino Semist"
        data-price="181.30"
        data-id="80750"
        data-available="no"
        data-category="429"
        data-bestselling="">
    <a href="../formaggio-cdi-pecorino-semist.html">
        <div style="background-image: url('../../cdn.spesati.com/images/products/missing-image/missing-image.jpg')">
            <div class="hover"></div>
            
            <div class="stickers"></div>
        </div>
    </a>
    <div>
        <h4><a href="../formaggio-cdi-pecorino-semist.html"><b>Formaggio Cdi Pecorino Semist</b></a></h4>
        <p class="description">1 Kg</p>
        <p class="right price"><b>181.30 €</b></p>
        <p class="right unitPrice">25.90 € per kg</p>
    </div>
    <div class="notAvailable">
    <a class="button bgDarkGrey white" href="../formaggio-cdi-pecorino-semist.html">Not available</a>
</div>
</div><div class="left product prod184"
        data-name="Casizolu Cuore Isola"
        data-price="18.90"
        data-id="81203"
        data-available="no"
        data-category="429"
        data-bestselling="">
    <a href="../casizolu-cuore-isola.html">
        <div style="background-image: url('../../cdn.spesati.com/images/products/missing-image/missing-image.jpg')">
            <div class="hover"></div>
            
            <div class="stickers"></div>
        </div>
    </a>
    <div>
        <h4><a href="../casizolu-cuore-isola.html"><b>Casizolu Cuore Isola</b></a></h4>
        <p class="description">1 Kg</p>
        <p class="right price"><b>18.90 €</b></p>
        <p class="right unitPrice">18.90 € per kg</p>
    </div>
    <div class="notAvailable">
    <a class="button bgDarkGrey white" href="../casizolu-cuore-isola.html">Not available</a>
</div>
</div><div class="left product prod185"
        data-name="Formaggio Murgia Bufala"
        data-price="17.43"
        data-id="82166"
        data-available="no"
        data-category="429"
        data-bestselling="">
    <a href="../formaggio-murgia-bufala.html">
        <div style="background-image: url('../../cdn.spesati.com/images/products/missing-image/missing-image.jpg')">
            <div class="hover"></div>
            
            <div class="stickers"></div>
        </div>
    </a>
    <div>
        <h4><a href="../formaggio-murgia-bufala.html"><b>Formaggio Murgia Bufala</b></a></h4>
        <p class="description">1 Kg</p>
        <p class="right price"><b>17.43 €</b></p>
        <p class="right unitPrice">24.90 € per kg</p>
    </div>
    <div class="notAvailable">
    <a class="button bgDarkGrey white" href="../formaggio-murgia-bufala.html">Not available</a>
</div>
</div><div class="left product prod186"
        data-name="Camembert Murgia Bufala"
        data-price="8.37"
        data-id="82169"
        data-available="no"
        data-category="429"
        data-bestselling="">
    <a href="../camembert-murgia-bufala.html">
        <div style="background-image: url('../../cdn.spesati.com/images/products/missing-image/missing-image.jpg')">
            <div class="hover"></div>
            
            <div class="stickers"></div>
        </div>
    </a>
    <div>
        <h4><a href="../camembert-murgia-bufala.html"><b>Camembert Murgia Bufala</b></a></h4>
        <p class="description">1 Kg</p>
        <p class="right price"><b>8.37 €</b></p>
        <p class="right unitPrice">23.90 € per kg</p>
    </div>
    <div class="notAvailable">
    <a class="button bgDarkGrey white" href="../camembert-murgia-bufala.html">Not available</a>
</div>
</div><div class="left product prod187"
        data-name="Form C Isola Pecorino Su Mannu"
        data-price="87.48"
        data-id="83528"
        data-available="no"
        data-category="429"
        data-bestselling="">
    <a href="../form-c-isola-pecorino-su-mannu.html">
        <div style="background-image: url('../../cdn.spesati.com/images/products/missing-image/missing-image.jpg')">
            <div class="hover"></div>
            
            <div class="stickers"></div>
        </div>
    </a>
    <div>
        <h4><a href="../form-c-isola-pecorino-su-mannu.html"><b>Form C Isola Pecorino Su Mannu</b></a></h4>
        <p class="description">1 Kg</p>
        <p class="right price"><b>87.48 €</b></p>
        <p class="right unitPrice">22.90 € per kg</p>
    </div>
    <div class="notAvailable">
    <a class="button bgDarkGrey white" href="../form-c-isola-pecorino-su-mannu.html">Not available</a>
</div>
</div><div class="left product prod188"
        data-name="Ricotta C Isola Capra Incarta"
        data-price="18.97"
        data-id="83531"
        data-available="no"
        data-category="429"
        data-bestselling="">
    <a href="../ricotta-c-isola-capra-incarta.html">
        <div style="background-image: url('../../cdn.spesati.com/images/products/missing-image/missing-image.jpg')">
            <div class="hover"></div>
            
            <div class="stickers"></div>
        </div>
    </a>
    <div>
        <h4><a href="../ricotta-c-isola-capra-incarta.html"><b>Ricotta C Isola Capra Incarta</b></a></h4>
        <p class="description">1 Kg</p>
        <p class="right price"><b>18.97 €</b></p>
        <p class="right unitPrice">10.90 € per kg</p>
    </div>
    <div class="notAvailable">
    <a class="button bgDarkGrey white" href="../ricotta-c-isola-capra-incarta.html">Not available</a>
</div>
</div><div class="left product prod189"
        data-name="Ricotta C Isola Pecora Incarta"
        data-price="14.54"
        data-id="83534"
        data-available="no"
        data-category="429"
        data-bestselling="">
    <a href="../ricotta-c-isola-pecora-incarta.html">
        <div style="background-image: url('../../cdn.spesati.com/images/products/missing-image/missing-image.jpg')">
            <div class="hover"></div>
            
            <div class="stickers"></div>
        </div>
    </a>
    <div>
        <h4><a href="../ricotta-c-isola-pecora-incarta.html"><b>Ricotta C Isola Pecora Incarta</b></a></h4>
        <p class="description">1 Kg</p>
        <p class="right price"><b>14.54 €</b></p>
        <p class="right unitPrice">7.90 € per kg</p>
    </div>
    <div class="notAvailable">
    <a class="button bgDarkGrey white" href="../ricotta-c-isola-pecora-incarta.html">Not available</a>
</div>
</div><div class="left product prod190"
        data-name="Form C Isola Capra Kaproli"
        data-price="51.54"
        data-id="83537"
        data-available="no"
        data-category="429"
        data-bestselling="">
    <a href="../form-c-isola-capra-kaproli.html">
        <div style="background-image: url('../../cdn.spesati.com/images/products/missing-image/missing-image.jpg')">
            <div class="hover"></div>
            
            <div class="stickers"></div>
        </div>
    </a>
    <div>
        <h4><a href="../form-c-isola-capra-kaproli.html"><b>Form C Isola Capra Kaproli</b></a></h4>
        <p class="description">1 Kg</p>
        <p class="right price"><b>51.54 €</b></p>
        <p class="right unitPrice">24.90 € per kg</p>
    </div>
    <div class="notAvailable">
    <a class="button bgDarkGrey white" href="../form-c-isola-capra-kaproli.html">Not available</a>
</div>
</div><div class="left product prod191"
        data-name="Form C Isola Capra Birbante"
        data-price="49.46"
        data-id="83540"
        data-available="no"
        data-category="429"
        data-bestselling="">
    <a href="../form-c-isola-capra-birbante.html">
        <div style="background-image: url('../../cdn.spesati.com/images/products/missing-image/missing-image.jpg')">
            <div class="hover"></div>
            
            <div class="stickers"></div>
        </div>
    </a>
    <div>
        <h4><a href="../form-c-isola-capra-birbante.html"><b>Form C Isola Capra Birbante</b></a></h4>
        <p class="description">1 Kg</p>
        <p class="right price"><b>49.46 €</b></p>
        <p class="right unitPrice">22.90 € per kg</p>
    </div>
    <div class="notAvailable">
    <a class="button bgDarkGrey white" href="../form-c-isola-capra-birbante.html">Not available</a>
</div>
</div><div class="left product prod192"
        data-name="Form C Isola Capra S/lattosio"
        data-price="26.68"
        data-id="83543"
        data-available="no"
        data-category="429"
        data-bestselling="">
    <a href="../form-c-isola-capra-slattosio.html">
        <div style="background-image: url('../../cdn.spesati.com/images/products/missing-image/missing-image.jpg')">
            <div class="hover"></div>
            
            <div class="stickers"></div>
        </div>
    </a>
    <div>
        <h4><a href="../form-c-isola-capra-slattosio.html"><b>Form C Isola Capra S/lattosio</b></a></h4>
        <p class="description">1 Kg</p>
        <p class="right price"><b>26.68 €</b></p>
        <p class="right unitPrice">25.90 € per kg</p>
    </div>
    <div class="notAvailable">
    <a class="button bgDarkGrey white" href="../form-c-isola-capra-slattosio.html">Not available</a>
</div>
</div><div class="left product prod193"
        data-name="Form Casagedu Pecora Cdi 400gr"
        data-price="3.49"
        data-id="86218"
        data-available="no"
        data-category="429"
        data-bestselling="">
    <a href="../form-casagedu-pecora-cdi-400gr.html">
        <div style="background-image: url('../../cdn.spesati.com/images/products/missing-image/missing-image.jpg')">
            <div class="hover"></div>
            
            <div class="stickers"></div>
        </div>
    </a>
    <div>
        <h4><a href="../form-casagedu-pecora-cdi-400gr.html"><b>Form Casagedu Pecora Cdi 400gr</b></a></h4>
        <p class="description">0.4 Kg</p>
        <p class="right price"><b>3.49 €</b></p>
        <p class="right unitPrice">8.73 € per kg</p>
    </div>
    <div class="notAvailable">
    <a class="button bgDarkGrey white" href="../form-casagedu-pecora-cdi-400gr.html">Not available</a>
</div>
</div><div class="left product prod194"
        data-name="Form Casagedu Capra Cdi 400gr"
        data-price="3.49"
        data-id="86221"
        data-available="no"
        data-category="429"
        data-bestselling="">
    <a href="../form-casagedu-capra-cdi-400gr.html">
        <div style="background-image: url('../../cdn.spesati.com/images/products/missing-image/missing-image.jpg')">
            <div class="hover"></div>
            
            <div class="stickers"></div>
        </div>
    </a>
    <div>
        <h4><a href="../form-casagedu-capra-cdi-400gr.html"><b>Form Casagedu Capra Cdi 400gr</b></a></h4>
        <p class="description">0.4 Kg</p>
        <p class="right price"><b>3.49 €</b></p>
        <p class="right unitPrice">8.73 € per kg</p>
    </div>
    <div class="notAvailable">
    <a class="button bgDarkGrey white" href="../form-casagedu-capra-cdi-400gr.html">Not available</a>
</div>
</div><div class="left product prod195"
        data-name="Form Casagedu Misto Cdi 400gr"
        data-price="3.49"
        data-id="86224"
        data-available="no"
        data-category="429"
        data-bestselling="">
    <a href="../form-casagedu-misto-cdi-400gr.html">
        <div style="background-image: url('../../cdn.spesati.com/images/products/missing-image/missing-image.jpg')">
            <div class="hover"></div>
            
            <div class="stickers"></div>
        </div>
    </a>
    <div>
        <h4><a href="../form-casagedu-misto-cdi-400gr.html"><b>Form Casagedu Misto Cdi 400gr</b></a></h4>
        <p class="description">0.4 Kg</p>
        <p class="right price"><b>3.49 €</b></p>
        <p class="right unitPrice">8.73 € per kg</p>
    </div>
    <div class="notAvailable">
    <a class="button bgDarkGrey white" href="../form-casagedu-misto-cdi-400gr.html">Not available</a>
</div>
</div><div class="left product prod196"
        data-name="Form Casizol Montiferru Stagio"
        data-price="107.55"
        data-id="88418"
        data-available="no"
        data-category="429"
        data-bestselling="">
    <a href="../form-casizol-montiferru-stagio.html">
        <div style="background-image: url('../../cdn.spesati.com/images/products/missing-image/missing-image.jpg')">
            <div class="hover"></div>
            
            <div class="stickers"></div>
        </div>
    </a>
    <div>
        <h4><a href="../form-casizol-montiferru-stagio.html"><b>Form Casizol Montiferru Stagio</b></a></h4>
        <p class="description">1 Kg</p>
        <p class="right price"><b>107.55 €</b></p>
        <p class="right unitPrice">23.90 € per kg</p>
    </div>
    <div class="notAvailable">
    <a class="button bgDarkGrey white" href="../form-casizol-montiferru-stagio.html">Not available</a>
</div>
</div><div class="left product prod197"
        data-name="Form Tranc Carozzi Masc/noc 1k"
        data-price="26.89"
        data-id="89096"
        data-available="no"
        data-category="429"
        data-bestselling="">
    <a href="../form-tranc-carozzi-mascnoc-1k.html">
        <div style="background-image: url('../../cdn.spesati.com/images/products/missing-image/missing-image.jpg')">
            <div class="hover"></div>
            
            <div class="stickers"></div>
        </div>
    </a>
    <div>
        <h4><a href="../form-tranc-carozzi-mascnoc-1k.html"><b>Form Tranc Carozzi Masc/noc 1k</b></a></h4>
        <p class="description">1 Kg</p>
        <p class="right price"><b>26.89 €</b></p>
        <p class="right unitPrice">24.90 € per kg</p>
    </div>
    <div class="notAvailable">
    <a class="button bgDarkGrey white" href="../form-tranc-carozzi-mascnoc-1k.html">Not available</a>
</div>
</div><div class="left product prod198"
        data-name="Form Tran Carozzi Masc/pist 1k"
        data-price="26.89"
        data-id="89099"
        data-available="no"
        data-category="429"
        data-bestselling="">
    <a href="../form-tran-carozzi-mascpist-1k.html">
        <div style="background-image: url('../../cdn.spesati.com/images/products/missing-image/missing-image.jpg')">
            <div class="hover"></div>
            
            <div class="stickers"></div>
        </div>
    </a>
    <div>
        <h4><a href="../form-tran-carozzi-mascpist-1k.html"><b>Form Tran Carozzi Masc/pist 1k</b></a></h4>
        <p class="description">1 Kg</p>
        <p class="right price"><b>26.89 €</b></p>
        <p class="right unitPrice">24.90 € per kg</p>
    </div>
    <div class="notAvailable">
    <a class="button bgDarkGrey white" href="../form-tran-carozzi-mascpist-1k.html">Not available</a>
</div>
</div><div class="left product prod199"
        data-name="Form Sepi Pecor Supramonte S-v"
        data-price="74.70"
        data-id="24737"
        data-available="no"
        data-category="429"
        data-bestselling="">
    <a href="../form-sepi-pecor-supramonte-s-v.html">
        <div style="background-image: url('../../cdn.spesati.com/images/products/missing-image/missing-image.jpg')">
            <div class="hover"></div>
            
            <div class="stickers"></div>
        </div>
    </a>
    <div>
        <h4><a href="../form-sepi-pecor-supramonte-s-v.html"><b>Form Sepi Pecor Supramonte S-v</b></a></h4>
        <p class="description">medium weight  3.000 Kg</p>
        <p class="right price"><b>74.70 €</b></p>
        <p class="right unitPrice">24.90 € per kg</p>
    </div>
    <div class="notAvailable">
    <a class="button bgDarkGrey white" href="../form-sepi-pecor-supramonte-s-v.html">Not available</a>
</div>
</div><div class="left product prod200"
        data-name="Form Fontal Tedesco 1-4 S-v"
        data-price="40.02"
        data-id="24755"
        data-available="no"
        data-category="429"
        data-bestselling="">
    <a href="../form-fontal-tedesco-1-4-s-v.html">
        <div style="background-image: url('../../cdn.spesati.com/images/products/missing-image/missing-image.jpg')">
            <div class="hover"></div>
            
            <div class="stickers"></div>
        </div>
    </a>
    <div>
        <h4><a href="../form-fontal-tedesco-1-4-s-v.html"><b>Form Fontal Tedesco 1-4 S-v</b></a></h4>
        <p class="description">medium weight  2.879 Kg</p>
        <p class="right price"><b>40.02 €</b></p>
        <p class="right unitPrice">13.90 € per kg</p>
    </div>
    <div class="notAvailable">
    <a class="button bgDarkGrey white" href="../form-fontal-tedesco-1-4-s-v.html">Not available</a>
</div>
</div><div class="left product prod201"
        data-name="Form 3a Fresco Vaccino"
        data-price="16.50"
        data-id="24758"
        data-available="no"
        data-category="429"
        data-bestselling="">
    <a href="../form-3a-fresco-vaccino.html">
        <div style="background-image: url('../../cdn.spesati.com/images/products/missing-image/missing-image.jpg')">
            <div class="hover"></div>
            
            <div class="stickers"></div>
        </div>
    </a>
    <div>
        <h4><a href="../form-3a-fresco-vaccino.html"><b>Form 3a Fresco Vaccino</b></a></h4>
        <p class="description">medium weight 1 Kg</p>
        <p class="right price"><b>16.50 €</b></p>
        <p class="right unitPrice">16.50 € per kg</p>
    </div>
    <div class="notAvailable">
    <a class="button bgDarkGrey white" href="../form-3a-fresco-vaccino.html">Not available</a>
</div>
</div><div class="left product prod202"
        data-name="Form Bayerland Fette Fuso 1kg"
        data-price="11.85"
        data-id="24801"
        data-available="no"
        data-category="429"
        data-bestselling="">
    <a href="../form-bayerland-fette-fuso-1kg.html">
        <div style="background-image: url('../../cdn.spesati.com/images/products/missing-image/missing-image.jpg')">
            <div class="hover"></div>
            
            <div class="stickers"></div>
        </div>
    </a>
    <div>
        <h4><a href="../form-bayerland-fette-fuso-1kg.html"><b>Form Bayerland Fette Fuso 1kg</b></a></h4>
        <p class="description">1 piece</p>
        <p class="right price"><b>11.85 €</b></p>
        <p class="right unitPrice">11.86 € per piece</p>
    </div>
    <div class="notAvailable">
    <a class="button bgDarkGrey white" href="../form-bayerland-fette-fuso-1kg.html">Not available</a>
</div>
</div><div class="left product prod203"
        data-name="Form Gratt Grana Pad 5grx300"
        data-price="35.12"
        data-id="24818"
        data-available="no"
        data-category="429"
        data-bestselling="">
    <a href="../form-gratt-grana-pad-5grx300.html">
        <div style="background-image: url('../../cdn.spesati.com/images/products/missing-image/missing-image.jpg')">
            <div class="hover"></div>
            
            <div class="stickers"></div>
        </div>
    </a>
    <div>
        <h4><a href="../form-gratt-grana-pad-5grx300.html"><b>Form Gratt Grana Pad 5grx300</b></a></h4>
        <p class="description">medium weight 1.500 Kg</p>
        <p class="right price"><b>35.12 €</b></p>
        <p class="right unitPrice">23.41 € per kg</p>
    </div>
    <div class="notAvailable">
    <a class="button bgDarkGrey white" href="../form-gratt-grana-pad-5grx300.html">Not available</a>
</div>
</div><div class="left product prod204"
        data-name="Form Pec Cuore Di Orgosolo 1-2"
        data-price="59.87"
        data-id="24979"
        data-available="no"
        data-category="429"
        data-bestselling="">
    <a href="../form-pec-cuore-di-orgosolo-1-2.html">
        <div style="background-image: url('../../cdn.spesati.com/images/products/missing-image/missing-image.jpg')">
            <div class="hover"></div>
            
            <div class="stickers"></div>
        </div>
    </a>
    <div>
        <h4><a href="../form-pec-cuore-di-orgosolo-1-2.html"><b>Form Pec Cuore Di Orgosolo 1-2</b></a></h4>
        <p class="description">2 Kg</p>
        <p class="right price"><b>59.87 €</b></p>
        <p class="right unitPrice">29.93 € per kg</p>
    </div>
    <div class="notAvailable">
    <a class="button bgDarkGrey white" href="../form-pec-cuore-di-orgosolo-1-2.html">Not available</a>
</div>
</div><div class="left product prod205"
        data-name="Form Pec Cuore Di Monte 1-2"
        data-price="61.06"
        data-id="24980"
        data-available="no"
        data-category="429"
        data-bestselling="">
    <a href="../form-pec-cuore-di-monte-1-2.html">
        <div style="background-image: url('../../cdn.spesati.com/images/products/missing-image/missing-image.jpg')">
            <div class="hover"></div>
            
            <div class="stickers"></div>
        </div>
    </a>
    <div>
        <h4><a href="../form-pec-cuore-di-monte-1-2.html"><b>Form Pec Cuore Di Monte 1-2</b></a></h4>
        <p class="description">2 Kg</p>
        <p class="right price"><b>61.06 €</b></p>
        <p class="right unitPrice">30.52 € per kg</p>
    </div>
    <div class="notAvailable">
    <a class="button bgDarkGrey white" href="../form-pec-cuore-di-monte-1-2.html">Not available</a>
</div>
</div><div class="left product prod206"
        data-name="Mozzar Santa Marta Mix 1kg"
        data-price="9.39"
        data-id="25040"
        data-available="no"
        data-category="429"
        data-bestselling="">
    <a href="../mozzar-santa-marta-mix-1kg.html">
        <div style="background-image: url('../../cdn.spesati.com/images/products/missing-image/missing-image.jpg')">
            <div class="hover"></div>
            
            <div class="stickers"></div>
        </div>
    </a>
    <div>
        <h4><a href="../mozzar-santa-marta-mix-1kg.html"><b>Mozzar Santa Marta Mix 1kg</b></a></h4>
        <p class="description">1 Kg</p>
        <p class="right price"><b>9.39 €</b></p>
        <p class="right unitPrice">9.39 € per kg</p>
    </div>
    <div class="notAvailable">
    <a class="button bgDarkGrey white" href="../mozzar-santa-marta-mix-1kg.html">Not available</a>
</div>
</div><div class="left product prod207"
        data-name="Prepar Alimentare Bonpizza 2kg"
        data-price="15.80"
        data-id="25041"
        data-available="no"
        data-category="429"
        data-bestselling="">
    <a href="../prepar-alimentare-bonpizza-2kg.html">
        <div style="background-image: url('../../cdn.spesati.com/images/products/missing-image/missing-image.jpg')">
            <div class="hover"></div>
            
            <div class="stickers"></div>
        </div>
    </a>
    <div>
        <h4><a href="../prepar-alimentare-bonpizza-2kg.html"><b>Prepar Alimentare Bonpizza 2kg</b></a></h4>
        <p class="description">2 Kg</p>
        <p class="right price"><b>15.80 €</b></p>
        <p class="right unitPrice">7.90 € per kg</p>
    </div>
    <div class="notAvailable">
    <a class="button bgDarkGrey white" href="../prepar-alimentare-bonpizza-2kg.html">Not available</a>
</div>
</div><div class="left product prod208"
        data-name="Form Pecorino Cla Maturo"
        data-price="54.66"
        data-id="25044"
        data-available="no"
        data-category="429"
        data-bestselling="">
    <a href="../form-pecorino-cla-maturo.html">
        <div style="background-image: url('../../cdn.spesati.com/images/products/missing-image/missing-image.jpg')">
            <div class="hover"></div>
            
            <div class="stickers"></div>
        </div>
    </a>
    <div>
        <h4><a href="../form-pecorino-cla-maturo.html"><b>Form Pecorino Cla Maturo</b></a></h4>
        <p class="description">medium weight  2.032 Kg</p>
        <p class="right price"><b>54.66 €</b></p>
        <p class="right unitPrice">26.90 € per kg</p>
    </div>
    <div class="notAvailable">
    <a class="button bgDarkGrey white" href="../form-pecorino-cla-maturo.html">Not available</a>
</div>
</div><div class="left product prod209"
        data-name="Form Casizolu Peretta"
        data-price="190.51"
        data-id="25081"
        data-available="no"
        data-category="429"
        data-bestselling="">
    <a href="../form-casizolu-peretta.html">
        <div style="background-image: url('../../cdn.spesati.com/images/products/missing-image/missing-image.jpg')">
            <div class="hover"></div>
            
            <div class="stickers"></div>
        </div>
    </a>
    <div>
        <h4><a href="../form-casizolu-peretta.html"><b>Form Casizolu Peretta</b></a></h4>
        <p class="description">1 Kg</p>
        <p class="right price"><b>190.51 €</b></p>
        <p class="right unitPrice">18.90 € per kg</p>
    </div>
    <div class="notAvailable">
    <a class="button bgDarkGrey white" href="../form-casizolu-peretta.html">Not available</a>
</div>
</div><div class="left product prod210"
        data-name="Form Peco Pastor Di Fonni 1-8"
        data-price="25.90"
        data-id="25099"
        data-available="no"
        data-category="429"
        data-bestselling="">
    <a href="../form-peco-pastor-di-fonni-1-8.html">
        <div style="background-image: url('../../cdn.spesati.com/images/products/missing-image/missing-image.jpg')">
            <div class="hover"></div>
            
            <div class="stickers"></div>
        </div>
    </a>
    <div>
        <h4><a href="../form-peco-pastor-di-fonni-1-8.html"><b>Form Peco Pastor Di Fonni 1-8</b></a></h4>
        <p class="description">medium weight 1 Kg</p>
        <p class="right price"><b>25.90 €</b></p>
        <p class="right unitPrice">25.90 € per kg</p>
    </div>
    <div class="notAvailable">
    <a class="button bgDarkGrey white" href="../form-peco-pastor-di-fonni-1-8.html">Not available</a>
</div>
</div><div class="left product prod211"
        data-name="Confez Sepi C-tagliere Legno"
        data-price="16.90"
        data-id="24517"
        data-available="no"
        data-category="429"
        data-bestselling="">
    <a href="../confez-sepi-c-tagliere-legno.html">
        <div style="background-image: url('../../cdn.spesati.com/images/products/missing-image/missing-image.jpg')">
            <div class="hover"></div>
            
            <div class="stickers"></div>
        </div>
    </a>
    <div>
        <h4><a href="../confez-sepi-c-tagliere-legno.html"><b>Confez Sepi C-tagliere Legno</b></a></h4>
        <p class="description">1 Kg</p>
        <p class="right price"><b>16.90 €</b></p>
        <p class="right unitPrice">16.90 € per kg</p>
    </div>
    <div class="notAvailable">
    <a class="button bgDarkGrey white" href="../confez-sepi-c-tagliere-legno.html">Not available</a>
</div>
</div><div class="left product prod212"
        data-name="Form Gran Campidano"
        data-price="18.90"
        data-id="25101"
        data-available="no"
        data-category="429"
        data-bestselling="">
    <a href="../form-gran-campidano.html">
        <div style="background-image: url('../../cdn.spesati.com/images/products/missing-image/missing-image.jpg')">
            <div class="hover"></div>
            
            <div class="stickers"></div>
        </div>
    </a>
    <div>
        <h4><a href="../form-gran-campidano.html"><b>Form Gran Campidano</b></a></h4>
        <p class="description">medium weight 1 Kg</p>
        <p class="right price"><b>18.90 €</b></p>
        <p class="right unitPrice">18.90 € per kg</p>
    </div>
    <div class="notAvailable">
    <a class="button bgDarkGrey white" href="../form-gran-campidano.html">Not available</a>
</div>
</div><div class="left product prod213"
        data-name="Form Parmig Reggiano 30m"
        data-price="25.90"
        data-id="25114"
        data-available="no"
        data-category="429"
        data-bestselling="">
    <a href="../form-parmig-reggiano-30m.html">
        <div style="background-image: url('../../cdn.spesati.com/images/products/missing-image/missing-image.jpg')">
            <div class="hover"></div>
            
            <div class="stickers"></div>
        </div>
    </a>
    <div>
        <h4><a href="../form-parmig-reggiano-30m.html"><b>Form Parmig Reggiano 30m</b></a></h4>
        <p class="description">medium weight 1 Kg</p>
        <p class="right price"><b>25.90 €</b></p>
        <p class="right unitPrice">25.90 € per kg</p>
    </div>
    <div class="notAvailable">
    <a class="button bgDarkGrey white" href="../form-parmig-reggiano-30m.html">Not available</a>
</div>
</div><div class="left product prod214"
        data-name="Form C Isola Spalm Cannon 100g"
        data-price="2.99"
        data-id="27571"
        data-available="no"
        data-category="429"
        data-bestselling="">
    <a href="../form-c-isola-spalm-cannon-100g.html">
        <div style="background-image: url('../../cdn.spesati.com/images/products/missing-image/missing-image.jpg')">
            <div class="hover"></div>
            
            <div class="stickers"></div>
        </div>
    </a>
    <div>
        <h4><a href="../form-c-isola-spalm-cannon-100g.html"><b>Form C Isola Spalm Cannon 100g</b></a></h4>
        <p class="description">0.1 Kg</p>
        <p class="right price"><b>2.99 €</b></p>
        <p class="right unitPrice">29.90 € per kg</p>
    </div>
    <div class="notAvailable">
    <a class="button bgDarkGrey white" href="../form-c-isola-spalm-cannon-100g.html">Not available</a>
</div>
</div><div class="left product prod215"
        data-name="Ricotta Pinna Affumic Mustia"
        data-price="81.18"
        data-id="24672"
        data-available="no"
        data-category="429"
        data-bestselling="">
    <a href="../ricotta-pinna-affumic-mustia.html">
        <div style="background-image: url('../../cdn.spesati.com/images/products/missing-image/missing-image.jpg')">
            <div class="hover"></div>
            
            <div class="stickers"></div>
        </div>
    </a>
    <div>
        <h4><a href="../ricotta-pinna-affumic-mustia.html"><b>Ricotta Pinna Affumic Mustia</b></a></h4>
        <p class="description">medium weight  8.2 Kg</p>
        <p class="right price"><b>81.18 €</b></p>
        <p class="right unitPrice">9.90 € per kg</p>
    </div>
    <div class="notAvailable">
    <a class="button bgDarkGrey white" href="../ricotta-pinna-affumic-mustia.html">Not available</a>
</div>
</div><div class="left product prod216"
        data-name="Form Bongrain Camos D'oro Form"
        data-price="97.50"
        data-id="33961"
        data-available="no"
        data-category="429"
        data-bestselling="">
    <a href="../form-bongrain-camos-doro-form.html">
        <div style="background-image: url('../../cdn.spesati.com/images/products/missing-image/missing-image.jpg')">
            <div class="hover"></div>
            
            <div class="stickers"></div>
        </div>
    </a>
    <div>
        <h4><a href="../form-bongrain-camos-doro-form.html"><b>Form Bongrain Camos D'oro Form</b></a></h4>
        <p class="description">medium weight  5.000 Kg</p>
        <p class="right price"><b>97.50 €</b></p>
        <p class="right unitPrice">19.50 € per kg</p>
    </div>
    <div class="notAvailable">
    <a class="button bgDarkGrey white" href="../form-bongrain-camos-doro-form.html">Not available</a>
</div>
</div><div class="left product prod217"
        data-name="Form Bongrain Saint Augur"
        data-price="54.37"
        data-id="33963"
        data-available="no"
        data-category="429"
        data-bestselling="">
    <a href="../form-bongrain-saint-augur.html">
        <div style="background-image: url('../../cdn.spesati.com/images/products/missing-image/missing-image.jpg')">
            <div class="hover"></div>
            
            <div class="stickers"></div>
        </div>
    </a>
    <div>
        <h4><a href="../form-bongrain-saint-augur.html"><b>Form Bongrain Saint Augur</b></a></h4>
        <p class="description">1 Kg</p>
        <p class="right price"><b>54.37 €</b></p>
        <p class="right unitPrice">23.90 € per kg</p>
    </div>
    <div class="notAvailable">
    <a class="button bgDarkGrey white" href="../form-bongrain-saint-augur.html">Not available</a>
</div>
</div><div class="left product prod218"
        data-name="Form Parm Reggiano 1-8 22m Sv"
        data-price="113.37"
        data-id="24681"
        data-available="no"
        data-category="429"
        data-bestselling="">
    <a href="../form-parm-reggiano-1-8-22m-sv.html">
        <div style="background-image: url('../../cdn.spesati.com/images/products/missing-image/missing-image.jpg')">
            <div class="hover"></div>
            
            <div class="stickers"></div>
        </div>
    </a>
    <div>
        <h4><a href="../form-parm-reggiano-1-8-22m-sv.html"><b>Form Parm Reggiano 1-8 22m Sv</b></a></h4>
        <p class="description">medium weight  4.500 Kg</p>
        <p class="right price"><b>113.37 €</b></p>
        <p class="right unitPrice">25.19 € per kg</p>
    </div>
    <div class="notAvailable">
    <a class="button bgDarkGrey white" href="../form-parm-reggiano-1-8-22m-sv.html">Not available</a>
</div>
</div><div class="left product prod219"
        data-name="Ricotta Pinna Pecora S-lattos"
        data-price="16.35"
        data-id="34318"
        data-available="no"
        data-category="429"
        data-bestselling="">
    <a href="../ricotta-pinna-pecora-s-lattos.html">
        <div style="background-image: url('../../cdn.spesati.com/images/products/missing-image/missing-image.jpg')">
            <div class="hover"></div>
            
            <div class="stickers"></div>
        </div>
    </a>
    <div>
        <h4><a href="../ricotta-pinna-pecora-s-lattos.html"><b>Ricotta Pinna Pecora S-lattos</b></a></h4>
        <p class="description">medium weight 1.500 Kg</p>
        <p class="right price"><b>16.35 €</b></p>
        <p class="right unitPrice">10.90 € per kg</p>
    </div>
    <div class="notAvailable">
    <a class="button bgDarkGrey white" href="../ricotta-pinna-pecora-s-lattos.html">Not available</a>
</div>
</div><div class="left product prod220"
        data-name="Form La Ce Sa Provolone Mandar"
        data-price="18.50"
        data-id="24686"
        data-available="no"
        data-category="429"
        data-bestselling="">
    <a href="../form-la-ce-sa-provolone-mandar.html">
        <div style="background-image: url('../../cdn.spesati.com/images/products/missing-image/missing-image.jpg')">
            <div class="hover"></div>
            
            <div class="stickers"></div>
        </div>
    </a>
    <div>
        <h4><a href="../form-la-ce-sa-provolone-mandar.html"><b>Form La Ce Sa Provolone Mandar</b></a></h4>
        <p class="description">medium weight 1 Kg</p>
        <p class="right price"><b>18.50 €</b></p>
        <p class="right unitPrice">18.50 € per kg</p>
    </div>
    <div class="notAvailable">
    <a class="button bgDarkGrey white" href="../form-la-ce-sa-provolone-mandar.html">Not available</a>
</div>
</div><div class="left product prod221"
        data-name="Form Pecorino Peperoncino S-v"
        data-price="52.90"
        data-id="34319"
        data-available="no"
        data-category="429"
        data-bestselling="">
    <a href="../form-pecorino-peperoncino-s-v.html">
        <div style="background-image: url('../../cdn.spesati.com/images/products/missing-image/missing-image.jpg')">
            <div class="hover"></div>
            
            <div class="stickers"></div>
        </div>
    </a>
    <div>
        <h4><a href="../form-pecorino-peperoncino-s-v.html"><b>Form Pecorino Peperoncino S-v</b></a></h4>
        <p class="description">1 Kg</p>
        <p class="right price"><b>52.90 €</b></p>
        <p class="right unitPrice">25.19 € per kg</p>
    </div>
    <div class="notAvailable">
    <a class="button bgDarkGrey white" href="../form-pecorino-peperoncino-s-v.html">Not available</a>
</div>
</div><div class="left product prod222"
        data-name="Form Pecorino Pepato Morb S-v"
        data-price="52.90"
        data-id="34320"
        data-available="no"
        data-category="429"
        data-bestselling="">
    <a href="../form-pecorino-pepato-morb-s-v.html">
        <div style="background-image: url('../../cdn.spesati.com/images/products/missing-image/missing-image.jpg')">
            <div class="hover"></div>
            
            <div class="stickers"></div>
        </div>
    </a>
    <div>
        <h4><a href="../form-pecorino-pepato-morb-s-v.html"><b>Form Pecorino Pepato Morb S-v</b></a></h4>
        <p class="description">1 Kg</p>
        <p class="right price"><b>52.90 €</b></p>
        <p class="right unitPrice">25.19 € per kg</p>
    </div>
    <div class="notAvailable">
    <a class="button bgDarkGrey white" href="../form-pecorino-pepato-morb-s-v.html">Not available</a>
</div>
</div><div class="left product prod223"
        data-name="Burrata Sabelli 3x350gr"
        data-price="43.78"
        data-id="24701"
        data-available="no"
        data-category="429"
        data-bestselling="">
    <a href="../burrata-sabelli-3x350gr.html">
        <div style="background-image: url('../../cdn.spesati.com/images/products/missing-image/missing-image.jpg')">
            <div class="hover"></div>
            
            <div class="stickers"></div>
        </div>
    </a>
    <div>
        <h4><a href="../burrata-sabelli-3x350gr.html"><b>Burrata Sabelli 3x350gr</b></a></h4>
        <p class="description">medium weight  2.200 Kg</p>
        <p class="right price"><b>43.78 €</b></p>
        <p class="right unitPrice">19.91 € per kg</p>
    </div>
    <div class="notAvailable">
    <a class="button bgDarkGrey white" href="../burrata-sabelli-3x350gr.html">Not available</a>
</div>
</div><div class="left product prod224"
        data-name="Form Grana Pad Stag Dop 16m"
        data-price="635.47"
        data-id="34768"
        data-available="no"
        data-category="429"
        data-bestselling="">
    <a href="../form-grana-pad-stag-dop-16m.html">
        <div style="background-image: url('../../cdn.spesati.com/images/products/missing-image/missing-image.jpg')">
            <div class="hover"></div>
            
            <div class="stickers"></div>
        </div>
    </a>
    <div>
        <h4><a href="../form-grana-pad-stag-dop-16m.html"><b>Form Grana Pad Stag Dop 16m</b></a></h4>
        <p class="description">1 Kg</p>
        <p class="right price"><b>635.47 €</b></p>
        <p class="right unitPrice">17.90 € per kg</p>
    </div>
    <div class="notAvailable">
    <a class="button bgDarkGrey white" href="../form-grana-pad-stag-dop-16m.html">Not available</a>
</div>
</div><div class="left product prod225"
        data-name="Form Parmig Reggiano 18-20m"
        data-price="708.45"
        data-id="34771"
        data-available="no"
        data-category="429"
        data-bestselling="">
    <a href="../form-parmig-reggiano-18-20m.html">
        <div style="background-image: url('../../cdn.spesati.com/images/products/missing-image/missing-image.jpg')">
            <div class="hover"></div>
            
            <div class="stickers"></div>
        </div>
    </a>
    <div>
        <h4><a href="../form-parmig-reggiano-18-20m.html"><b>Form Parmig Reggiano 18-20m</b></a></h4>
        <p class="description">1 Kg</p>
        <p class="right price"><b>708.45 €</b></p>
        <p class="right unitPrice">19.91 € per kg</p>
    </div>
    <div class="notAvailable">
    <a class="button bgDarkGrey white" href="../form-parmig-reggiano-18-20m.html">Not available</a>
</div>
</div><div class="left product prod226"
        data-name="Form Pinna Pecor Dop Dolce Sar"
        data-price="20.87"
        data-id="24707"
        data-available="no"
        data-category="429"
        data-bestselling="">
    <a href="../form-pinna-pecor-dop-dolce-sar.html">
        <div style="background-image: url('../../cdn.spesati.com/images/products/missing-image/missing-image.jpg')">
            <div class="hover"></div>
            
            <div class="stickers"></div>
        </div>
    </a>
    <div>
        <h4><a href="../form-pinna-pecor-dop-dolce-sar.html"><b>Form Pinna Pecor Dop Dolce Sar</b></a></h4>
        <p class="description">medium weight 1 Kg</p>
        <p class="right price"><b>20.87 €</b></p>
        <p class="right unitPrice">20.87 € per kg</p>
    </div>
    <div class="notAvailable">
    <a class="button bgDarkGrey white" href="../form-pinna-pecor-dop-dolce-sar.html">Not available</a>
</div>
</div><div class="left product prod227"
        data-name="Form Pecorino Cuore Di Monte"
        data-price="99.60"
        data-id="24710"
        data-available="no"
        data-category="429"
        data-bestselling="">
    <a href="../form-pecorino-cuore-di-monte.html">
        <div style="background-image: url('../../cdn.spesati.com/images/products/missing-image/missing-image.jpg')">
            <div class="hover"></div>
            
            <div class="stickers"></div>
        </div>
    </a>
    <div>
        <h4><a href="../form-pecorino-cuore-di-monte.html"><b>Form Pecorino Cuore Di Monte</b></a></h4>
        <p class="description">medium weight  4.000 Kg</p>
        <p class="right price"><b>99.60 €</b></p>
        <p class="right unitPrice">24.90 € per kg</p>
    </div>
    <div class="notAvailable">
    <a class="button bgDarkGrey white" href="../form-pecorino-cuore-di-monte.html">Not available</a>
</div>
</div><div class="left product prod228"
        data-name="Form Pecorino Cuore Di Orgosol"
        data-price="102.09"
        data-id="24712"
        data-available="no"
        data-category="429"
        data-bestselling="">
    <a href="../form-pecorino-cuore-di-orgosol.html">
        <div style="background-image: url('../../cdn.spesati.com/images/products/missing-image/missing-image.jpg')">
            <div class="hover"></div>
            
            <div class="stickers"></div>
        </div>
    </a>
    <div>
        <h4><a href="../form-pecorino-cuore-di-orgosol.html"><b>Form Pecorino Cuore Di Orgosol</b></a></h4>
        <p class="description">medium weight  4.100 Kg</p>
        <p class="right price"><b>102.09 €</b></p>
        <p class="right unitPrice">24.90 € per kg</p>
    </div>
    <div class="notAvailable">
    <a class="button bgDarkGrey white" href="../form-pecorino-cuore-di-orgosol.html">Not available</a>
</div>
</div><div class="left product prod229"
        data-name="Form Pecorino Pastore Di Fonni"
        data-price="215.44"
        data-id="24719"
        data-available="no"
        data-category="429"
        data-bestselling="">
    <a href="../form-pecorino-pastore-di-fonni.html">
        <div style="background-image: url('../../cdn.spesati.com/images/products/missing-image/missing-image.jpg')">
            <div class="hover"></div>
            
            <div class="stickers"></div>
        </div>
    </a>
    <div>
        <h4><a href="../form-pecorino-pastore-di-fonni.html"><b>Form Pecorino Pastore Di Fonni</b></a></h4>
        <p class="description">medium weight  8 Kg</p>
        <p class="right price"><b>215.44 €</b></p>
        <p class="right unitPrice">26.93 € per kg</p>
    </div>
    <div class="notAvailable">
    <a class="button bgDarkGrey white" href="../form-pecorino-pastore-di-fonni.html">Not available</a>
</div>
</div><div class="left product prod230"
        data-name="Form Pecor S Pasqual Granglona"
        data-price="366.40"
        data-id="24720"
        data-available="no"
        data-category="429"
        data-bestselling="">
    <a href="../form-pecor-s-pasqual-granglona.html">
        <div style="background-image: url('../../cdn.spesati.com/images/products/missing-image/missing-image.jpg')">
            <div class="hover"></div>
            
            <div class="stickers"></div>
        </div>
    </a>
    <div>
        <h4><a href="../form-pecor-s-pasqual-granglona.html"><b>Form Pecor S Pasqual Granglona</b></a></h4>
        <p class="description">1 Kg</p>
        <p class="right price"><b>366.40 €</b></p>
        <p class="right unitPrice">22.90 € per kg</p>
    </div>
    <div class="notAvailable">
    <a class="button bgDarkGrey white" href="../form-pecor-s-pasqual-granglona.html">Not available</a>
</div>
</div><div class="left product prod231"
        data-name="Form Fogu Pecorino Badeconca"
        data-price="49.58"
        data-id="24721"
        data-available="no"
        data-category="429"
        data-bestselling="">
    <a href="../form-fogu-pecorino-badeconca.html">
        <div style="background-image: url('../../cdn.spesati.com/images/products/missing-image/missing-image.jpg')">
            <div class="hover"></div>
            
            <div class="stickers"></div>
        </div>
    </a>
    <div>
        <h4><a href="../form-fogu-pecorino-badeconca.html"><b>Form Fogu Pecorino Badeconca</b></a></h4>
        <p class="description">medium weight  2.930 Kg</p>
        <p class="right price"><b>49.58 €</b></p>
        <p class="right unitPrice">16.90 € per kg</p>
    </div>
    <div class="notAvailable">
    <a class="button bgDarkGrey white" href="../form-fogu-pecorino-badeconca.html">Not available</a>
</div>
</div><div class="left product prod232"
        data-name="Form Fogu Peretta S'ampulla"
        data-price="97.95"
        data-id="24722"
        data-available="no"
        data-category="429"
        data-bestselling="">
    <a href="../form-fogu-peretta-sampulla.html">
        <div style="background-image: url('../../cdn.spesati.com/images/products/missing-image/missing-image.jpg')">
            <div class="hover"></div>
            
            <div class="stickers"></div>
        </div>
    </a>
    <div>
        <h4><a href="../form-fogu-peretta-sampulla.html"><b>Form Fogu Peretta S'ampulla</b></a></h4>
        <p class="description">medium weight  5.800 Kg</p>
        <p class="right price"><b>97.95 €</b></p>
        <p class="right unitPrice">16.90 € per kg</p>
    </div>
    <div class="notAvailable">
    <a class="button bgDarkGrey white" href="../form-fogu-peretta-sampulla.html">Not available</a>
</div>
</div><div class="left product prod233"
        data-name="Ricotta Mustia Fogu Sa Pedra"
        data-price="22.59"
        data-id="24730"
        data-available="no"
        data-category="429"
        data-bestselling="">
    <a href="../ricotta-mustia-fogu-sa-pedra.html">
        <div style="background-image: url('../../cdn.spesati.com/images/products/missing-image/missing-image.jpg')">
            <div class="hover"></div>
            
            <div class="stickers"></div>
        </div>
    </a>
    <div>
        <h4><a href="../ricotta-mustia-fogu-sa-pedra.html"><b>Ricotta Mustia Fogu Sa Pedra</b></a></h4>
        <p class="description">medium weight  2.072 Kg</p>
        <p class="right price"><b>22.59 €</b></p>
        <p class="right unitPrice">10.90 € per kg</p>
    </div>
    <div class="notAvailable">
    <a class="button bgDarkGrey white" href="../ricotta-mustia-fogu-sa-pedra.html">Not available</a>
</div>
</div>        </div>
    </div>
</section>
<div class="footer">
    <div class="bgDarkGrey"></div>
    <footer>
        <div class="left bgDarkGrey">
            <a id="logoFooter" href="../index.html" class="estDynamic">
                <img src="../../cdn.spesati.com/images/layout/logo-eng.png" alt="Spesati.com" />
                <h2 class="red">Grocery Delivery</h2>
            </a>
            <a class="button bgRed white mobile" href="tel:390707968318">Phone order</a>
            <a class="button bgRed white desktop" href="../news/2020-04-07/news-on-spesati-the-telephone-order-service-is-active.html">Phone order</a>
            <a class="button bgRed white" href="../cdn-cgi/l/email-protection.html#b8d1d6ded7f8cbc8ddcbd9ccd196dbd7d5">Send mail</a>
            <div id="social">
                <a class="left" href="https://www.facebook.com/spesati/" rel="external" target="_blank">
                    <span class="facebook bgRed fa-stack fa-lg">
                        <i class="fa fa-facebook fa-stack-1x "></i>
                    </span>
                </a>
                <a class="right" href="https://twitter.com/spesati" rel="external" target="_blank">
                    <span class="twitter bgRed fa-stack fa-lg">
                        <i class="fa fa-twitter fa-stack-1x "></i>
                    </span>
                </a>
            </div>
            <p>Copyright 2024 Spesati.com </p>
            
                    <p>All rights reserved</p>
                    <p>SPESATI SRL</p>
                    <p>Corso Vittorio Veneto 15/I, 07026, Olbia</p>
                    <p>CF e P.Iva: 02772380909</p>
                        </div>
        <div class="center bgRed">
            <div class="top">
                <h3>Categories</h3>
                <div class="col">
                    <ul>
                        <li>
                            <a href="#" class="estDynamic">On sale</a>
                        </li>
                        <li>
                            <a href="../fruit-and-vegetables.html" class="estDynamic">Fruit and vegetables</a>
                        </li>
                        <li>
                            <a href="../fresh-products.html" class="estDynamic">Fresh products</a>
                        </li>
                        <li>
                            <a href="../frozen-foods.html" class="estDynamic">Frozen foods</a>
                        </li>
                        <li>
                            <a href="../bread-and-pasta.html" class="estDynamic">Bread and pasta</a>
                        </li>
                        <li>
                            <a href="../meat.html" class="estDynamic">Meat</a>
                        </li>
                        <li>
                            <a href="../fish.html" class="estDynamic">Fish</a>
                        </li>
                    </ul>
                </div>
                <div class="col">
                    <ul>
                        <li>
                            <a href="../wine-beer-and-spirits.html" class="estDynamic">Wine beer and spirits</a>
                        </li>
                        <li>
                            <a href="../water-and-drinks.html" class="estDynamic">Water and drinks</a>
                        </li>
                        <li>
                            <a href="../sweets.html" class="estDynamic">Sweets</a>
                        </li>
                        <li>
                            <a href="../shelf.html" class="estDynamic">Cupboard</a>
                        </li>
                        <li>
                            <a href="../personal-care.html" class="estDynamic">Personal care</a>
                        </li>
                        <li>
                            <a href="../household-and-outdoors.html" class="estDynamic">Home and outdoors</a>
                        </li>
                        <li>
                            <a href="../pet.html" class="estDynamic">Pets</a>
                        </li>
                    </ul>
                </div>
                <div class="col">
                    <ul>
                        <li>
                            <a href="../technology.html" class="estDynamic">Technology</a>
                        </li>
                        <li>
                            <a href="../gluten-free.html" class="estDynamic">Gluten free</a>
                        </li>
                        <li>
                            <a href="../lactose-free.html" class="estDynamic">Lactose free</a>
                        </li>
                        <li>
                            <a href="../special.html" class="estDynamic">Special</a>
                        </li>
                        <li>
                            <a href="../sardinian-products.html" class="estDynamic">Sardinian products</a>
                        </li>
                    </ul>
                </div>
            </div>
            <div class="bottom bgRed">
                <div class="left">
                    <h3>Delivery payment</h3>
                    <div>
                        <i class="fa fa-money fa-3x" aria-hidden="true"></i>
                        <p>Cash</p>
                    </div>
                    <div>
                        <i class="fa fa-credit-card fa-3x" aria-hidden="true"></i>
                        <p>Bancomat or card</p>
                    </div>
                </div>
                <div class="right">
                    <h3>Online payment</h3>
                    <div>
                        <i class="fa fa-credit-card fa-3x" aria-hidden="true"></i>
                        <p>Credit or debit card <span class="red">online</span></p>
                    </div>
                    <div>
                        <i class="fa fa-paypal fa-3x" aria-hidden="true"></i>
                        <p>PayPal</p>
                    </div>
                    <div>
                        <i class="fa fa-university fa-3x" aria-hidden="true"></i>
                        <p>Bank transfer</p>
                    </div>
                </div>
            </div>
        </div>
        <div class="right bgRed">
            <div>
                <i class="fa fa-truck fa-flip-horizontal"></i>
                <a class="button bgYellow white" href="../delivery-prices.html">Delivery prices</a>
                
                    <h3>Home delivery:</h3>
                    <p><b>Monday to Saturday</b></p>
                    <p><b>9:00 to 20:00</b></p>
                    <p><b>Minimum order:</b> 29€</p>
                    <p><b>Delivery starting from:</b> 3,50€</p>
                            </div>
            <ul>
                <li>
                    <a href="../delivery-prices.html">Delivery prices</a>
                </li>
                <li>
                    <a href="../about.html">About</a>
                </li>
                <li>
                    <a href="../faq.html">Faq</a>
                </li>
                <li>
                    <a href="../customer-care.html">Support</a>
                </li>
                <li>
                    <a href="../news.html">Blog</a>
                </li>
                <li>
                    <a href="../terms-and-conditions.html">Conditions</a>
                </li>
                <li>
                    <a href="../privacy-policy.html">Privacy policy</a>
                </li>
                <li>
                    <a href="../legal-warranty.html">Legal guarantee</a>
                </li>
            </ul>
        </div>
    </footer>
    <div class="bgRed"></div>
</div>
<!--Start of Tawk.to Script-->
<script data-cfasync="false" src="../cdn-cgi/scripts/5c5dd728/cloudflare-static/email-decode.min.js"></script><script type="text/javascript">
var Tawk_API=Tawk_API||{}, Tawk_LoadStart=new Date();
(function(){
var s1=document.createElement("script"),s0=document.getElementsByTagName("script")[0];
s1.async=true;
s1.src='https://embed.tawk.to/59e86945c28eca75e4626ed9/default';
s1.charset='UTF-8';
s1.setAttribute('crossorigin','*');
s0.parentNode.insertBefore(s1,s0);
})();
</script>
<!--End of Tawk.to Script-->

<!-- Here are parked a few translatable strings, useful for Javascript rendering -->
<div id="js-texts" hidden>
    <input type="hidden" name="save_cart_notice" value="Saving your cart it will be possible to reload it next time you come for shopping">
    <input type="hidden" name="save_cart_notice_title" value="Want to save your cart?">
    <input type="hidden" name="save_cart_ok" value="Save">
    <input type="hidden" name="save_cart_ko" value="Don't Save">
    <input type="hidden" name="reload_cart" value="The Reload Order function allows you to top up your last cart to make a New Order. Warning: do not use this function to add products to the last order. At this time it is not possible to modify an order placed previously.">
</div>

<!-- new site and login popup -->
</body>
<!-- Mirrored from www.spesati.com/fresh-products/ricotta-and-cheese by HTTrack Website Copier/3.x [XR&CO'2014], Fri, 23 Feb 2024 17:36:18 GMT -->
</html>