<!DOCTYPE html><html lang="en">
<!-- Mirrored from www.spesati.com/fresh-products/yogurt by HTTrack Website Copier/3.x [XR&CO'2014], Fri, 23 Feb 2024 17:39:23 GMT -->
<!-- Added by HTTrack --><meta http-equiv="content-type" content="text/html;charset=utf-8" /><!-- /Added by HTTrack -->
<head>
    <title>Yogurt - Fresh products - Spesati.com</title>
    <meta http-equiv="Content-Type" content="text/html; charset=UTF-8" />
    <meta name="description" content="" />
    <meta name="keywords" content="" />
    <link href="../images/favicon.ico" rel="shortcut icon" type="image/x-icon" />
    <meta name="author" content="www.dodify.com" /><link rel="canonical" href="yogurt.html" /><link rel="alternate" hreflang="en" href="yogurt.html" /><link rel="alternate" hreflang="it" href="https://www.spesati.it/prodotti-freschi/yogurt" /><link href="../../cdnjs.cloudflare.com/ajax/libs/meyer-reset/2.0/reset.min.css" rel="stylesheet" type="text/css" /><link href="../../cdnjs.cloudflare.com/ajax/libs/font-awesome/6.5.1/css/all.min.css" rel="stylesheet" type="text/css" /><link href="https://fonts.googleapis.com/css?family=Montserrat:400,700" rel="stylesheet" type="text/css" /><link href="../../cdnjs.cloudflare.com/ajax/libs/fancybox/2.1.5/jquery.fancybox.min.css" rel="stylesheet" type="text/css" /><link href="../style/mainbea6.css?v=7" rel="stylesheet" type="text/css" /><link href="../style/lightslider.css" rel="stylesheet" type="text/css" /><link href="../style/categories.css" rel="stylesheet" type="text/css" /><script src="../../cdnjs.cloudflare.com/ajax/libs/jquery/3.6.1/jquery.min.js" type="text/javascript"></script><script src="../../ajax.googleapis.com/ajax/libs/jquery/1.11.0/jquery.min.js" type="text/javascript"></script><script src="http://unpkg.com/@floating-ui/core@0.4.0" type="text/javascript"></script><script src="http://unpkg.com/@floating-ui/dom@0.2.0" type="text/javascript"></script><script src="../../cdnjs.cloudflare.com/ajax/libs/fancybox/2.1.5/jquery.fancybox.min.js" type="text/javascript"></script><script src="../js/menu.js" type="text/javascript"></script><script src="../js/interfaceb6f5.js?v=10" type="text/javascript"></script><script src="../js/spesati.lightslider.min.js" type="text/javascript"></script><meta name="viewport" content="width=device-width, initial-scale=1, maximum-scale=1" /><meta name = "format-detection" content = "telephone=no">
<!-- Facebook Pixel Code -->
<script>
  !function(f,b,e,v,n,t,s)
  {if(f.fbq)return;n=f.fbq=function(){n.callMethod?
  n.callMethod.apply(n,arguments):n.queue.push(arguments)};
  if(!f._fbq)f._fbq=n;n.push=n;n.loaded=!0;n.version='2.0';
  n.queue=[];t=b.createElement(e);t.async=!0;
  t.src=v;s=b.getElementsByTagName(e)[0];
  s.parentNode.insertBefore(t,s)}(window, document,'script',
  '../../connect.facebook.net/en_US/fbevents.js');
  fbq('init', '792335014180667');
  fbq('track', 'PageView');
</script>
<noscript>
    <img height="1" width="1" style="display:none" src="https://www.facebook.com/tr?id=792335014180667&amp;ev=PageView&amp;noscript=1" />
</noscript>
<!-- End Facebook Pixel Code -->

<!-- GA4 -->
<script async src="https://www.googletagmanager.com/gtag/js?id=G-SSS6NRNXL0"></script>
<script>
  window.dataLayer = window.dataLayer || [];
  function gtag(){dataLayer.push(arguments);}
  gtag('js', new Date());
  gtag('config', 'AW-976671669');
  gtag('config', 'G-SSS6NRNXL0');
</script>
<!-- Elements for PWA deploy -->
<link rel="manifest" href="../manifest.json">
<meta name="theme-color" media="(prefers-color-scheme: light)" content="white">
<meta name="theme-color" media="(prefers-color-scheme: dark)"  content="black">
<link href=../images/icon-192.png rel=apple-touch-icon sizes="192x192">
<!-- Establishment logic -->
<script>var pageEstablishment = "Olbia"; var estDefaultPages = true</script>
    <!--[if lt IE 9]>
        <script src="https://cdnjs.cloudflare.com/ajax/libs/html5shiv/3.7.3/html5shiv.min.js" type="text/javascript"></script>
    <![endif]--><script type="text/javascript">
$(document).ready(function() {
    // Check if exists cookie
    if(document.cookie.indexOf("cookieAccepted") < 0) {
        var cookieText = '<div id=\"cookie\"><p>This site uses cookies. Cookies are used for ads personalisation. <a href=\"/privacy-policy\">More info</a></p><button id=\"cookieConsent\" type=\"button\">Accept</button></div>';
        $("body").append($(
            cookieText
        ));
        $('#cookie').css({
            'width'           : '100%',
            'text-align'      : 'center',
            'color'           : '#FFFFFF',
            'background-color': '#000000', 
            'opacity'         : '.8', 
            'position'        : 'fixed', 
            'bottom'          : '0',
            'padding'         : '.5em 0',
            'z-index'         : '999'
        });
        $('#cookie > *').css({
            'display': 'inline'
        });
        $('#cookie a').css({
            'color'          : '#FFFFFF',
            'text-decoration': 'underline',
            'margin-right'   : '2%'
        });
        $('#cookieConsent').click(function() {
            // Set cookie
            var expiry = new Date();
            expiry.setTime(expiry.getTime() + (365 * 24 * 60 * 60 * 1000));
            document.cookie = "cookieAccepted=yes; expires=" + expiry.toGMTString() + "; path=/; domain=.spesati.com";
            $('#cookie').css({'display': 'none'});
        });
    }
});
</script></head><body><script type="text/javascript">
    var addText = "Add";
    var slider  = null;
    $(document).ready(function() {
        slider = $('#cartSlider').lightSlider({
            controls: false,
            item:13,
            loop:false,
            slideMove:1,
            easing: 'cubic-bezier(0.25, 0, 0.25, 1)',
            speed:600,
            responsive : [
                {
                    breakpoint:1400,
                    settings: {
                        item:12,
                        slideMove:1,
                    }
                },
                {
                    breakpoint:1200,
                    settings: {
                        item:11,
                        slideMove:1,
                    }
                },
                {
                    breakpoint:1080,
                    settings: {
                        item:14,
                        slideMove:1,
                    }
                },
                {
                    breakpoint:800,
                    settings: {
                        item:12,
                        slideMove:1,
                    }
                }
            ]
        });
        $('.lSPager').css("display","none");
        $('.lSAction').css("display","block");
        $('#goToPrevSlide').on('click', function () {
            slider.goToPrevSlide();
        });
        $('#goToNextSlide').on('click', function () {
            slider.goToNextSlide();
        });
    });

</script>
<div id="header" class="bgYellow">
    <header>
        <a class="menu" href="#"><i class="fa red fa-bars fa-2x"></i></a>
        <a id="logo" class="colLeft estDynamic" href="../index.html">
            <img src="../../cdn.spesati.com/images/layout/logo-eng.png" alt="Spesati.com" />
            <h2 class="red">Grocery Delivery</h2>
        </a>
        <div class="colRight">
            <div id="controls" class="right">
                <p id="establishmentControls">
                    <span class="establishmentWarning"><i class="fa-solid fa-triangle-exclamation red" title="Stai visualizzando i prodotti disponibili in una zona diversa. Se vuoi cambiare zona, cliccan qui"></i>&nbsp;&nbsp;</span>
                    Shopping from <b><a id="establishment" href="#"></a></b> <span id="estAddress">for </span> <a href="../change-establishment.html">(<i class="fa-solid fa-pencil"></i> Change)</a> <span class="establishmentWarning">but viewing <b>Olbia</b></span>
                </p>
                <p><a href="https://www.spesati.it/prodotti-freschi/yogurt" class="black switch-site">Versione italiana</a></p>                
            </div>
            <div>
                <form id="search" action="https://www.spesati.com/search" method="post" class="left">
                    <fieldset>
                        <div>
                            <input type="text" name="searchBox" id="searchBox" placeholder="Search for a product"></input>
                            <input id="searchButton" type="submit" name="searchButton" class="button bgRed white left" value="Find" />
                        </div>
                    </fieldset>
                </form>
                <div class="center left">
                    <a class="button bgRed white log-in" href="../login.html">Login</a>
                    <a class="button bgRed white sign-up" href="../sign-up.html">Sign up</a>
                    <a class="button bgRed white profile" href="../profile.html">Profile</a>
                    <a class="button bgRed white log-out" href="../index.html" data-endpoint-check-cart="https://api.spesati.com/cart/check">Logout</a>
                </div>
                <div class="right user-function-icons">
                    <a class="red left account"><i class="fa fa-user fa-3x"></i></a>
                    <div id="dropdown">
                        <a class="log-in button bgRed white" href="../login.html">Login</a>
                        <a class="sign-up button bgRed white" href="../sign-up.html">Sign up</a>
                        <a class="profile button bgRed white" href="../profile.html">Profile</a>
                        <a class="log-out button bgRed white" href="../index.html">Logout</a>
                    </div>

                    <div class="cart left">
                        <i class="fa fa-sm fa-shopping-cart red" aria-hidden="true" id="shipping-cart-button"></i>
                        <p id="cartQuantity"></p>
                    </div>

                    <a class="right" href="../cart.html"><p class="black" id="cartTotal"></p></a>
                </div>
            </div>
                            <div id="previewCart">
                    <i id="goToPrevSlide" class="yellow fa fa-angle-left fa-2x" aria-hidden="true"></i>
                    <div><ul id="cartSlider"></ul></div>
                    <i id="goToNextSlide" class="yellow fa fa-angle-right fa-2x" aria-hidden="true"></i>
                </div>
                    </div>
    </header>

    <div id="shipping-cart-options" data-inited="false">
        <a href="../cart.html" class="goto-cart">checkout</a>
        <a href="#" data-endpoint-auth="https://api.spesati.com/cart/save" data-endpoint-noauth="/login" class="save-cart">save</a>
        <a href="#" data-endpoint-auth="https://api.spesati.com/cart/load" class="load-cart">load</a>
    </div>
</div>
<div id="menuCategoriesMobile" class="mobile bgRed">
    <div class="closeMenu">
        <i class="fa fa-times fa-2x white"></i>
        Close
    </div>
    <ul class="bgRed white">
        <div id="langMobile" class="right">
        <a href="https://www.spesati.it/prodotti-freschi/yogurt" class="white switch-site"><p>Versione italiana</p></a>    </div>
        <li><a>Categories</a>
            <ul class="bgWhite">
                <li>
                    <img src="../../cdn.spesati.com/images/menu/on-sale.png"/>
                    On sale                    <i class="fa fa-angle-down" aria-hidden="true"></i>
                    <ul class="sub-menu">
                    <li>
    <a href="../tacchino-fesa-a-fette.html">Tacchino Fesa A Fette</a>
</li><li>
    <a href="../amaro-montenegro-15lt.html">Amaro Montenegro 1,5lt</a>
</li><li>
    <a href="../carbone-di-legna-sacco-10kg.html">Carbone Di Legna Sacco 10Kg</a>
</li><li>
    <a href="../filu-e-ferru-silvio-carta-70cl.html">Filu E Ferru Silvio Carta 70Cl</a>
</li><li>
    <a href="../braciole-suino-con-cotenna.html">Braciole Suino Con Cotenna</a>
</li><li>
    <a href="../bovino-adulto-polpa.html">Bovino Adulto Polpa</a>
</li><li>
    <a href="../vino-la-palma-cannonau-le-bombarde.html">Vino La Palma Cannonau Le Bombarde</a>
</li><li>
    <a href="../fettine-sceltissime-bovino-adulto.html">Fettine Sceltissime Bovino Adulto</a>
</li><li>
    <a href="../suino-fettine-scelte.html">Suino Fettine Scelte</a>
</li><li>
    <a href="../lavazza-caffe-qualita-rossa-2x250gr.html">Lavazza Caffé Qualità Rossa 2x250gr</a>
</li>                        <li>
                            <a class="estDynamic" href="../on-offer.html">All products on sale</a>
                        </li>
                    </ul>
                </li>
                <li>
                    <img src="../../cdn.spesati.com/images/menu/gift.png"/>
                    Gifts                    <i class="fa fa-angle-down" aria-hidden="true"></i>
                    <ul class="sub-menu">
                        <li>
    <a href="../gift-card-da-150.html">Gift Card Da 150</a>
</li><li>
    <a href="../gift-card-da-100.html">Gift Card Da 100</a>
</li><li>
    <a href="../gift-card-da-50.html">Gift Card Da 50</a>
</li><li>
    <a href="../gift-card-da-25.html">Gift Card Da 25</a>
</li>                        <li>
                            <a class="estDynamic" href="../gift.html">All products in the gifts category</a>
                        </li>
                    </ul>
                </li>
                <li>
                    <img src="../../cdn.spesati.com/images/menu/gift-card.png"/>
                    Gift card and discounts                    <i class="fa fa-angle-down" aria-hidden="true"></i>
                    <ul class="sub-menu">
                        <li>
    <a href="../gift-card-da-150.html">Gift Card Da 150</a>
</li><li>
    <a href="../gift-card-da-100.html">Gift Card Da 100</a>
</li><li>
    <a href="../gift-card-da-50.html">Gift Card Da 50</a>
</li><li>
    <a href="../gift-card-da-25.html">Gift Card Da 25</a>
</li>                    </ul>
                </li>
                <li>
                    <img src="../../cdn.spesati.com/images/menu/fuit-and-vegetables.png"/>
                    Fruit and vegetables                    <i class="fa fa-angle-down" aria-hidden="true"></i>
                    <ul class="sub-menu">
                        <li>
                            <a class="estDynamic" href="../fruit-and-vegetables/pulses-and-beans.html">Cereals and pulses and beans</a>
                        </li>
                        <li>
                            <a class="estDynamic" href="../fruit-and-vegetables/fruit.html">Fruit</a>
                        </li>
                        <li>
                            <a class="estDynamic" href="../fruit-and-vegetables/canned-fruit.html">Canned fruit</a>
                        </li>
                        <li>
                            <a class="estDynamic" href="../fruit-and-vegetables/dried-fruit.html">Dried fruit</a>
                        </li>
                        <li>
                            <a class="estDynamic" href="../fruit-and-vegetables/ready-salads.html">Ready salads</a>
                        </li>
                        <li>
                            <a class="estDynamic" href="../fruit-and-vegetables/fresh-spices.html">Fresh spices</a>
                        </li>
                        <li>
                            <a class="estDynamic" href="../fruit-and-vegetables/vegetables.html">Vegetables and soy</a>
                        </li>
                    </ul>
                </li>
                <li>
                    <img src="../../cdn.spesati.com/images/menu/fresh-products.png"/>
                    Fresh products                    <i class="fa fa-angle-down" aria-hidden="true"></i>
                    <ul class="sub-menu">
                        <li>
                            <a class="estDynamic" href="margarine-and-butter.html">Butter and margarine</a>
                        </li>
                        <li>
                            <a class="estDynamic" href="danone.html">Danone</a>
                        </li>
                        <li>
                            <a class="estDynamic" href="dessert.html">Dessert</a>
                        </li>
                        <li>
                            <a class="estDynamic" href="sweets.html">Sweets</a>
                        </li>
                        <li>
                            <a class="estDynamic" href="dairy-products.html">Dairy product</a>
                        </li>
                        <li>
                            <a class="estDynamic" href="bakery.html">Yeast</a>
                        </li>
                        <li>
                            <a class="estDynamic" href="mascarpone.html">Mascarpone</a>
                        </li>
                        <li>
                            <a class="estDynamic" href="snacks.html">Snacks</a>
                        </li>
                        <li>
                            <a class="estDynamic" href="mozzarella.html">Mozzarella</a>
                        </li>
                        <li>
                            <a class="estDynamic" href="pasta.html">Pasta</a>
                        </li>
                        <li>
                            <a class="estDynamic" href="pesto-and-sauces.html">Pesto and sauces</a>
                        </li>
                        <li>
                            <a class="estDynamic" href="ricotta-and-cheese.html">Ricotta and cheese</a>
                        </li>
                        <li>
                            <a class="estDynamic" href="cured-meat.html">Cured meat</a>
                        </li>
                        <li>
                            <a class="estDynamic" href="wurstel.html">Würstel</a>
                        </li>
                        <li>
                            <a class="estDynamic" href="yogurt.html">Yogurt</a>
                        </li>
                    </ul>
                </li>
                <li>
                    <img src="../../cdn.spesati.com/images/menu/frozen-foods.png"/>
                    Frozen foods                    <i class="fa fa-angle-down" aria-hidden="true"></i>
                    <ul class="sub-menu">
                        <li>
                            <a class="estDynamic" href="../frozen-foods/meat.html">Meat</a>
                        </li>
                        <li>
                            <a class="estDynamic" href="../frozen-foods/ice-creams.html">Ice cream and sweet</a>
                        </li>
                        <li>
                            <a class="estDynamic" href="../frozen-foods/pasta.html">Pasta</a>
                        </li>
                        <li>
                            <a class="estDynamic" href="../frozen-foods/fish.html">Fish</a>
                        </li>
                        <li>
                            <a class="estDynamic" href="../frozen-foods/ready-meals.html">Ready meals</a>
                        </li>
                        <li>
                            <a class="estDynamic" href="../frozen-foods/pizzas.html">Pizzas</a>
                        </li>
                        <li>
                            <a class="estDynamic" href="../frozen-foods/vegetables.html">Vegetables and soy</a>
                        </li>
                    </ul>
                </li>
                <li>
                    <img src="../../cdn.spesati.com/images/menu/bread-and-pasta.png"/>
                    Bread and pasta                    <i class="fa fa-angle-down" aria-hidden="true"></i>
                    <ul class="sub-menu">
                        <li>
                            <a class="estDynamic" href="../bread-and-pasta/crackers.html">Crackers</a>
                        </li>
                        <li>
                            <a class="estDynamic" href="../bread-and-pasta/rusks.html">Rusks</a>
                        </li>
                        <li>
                            <a class="estDynamic" href="../bread-and-pasta/white-bread.html">White bread</a>
                        </li>
                        <li>
                            <a class="estDynamic" href="../bread-and-pasta/local-bread.html">Local bread</a>
                        </li>
                        <li>
                            <a class="estDynamic" href="../bread-and-pasta/soft-bread.html">Soft bread</a>
                        </li>
                        <li>
                            <a class="estDynamic" href="../bread-and-pasta/sardinian-bread.html">Sardinian bread</a>
                        </li>
                        <li>
                            <a class="estDynamic" href="../bread-and-pasta/bakery.html">Bakery</a>
                        </li>
                        <li>
                            <a class="estDynamic" href="../bread-and-pasta/pasta.html">Pasta</a>
                        </li>
                        <li>
                            <a class="estDynamic" href="../bread-and-pasta/fresh-pasta.html">Fresh pasta</a>
                        </li>
                    </ul>
                </li>
                <li>
                    <img src="../../cdn.spesati.com/images/menu/meat.png"/>
                    Meat                    <i class="fa fa-angle-down" aria-hidden="true"></i>
                    <ul class="sub-menu">
                        <li>
                            <a class="estDynamic" href="../meat/beef.html">Beef</a>
                        </li>
                        <li>
                            <a class="estDynamic" href="../meat/goat.html">Goat</a>
                        </li>
                        <li>
                            <a class="estDynamic" href="../meat/packaged-meat.html">Packaged meat</a>
                        </li>
                        <li>
                            <a class="estDynamic" href="../meat/rabbit.html">Rabbit</a>
                        </li>
                        <li>
                            <a class="estDynamic" href="../meat/horse.html">Horse</a>
                        </li>
                        <li>
                            <a class="estDynamic" href="../meat/pork.html">Pork</a>
                        </li>
                        <li>
                            <a class="estDynamic" href="../meat/lamb.html">Lamb</a>
                        </li>
                        <li>
                            <a class="estDynamic" href="../meat/poultry.html">Poultry</a>
                        </li>
                    </ul>
                </li>
                <li>
                    <img src="../../cdn.spesati.com/images/menu/fish.png"/>
                    Fish                    <i class="fa fa-angle-down" aria-hidden="true"></i>
                    <ul class="sub-menu">
                        <li>
                            <a class="estDynamic" href="../fish/fresh-water.html">Fresh water</a>
                        </li>
                        <li>
                            <a class="estDynamic" href="../fish/salt-water.html">Salt water</a>
                        </li>
                        <li>
                            <a class="estDynamic" href="../fish/mussels.html">Mussels</a>
                        </li>
                        <li>
                            <a class="estDynamic" href="../fish/dried-and-salted.html">Dried and salted</a>
                        </li>
                        <li>
                            <a class="estDynamic" href="../fish/seafood-salad.html">Seafood salad</a>
                        </li>
                        <li>
                            <a class="estDynamic" href="../fish/prepared.html">Prepared</a>
                        </li>
                        <li>
                            <a class="estDynamic" href="../fish/specialty.html">Specialty</a>
                        </li>   
                        <li>
                            <a class="estDynamic" href="../fish/tuna-and-salmon.html">Tuna and salmon</a>
                        </li>
                    </ul>
                </li>
                <li>
                    <img src="../../cdn.spesati.com/images/menu/alcohol.png"/>
                    Wine beer and spirits                    <i class="fa fa-angle-down" aria-hidden="true"></i>
                    <ul class="sub-menu">
                        <li>
                            <a class="estDynamic" href="../wine-beer-and-spirits/spirits-and-liquors.html">Alcohol</a>
                        </li>
                        <li>
                            <a class="estDynamic" href="../wine-beer-and-spirits/bitters.html">Bitters</a>
                        </li>
                        <li>
                            <a class="estDynamic" href="../wine-beer-and-spirits/aperatif.html">Aperatifs</a>
                        </li>
                        <li>
                            <a class="estDynamic" href="../wine-beer-and-spirits/beer.html">Beer</a>
                        </li>
                        <li>
                            <a class="estDynamic" href="../wine-beer-and-spirits/creams.html">Creams</a>
                        </li>
                        <li>
                            <a class="estDynamic" href="../wine-beer-and-spirits/spirits.html">Spirits</a>
                        </li>
                        <li>
                            <a class="estDynamic" href="../wine-beer-and-spirits/liquors.html">Liquors</a>
                        </li>
                        <li>
                            <a class="estDynamic" href="../wine-beer-and-spirits/white-wine.html">White wine</a>
                        </li>
                        <li>
                            <a class="estDynamic" href="../wine-beer-and-spirits/prosecco-wine.html">Prosecco wine</a>
                        </li>
                        <li>
                            <a class="estDynamic" href="../wine-beer-and-spirits/rose-wine.html">Rose wine</a>
                        </li>
                        <li>
                            <a class="estDynamic" href="../wine-beer-and-spirits/red-wine.html">Red wine</a>
                        </li>
                        <li>
                            <a class="estDynamic" href="../wine-beer-and-spirits/specialty-wine.html">Special wine</a>
                        </li>
                        <li>
                            <a class="estDynamic" href="../wine-beer-and-spirits/sparkling-wine.html">Sparkling wine</a>
                        </li>
                        <li>
                            <a class="estDynamic" href="../wine-beer-and-spirits/vermentino-wine.html">Vermentino wine</a>
                        </li>
                    </ul>
                </li>
                <li>
                    <img src="../../cdn.spesati.com/images/menu/water-and-drinks.png"/>
                    Water and drinks                    <i class="fa fa-angle-down" aria-hidden="true"></i>
                    <ul class="sub-menu">
                        <li>
                            <a class="estDynamic" href="../water-and-drinks/san-martino.html">San Martino</a>
                        </li>
                        <li>
                            <a class="estDynamic" href="../water-and-drinks/water.html">Water</a>
                        </li>
                        <li>
                            <a class="estDynamic" href="../water-and-drinks/alpro.html">Alpro</a>
                        </li>
                        <li>
                            <a class="estDynamic" href="../water-and-drinks/fizzy-drinks.html">Fizzy drinks</a>
                        </li>
                        <li>
                            <a class="estDynamic" href="../water-and-drinks/coca-cola.html">Coca-Cola</a>
                        </li>
                        <li>
                            <a class="estDynamic" href="../water-and-drinks/energy-drink.html">Energy drink</a>
                        </li>
                        <li>
                            <a class="estDynamic" href="../water-and-drinks/syrups.html">Syrups</a>
                        </li>
                        <li>
                            <a class="estDynamic" href="../water-and-drinks/supplements.html">Supplements</a>
                        </li>
                        <li>
                            <a class="estDynamic" href="../water-and-drinks/instant-drinks.html">Instant drinks</a>
                        </li>
                        <li>
                            <a class="estDynamic" href="../water-and-drinks/juice.html">Juice</a>
                        </li>
                        <li>
                            <a class="estDynamic" href="../water-and-drinks/tea.html">Tea</a>
                        </li>
                    </ul>
                </li>
                <li>
                    <img src="../../cdn.spesati.com/images/menu/sweets.png"/>
                    Sweets                    <i class="fa fa-angle-down" aria-hidden="true"></i>
                    <ul class="sub-menu">
                        <li>
                            <a class="estDynamic" href="../sweets/bars-and-snacks.html">Bars and snacks</a>
                        </li>
                        <li>
                            <a class="estDynamic" href="../sweets/biscuits.html">Biscuits</a>
                        </li>
                        <li>
                            <a class="estDynamic" href="../sweets/brioches.html">Brioches</a>
                        </li>
                        <li>
                            <a class="estDynamic" href="../sweets/candy-and-chewing-gum.html">Candy and chewing gum</a>
                        </li>
                        <li>
                            <a class="estDynamic" href="../sweets/cereals.html">Cereals</a>
                        </li>
                        <li>
                            <a class="estDynamic" href="../sweets/chocolate.html">Chocolate</a>
                        </li>
                        <li>
                            <a class="estDynamic" href="../sweets/spreadable-creams.html">Spreads</a>
                        </li>
                        <li>
                            <a class="estDynamic" href="../sweets/dessert-toppings.html">Dessert toppings</a>
                        </li>
                        <li>
                            <a class="estDynamic" href="../sweets/jam.html">Jam</a>
                        </li>
                        <li>
                            <a class="estDynamic" href="../sweets/honey.html">Honey</a>
                        </li>
                        <li>
                            <a class="estDynamic" href="../sweets/panettoni-and-pandoro.html">Panettone and pandoro</a>
                        </li>
                        <li>
                            <a class="estDynamic" href="../sweets/pastry.html">Pastry</a>
                        </li>
                        <li>
                            <a class="estDynamic" href="../sweets/instant-dessert.html">Prepared</a>
                        </li>
                        <li>
                            <a class="estDynamic" href="../sweets/cakes-and-pies.html">Cakes and pies</a>
                        </li>
                        <li>
                            <a class="estDynamic" href="../sweets/easter-eggs-and-doves.html">Easter eggs and doves</a>
                        </li>
                    </ul>
                </li>
                <li>
                    <img src="../../cdn.spesati.com/images/menu/shelf.png"/>
                    Cupboard                    <i class="fa fa-angle-down" aria-hidden="true"></i>
                    <ul class="sub-menu">
                        <li>
                            <a class="estDynamic" href="../shelf/coffee.html">Coffee</a>
                        </li>
                        <li>
                            <a class="estDynamic" href="../shelf/gift-baskets.html">Gift baskets</a>
                        </li>
                        <li>
                            <a class="estDynamic" href="../shelf/stock-cubes.html">Nuts and preparations</a>
                        </li>
                        <li>
                            <a class="estDynamic" href="../shelf/flour-and-baking.html">Flour and baking</a>
                        </li>
                        <li>
                            <a class="estDynamic" href="../shelf/milk.html">Milk</a>
                        </li>
                        <li>
                            <a class="estDynamic" href="../shelf/oil-salt-vinegar.html">Oil, vinegar and salt</a>
                        </li>
                        <li>
                            <a class="estDynamic" href="../shelf/cream-and-bechamel.html">Cream and bechamel</a>
                        </li>
                        <li>
                            <a class="estDynamic" href="../shelf/crisps-and-pretzels.html">Crisps and pretzels</a>
                        </li>
                        <li>
                            <a class="estDynamic" href="../shelf/baby-and-infants-products.html">Early childhood products</a>
                        </li>
                        <li>
                            <a class="estDynamic" href="../shelf/rice.html">Rice</a>
                        </li>
                        <li>
                            <a class="estDynamic" href="../shelf/tins-and-preserves.html">Tins and Preserves</a>
                        </li>
                        <li>
                            <a class="estDynamic" href="../shelf/spices.html">Spices</a>
                        </li>
                        <li>
                            <a class="estDynamic" href="../shelf/sauces.html">Sauces</a>
                        </li>
                        <li>
                            <a class="estDynamic" href="../shelf/tea-and-infusions.html">Tea and infusions</a>
                        </li>
                        <li>
                            <a class="estDynamic" href="../shelf/eggs.html">Eggs</a>
                        </li>
                        <li>
                            <a class="estDynamic" href="../shelf/sugar-and-sweeteners.html">Sugar and sweeteners</a>
                        </li>
                    </ul>
                </li>
                <li>
                    <img src="../../cdn.spesati.com/images/menu/personal-care.png"/>
                    Personal care                    <i class="fa fa-angle-down" aria-hidden="true"></i>
                    <ul class="sub-menu">
                        <li>
                            <a class="estDynamic" href="../personal-care/accessories-and-cotton.html">Accessories and cotton</a>
                        </li>
                        <li>
                            <a class="estDynamic" href="../personal-care/feminine-care-incontinence-and-baby-diapers.html">Feminine incontinence and diapers</a>
                        </li>
                        <li>
                            <a class="estDynamic" href="../personal-care/shower-gel.html">Shower gel</a>
                        </li>
                        <li>
                            <a class="estDynamic" href="../personal-care/creams.html">Creams</a>
                        </li>
                        <li>
                            <a class="estDynamic" href="../personal-care/deodorant.html">Deodorant</a>
                        </li>
                        <li>
                            <a class="estDynamic" href="../personal-care/hair-removal.html">Hair removal</a>
                        </li>
                        <li>
                            <a class="estDynamic" href="../personal-care/disinfectants.html">Disinfectants</a>
                        </li>
                        <li>
                            <a class="estDynamic" href="../personal-care/oral-hygiene.html">Oral hygiene</a>
                        </li>
                        <li>
                            <a class="estDynamic" href="../personal-care/supplements-and-multivitamins.html">Supplements and multivitamins</a>
                        </li>
                        <li>
                            <a class="estDynamic" href="../personal-care/first-aid.html">First aid label</a>
                        </li>
                        <li>
                            <a class="estDynamic" href="../personal-care/beard-products.html">Beard products</a>
                        </li>
                        <li>
                            <a class="estDynamic" href="../personal-care/hairs-products.html">Hair products</a>
                        </li>
                        <li>
                            <a class="estDynamic" href="../personal-care/perfume.html">Perfumes</a>
                        </li>
                        <li>
                            <a class="estDynamic" href="../personal-care/wipes.html">Wipes</a>
                        </li>
                        <li>
                            <a class="estDynamic" href="../personal-care/soaps-and-body-wash.html">Soaps and body wash</a>
                        </li>
                        <li>
                            <a class="estDynamic" href="../personal-care/shampoo-and-conditioner.html">Shampoo and conditioner</a>
                        </li>
                    </ul>
                </li>
                <li>
                    <img src="../../cdn.spesati.com/images/menu/pellet-and-home.png"/>
                    Home and outdoors                    <i class="fa fa-angle-down" aria-hidden="true"></i>
                    <ul class="sub-menu">
                        <li>
                            <a class="estDynamic" href="../household-and-outdoors/distilled-water.html">Distilled water</a>
                        </li>
                        <li>
                            <a class="estDynamic" href="../household-and-outdoors/car-products.html">Cars</a>
                        </li>
                        <li>
                            <a class="estDynamic" href="../household-and-outdoors/bin-bags-and-buckets.html">Bin bags and buckets</a>
                        </li>
                        <li>
                            <a class="estDynamic" href="../household-and-outdoors/bleach-and-stain-removers.html">Bleach and stain removers</a>
                        </li>
                        <li>
                            <a class="estDynamic" href="../household-and-outdoors/candles.html">Candles</a>
                        </li>
                        <li>
                            <a class="estDynamic" href="../household-and-outdoors/kitchen-roll.html">Kitchen roll</a>
                        </li>
                        <li>
                            <a class="estDynamic" href="../household-and-outdoors/air-fresheners.html">Air fresheners</a>
                        </li>
                        <li>
                            <a class="estDynamic" href="../household-and-outdoors/laundry-accessories-and-detergent.html">Laundry detergent</a>
                        </li>
                        <li>
                            <a class="estDynamic" href="../household-and-outdoors/dishwasher-and-washing-up.html">Dishwasher and washing up</a>
                        </li>
                        <li>
                            <a class="estDynamic" href="../household-and-outdoors/gardening.html">Gardening</a>
                        </li>
                        <li>
                            <a class="estDynamic" href="../household-and-outdoors/light-bulbs-and-batteries.html">Lightbulbs and batteries</a>
                        </li>
                        <li>
                            <a class="estDynamic" href="../household-and-outdoors/pellet-and-bbq.html">Pellet and BBQ</a>
                        </li>
                        <li>
                            <a class="estDynamic" href="../household-and-outdoors/bathroom-products.html">Bathroom products</a>
                        </li>
                        <li>
                            <a class="estDynamic" href="../household-and-outdoors/home-and-furniture-products.html">Home and furniture products</a>
                        </li>
                        <li>
                            <a class="estDynamic" href="../household-and-outdoors/kitchen-products.html">Kitchen products</a>
                        </li>
                        <li>
                            <a class="estDynamic" href="../household-and-outdoors/window-and-floor-cleaners.html">Window and floor cleaner</a>
                        </li>
                        <li>
                            <a class="estDynamic" href="../household-and-outdoors/repellents.html">Repellents</a>
                        </li>
                        <li>
                            <a class="estDynamic" href="../household-and-outdoors/disposable-tableware.html">Disposable tableware</a>
                        </li>
                    </ul>
                </li>
                <li>
                    <img src="../../cdn.spesati.com/images/menu/animals.png"/>
                    Pets                    <i class="fa fa-angle-down" aria-hidden="true"></i>
                    <ul class="sub-menu">
                        <li>
                            <a class="estDynamic" href="../pets/pet-food-other-animals.html">Other animals pet food</a>
                        </li>
                        <li>
                            <a class="estDynamic" href="../pets/pet-food-dogs.html">Pet food dogs</a>
                        </li>
                        <li>
                            <a class="estDynamic" href="../pets/pet-food-cats.html">Pet food cats</a>
                        </li>
                        <li>
                            <a class="estDynamic" href="../pets/hygiene-and-cleaning.html">Hygiene and cleaning</a>
                        </li>
                    </ul>
                </li>
                <li>
                    <img src="../../cdn.spesati.com/images/menu/technology.png"/>
                    Technology                    <i class="fa fa-angle-down" aria-hidden="true"></i>
                    <ul class="sub-menu">
                        <li>
                            <a class="estDynamic" href="../technology/accessories.html">Accessories</a>
                        </li>
                        <li>
                            <a class="estDynamic" href="../technology/computer.html">Computer</a>
                        </li>
                        <li>
                            <a class="estDynamic" href="../technology/telephones.html">Telephones</a>
                        </li>
                        <li>
                            <a class="estDynamic" href="../technology/tv.html">TV</a>
                        </li>
                    </ul>
                </li>
                <li>
                    <img src="../../cdn.spesati.com/images/menu/gluten-free.png"/>
                    Gluten free                    <i class="fa fa-angle-down" aria-hidden="true"></i>
                    <ul class="sub-menu">
                        <li>
                            <a class="estDynamic" href="../gluten-free/frozen-foods.html">Frozen foods</a>
                        </li>
                        <li>
                            <a class="estDynamic" href="../gluten-free/beer.html">Beer</a>
                        </li>
                        <li>
                            <a class="estDynamic" href="../gluten-free/sweets.html">Sweets</a>
                        </li>
                        <li>
                            <a class="estDynamic" href="../gluten-free/bread-and-pasta.html">Bread and pasta</a>
                        </li>
                        <li>
                            <a class="estDynamic" href="../gluten-free/shelf.html">Cupboard</a>
                        </li>
                    </ul>
                </li>
                <li>
                    <img src="../../cdn.spesati.com/images/menu/lactose-free.png"/>
                    Lactose free                    <i class="fa fa-angle-down" aria-hidden="true"></i>
                    <ul class="sub-menu">
                        <li>
                            <a class="estDynamic" href="../lactose-free/frozen-foods.html">Frozen foods</a>
                        </li>
                        <li>
                            <a class="estDynamic" href="../lactose-free/sweets.html">Sweets</a>
                        </li>
                        <li>
                            <a class="estDynamic" href="../lactose-free/dairy-product.html">Dairy product</a>
                        </li>
                        <li>
                            <a class="estDynamic" href="../lactose-free/shelf.html">Cupboard</a>
                        </li>
                    </ul>
                </li>
                <li>
                    <img src="../../cdn.spesati.com/images/menu/special.png"/>
                    Special                    <i class="fa fa-angle-down" aria-hidden="true"></i>
                    <ul class="sub-menu">
                        <li>
                            <a class="estDynamic" href="../special/alpro.html">Alpro</a>
                        </li>
                        <li>
                            <a class="estDynamic" href="../special/organic.html">Biological</a>
                        </li>
                        <li>
                            <a class="estDynamic" href="../special/meat.html">Meat</a>
                        </li>
                        <li>
                            <a class="estDynamic" href="../special/wholegrain.html">Wholegrain</a>
                        </li>
                        <li>
                            <a class="estDynamic" href="../special/bread-and-pasta.html">Bread and pasta</a>
                        </li>
                        <li>
                            <a class="estDynamic" href="../special/vegan.html">Vegan</a>
                        </li>
                    </ul>
                </li>
                <li>
                    <img src="../../cdn.spesati.com/images/menu/sardinian-products.png"/>
                    Sardinian products                    <i class="fa fa-angle-down" aria-hidden="true"></i>
                    <ul class="sub-menu">
                        <li>
                            <a class="estDynamic" href="../sardinian-products/drinks.html">Drinks</a>
                        </li>
                        <li>
                            <a class="estDynamic" href="../sardinian-products/meat.html">Meat</a>
                        </li>
                        <li>
                            <a class="estDynamic" href="../sardinian-products/sweets.html">Sweets</a>
                        </li>
                        <li>
                            <a class="estDynamic" href="../sardinian-products/fruit-and-vegetables.html">Fruit and vegetables</a>
                        </li>
                        <li>
                            <a class="estDynamic" href="../sardinian-products/ichnusa.html">Ichnusa</a>
                        </li>
                        <li>
                            <a class="estDynamic" href="../sardinian-products/dairy-product.html">Dairy product</a>
                        </li>
                        <li>
                            <a class="estDynamic" href="../sardinian-products/bread-and-pasta.html">Bread and pasta</a>
                        </li>
                        <li>
                            <a class="estDynamic" href="../sardinian-products/fish.html">Fish</a>
                        </li>
                        <li>
                            <a class="estDynamic" href="../sardinian-products/cured-meat.html">Cured meat</a>
                        </li>
                        <li>
                            <a class="estDynamic" href="../sardinian-products/shelf.html">Cupboard</a>
                        </li>
                        <li>
                            <a class="estDynamic" href="../sardinian-products/vermentino-wine.html">Vermentino wine</a>
                        </li>
                        <li>
                            <a class="estDynamic" href="../sardinian-products/wine-beer-and-spirits.html">Wine beer and spirits</a>
                        </li>
                    </ul>
                </li>
            </ul>
        </li>
        <li>
            <a href="../about.html">About</a>
        </li>
        <li>
            <a href="../faq.html">Faq</a>
        </li>
        <li>
            <a href="../customer-care.html">Support</a>
        </li>
        <li>
            <a href="../news.html">Blog</a>
        </li>
        <li>
            <a href="../terms-and-conditions.html">Conditions</a>
        </li>
        <li>
            <a href="../privacy-policy.html">Privacy policy</a>
        </li>
        <li>
            <a href="../login.html">Login</a>
        </li>
        <li>
             <a href="../sign-up.html">Sign up</a>
        </li>
    </ul>
</div><section class="first">
    <div id="menuCategories" class="colLeft">
    <ul id="main_nav" >
        <li>
            <a class="estDynamic" href="../on-offer.html">
               <img src="../../cdn.spesati.com/images/menu/on-sale.png"/>
               On sale            </a>
            <i class="fa fa-angle-right" aria-hidden="true"></i>
            <ul class="sub-menu">
                <li>
    <a href="../tacchino-fesa-a-fette.html" class="estDynamic">Tacchino Fesa A Fette</a>
</li><li>
    <a href="../amaro-montenegro-15lt.html" class="estDynamic">Amaro Montenegro 1,5lt</a>
</li><li>
    <a href="../carbone-di-legna-sacco-10kg.html" class="estDynamic">Carbone Di Legna Sacco 10Kg</a>
</li><li>
    <a href="../filu-e-ferru-silvio-carta-70cl.html" class="estDynamic">Filu E Ferru Silvio Carta 70Cl</a>
</li><li>
    <a href="../braciole-suino-con-cotenna.html" class="estDynamic">Braciole Suino Con Cotenna</a>
</li><li>
    <a href="../bovino-adulto-polpa.html" class="estDynamic">Bovino Adulto Polpa</a>
</li><li>
    <a href="../vino-la-palma-cannonau-le-bombarde.html" class="estDynamic">Vino La Palma Cannonau Le Bombarde</a>
</li><li>
    <a href="../fettine-sceltissime-bovino-adulto.html" class="estDynamic">Fettine Sceltissime Bovino Adulto</a>
</li><li>
    <a href="../suino-fettine-scelte.html" class="estDynamic">Suino Fettine Scelte</a>
</li><li>
    <a href="../lavazza-caffe-qualita-rossa-2x250gr.html" class="estDynamic">Lavazza Caffé Qualità Rossa 2x250gr</a>
</li>                <li>
                    <a class="estDynamic" href="../on-offer.html">All products on sale</a>
                </li>
            </ul>
        </li>
        <li>
            <a class="estDynamic" href="../gift.html">
               <img src="../../cdn.spesati.com/images/menu/gift.png"/>
               Gifts            </a>
            <i class="fa fa-angle-right" aria-hidden="true"></i>
            <ul class="sub-menu">
                <li>
    <a href="../gift-card-da-150.html" class="estDynamic">Gift Card Da 150</a>
</li><li>
    <a href="../gift-card-da-100.html" class="estDynamic">Gift Card Da 100</a>
</li><li>
    <a href="../gift-card-da-50.html" class="estDynamic">Gift Card Da 50</a>
</li><li>
    <a href="../gift-card-da-25.html" class="estDynamic">Gift Card Da 25</a>
</li>                <li>
                    <a class="estDynamic" href="../gift.html">All products in the gifts category</a>
                </li>
            </ul>
        </li>
        <li>
            <a class="estDynamic" href="../gift-card.html">
               <img src="../../cdn.spesati.com/images/menu/gift-card.png"/>
               Gift card and discounts            </a>
            <i class="fa fa-angle-right" aria-hidden="true"></i>
            <ul class="sub-menu">
                <li>
    <a href="../gift-card-da-150.html">Gift Card Da 150</a>
</li><li>
    <a href="../gift-card-da-100.html">Gift Card Da 100</a>
</li><li>
    <a href="../gift-card-da-50.html">Gift Card Da 50</a>
</li><li>
    <a href="../gift-card-da-25.html">Gift Card Da 25</a>
</li>            </ul>
        </li>
        <li>
            <a class="estDynamic" href="../fruit-and-vegetables.html">
               <img src="../../cdn.spesati.com/images/menu/fuit-and-vegetables.png"/>
               Fruit and vegetables           </a>
            <i class="fa fa-angle-right" aria-hidden="true"></i>
            <ul class="sub-menu">
                <li>
                    <a class="estDynamic" href="../fruit-and-vegetables/pulses-and-beans.html">Cereals and pulses and beans</a>
                </li>
                <li>
                    <a class="estDynamic" href="../fruit-and-vegetables/fruit.html">Fruit</a>
                </li>
                <li>
                    <a class="estDynamic" href="../fruit-and-vegetables/canned-fruit.html">Canned fruit</a>
                </li>
                <li>
                    <a class="estDynamic" href="../fruit-and-vegetables/dried-fruit.html">Dried fruit</a>
                </li>
                <li>
                    <a class="estDynamic" href="../fruit-and-vegetables/ready-salads.html">Ready salads</a>
                </li>
                <li>
                    <a class="estDynamic" href="../fruit-and-vegetables/fresh-spices.html">Fresh spices</a>
                </li>
                <li>
                    <a class="estDynamic" href="../fruit-and-vegetables/vegetables.html">Vegetables and soy</a>
                </li>
            </ul>
        </li>
        <li>
            <a class="estDynamic" href="../fresh-products.html">
                <img src="../../cdn.spesati.com/images/menu/fresh-products.png"/>
                Fresh products            </a>
            <i class="fa fa-angle-right" aria-hidden="true"></i>
            <ul class="sub-menu">
                <li>
                    <a class="estDynamic" href="margarine-and-butter.html">Butter and margarine</a>
                </li>
                <li>
                    <a class="estDynamic" href="danone.html">Danone</a>
                </li>
                <li>
                    <a class="estDynamic" href="dessert.html">Dessert</a>
                </li>
                <li>
                    <a class="estDynamic" href="sweets.html">Sweets</a>
                </li>
                <li>
                    <a class="estDynamic" href="dairy-products.html">Dairy product</a>
                </li>
                <li>
                    <a class="estDynamic" href="bakery.html">Yeast</a>
                </li>
                <li>
                    <a class="estDynamic" href="mascarpone.html">Mascarpone</a>
                </li>
                <li>
                    <a class="estDynamic" href="snacks.html">Snacks</a>
                </li>
                <li>
                    <a class="estDynamic" href="mozzarella.html">Mozzarella</a>
                </li>
                <li>
                    <a class="estDynamic" href="pasta.html">Pasta</a>
                </li>
                <li>
                    <a class="estDynamic" href="pesto-and-sauces.html">Pesto and sauces</a>
                </li>
                <li>
                    <a class="estDynamic" href="ricotta-and-cheese.html">Ricotta and cheese</a>
                </li>
                <li>
                    <a class="estDynamic" href="cured-meat.html">Cured meat</a>
                </li>
                <li>
                    <a class="estDynamic" href="wurstel.html">Würstel</a>
                </li>
                <li>
                    <a class="estDynamic" href="yogurt.html">Yogurt</a>
                </li>
            </ul>
        </li>
        <li>
            <a class="estDynamic" href="../frozen-foods.html">
                <img src="../../cdn.spesati.com/images/menu/frozen-foods.png"/>
                Frozen foods            </a>
            <i class="fa fa-angle-right" aria-hidden="true"></i>
            <ul class="sub-menu">
                <li>
                    <a class="estDynamic" href="../frozen-foods/meat.html">Meat</a>
                </li>
                <li>
                    <a class="estDynamic" href="../frozen-foods/ice-creams.html">Ice cream and sweet</a>
                </li>
                <li>
                    <a class="estDynamic" href="../frozen-foods/pasta.html">Pasta</a>
                </li>
                <li>
                    <a class="estDynamic" href="../frozen-foods/fish.html">Fish</a>
                </li>
                <li>
                    <a class="estDynamic" href="../frozen-foods/ready-meals.html">Ready meals</a>
                </li>
                <li>
                    <a class="estDynamic" href="../frozen-foods/pizzas.html">Pizzas</a>
                </li>
                <li>
                    <a class="estDynamic" href="../frozen-foods/vegetables.html">Vegetables and soy</a>
                </li>
            </ul>
        </li>
        <li>
            <a class="estDynamic" href="../bread-and-pasta.html">
                <img src="../../cdn.spesati.com/images/menu/bread-and-pasta.png"/>
                Bread and pasta            </a>
            <i class="fa fa-angle-right" aria-hidden="true"></i>
            <ul class="sub-menu">
                <li>
                    <a class="estDynamic" href="../bread-and-pasta/crackers.html">Crackers</a>
                </li>
                <li>
                    <a class="estDynamic" href="../bread-and-pasta/rusks.html">Rusks</a>
                </li>
                <li>
                    <a class="estDynamic" href="../bread-and-pasta/white-bread.html">White bread</a>
                </li>
                <li>
                    <a class="estDynamic" href="../bread-and-pasta/local-bread.html">Local bread</a>
                </li>
                <li>
                    <a class="estDynamic" href="../bread-and-pasta/soft-bread.html">Soft bread</a>
                </li>
                <li>
                    <a class="estDynamic" href="../bread-and-pasta/sardinian-bread.html">Sardinian bread</a>
                </li>
                <li>
                    <a class="estDynamic" href="../bread-and-pasta/bakery.html">Bakery</a>
                </li>
                <li>
                    <a class="estDynamic" href="../bread-and-pasta/pasta.html">Pasta</a>
                </li>
                <li>
                    <a class="estDynamic" href="../bread-and-pasta/fresh-pasta.html">Fresh pasta</a>
                </li>
            </ul>
        </li>
        <li>
            <a class="estDynamic" href="../meat.html">
                <img src="../../cdn.spesati.com/images/menu/meat.png"/>
                Meat            </a>
            <i class="fa fa-angle-right" aria-hidden="true"></i>
            <ul class="sub-menu">
                <li>
                    <a class="estDynamic" href="../meat/beef.html">Beef</a>
                </li>
                <li>
                    <a class="estDynamic" href="../meat/goat.html">Goat</a>
                </li>
                <li>
                    <a class="estDynamic" href="../meat/packaged-meat.html">Packaged meat</a>
                </li>
                <li>
                    <a class="estDynamic" href="../meat/rabbit.html">Rabbit</a>
                </li>
                <li>
                    <a class="estDynamic" href="../meat/horse.html">Horse</a>
                </li>
                <li>
                    <a class="estDynamic" href="../meat/pork.html">Pork</a>
                </li>
                <li>
                    <a class="estDynamic" href="../meat/lamb.html">Lamb</a>
                </li>
                <li>
                    <a class="estDynamic" href="../meat/poultry.html">Poultry</a>
                </li>
            </ul>
        </li>
        <li>
            <a class="estDynamic" href="../fish.html">
                <img src="../../cdn.spesati.com/images/menu/fish.png"/>
                Fish            </a>
            <i class="fa fa-angle-right" aria-hidden="true"></i>
            <ul class="sub-menu">
                <li>
                    <a class="estDynamic" href="../fish/fresh-water.html">Fresh water</a>
                </li>
                <li>
                    <a class="estDynamic" href="../fish/salt-water.html">Salt water</a>
                </li>
                <li>
                    <a class="estDynamic" href="../fish/mussels.html">Mussels</a>
                </li>
                <li>
                    <a class="estDynamic" href="../fish/dried-and-salted.html">Dried and salted</a>
                </li>
                <li>
                    <a class="estDynamic" href="../fish/seafood-salad.html">Seafood salad</a>
                </li>
                <li>
                    <a class="estDynamic" href="../fish/prepared.html">Prepared</a>
                </li>
                <li>
                    <a class="estDynamic" href="../fish/specialty.html">Specialty</a>
                </li>   
                <li>
                    <a class="estDynamic" href="../fish/tuna-and-salmon.html">Tuna and salmon</a>
                </li>
            </ul>
        </li>
        <li>
            <a class="estDynamic" href="../wine-beer-and-spirits.html">
                <img src="../../cdn.spesati.com/images/menu/alcohol.png"/>
                Wine beer and spirits            </a>
            <i class="fa fa-angle-right" aria-hidden="true"></i>
            <ul class="sub-menu">
                <li>
                    <a class="estDynamic" href="../wine-beer-and-spirits/spirits-and-liquors.html">Alcohol</a>
                </li>
                <li>
                    <a class="estDynamic" href="../wine-beer-and-spirits/bitters.html">Bitters</a>
                </li>
                <li>
                    <a class="estDynamic" href="../wine-beer-and-spirits/aperatif.html">Aperatifs</a>
                </li>
                <li>
                    <a class="estDynamic" href="../wine-beer-and-spirits/beer.html">Beer</a>
                </li>
                <li>
                    <a class="estDynamic" href="../wine-beer-and-spirits/creams.html">Creams</a>
                </li>
                <li>
                    <a class="estDynamic" href="../wine-beer-and-spirits/spirits.html">Spirits</a>
                </li>
                <li>
                    <a class="estDynamic" href="../wine-beer-and-spirits/liquors.html">Liquors</a>
                </li>
                <li>
                    <a class="estDynamic" href="../wine-beer-and-spirits/white-wine.html">White wine</a>
                </li>
                <li>
                    <a class="estDynamic" href="../wine-beer-and-spirits/prosecco-wine.html">Prosecco wine</a>
                </li>
                <li>
                    <a class="estDynamic" href="../wine-beer-and-spirits/rose-wine.html">Rose wine</a>
                </li>
                <li>
                    <a class="estDynamic" href="../wine-beer-and-spirits/red-wine.html">Red wine</a>
                </li>
                <li>
                    <a class="estDynamic" href="../wine-beer-and-spirits/specialty-wine.html">Special wine</a>
                </li>
                <li>
                    <a class="estDynamic" href="../wine-beer-and-spirits/sparkling-wine.html">Sparkling wine</a>
                </li>
                <li>
                    <a class="estDynamic" href="../wine-beer-and-spirits/vermentino-wine.html">Vermentino wine</a>
                </li>
            </ul>
        </li>
        <li>
            <a class="estDynamic" href="../water-and-drinks.html">
                <img src="../../cdn.spesati.com/images/menu/water-and-drinks.png"/>
                Water and drinks            </a>
            <i class="fa fa-angle-right" aria-hidden="true"></i>
            <ul class="sub-menu">
                <li>
                    <a class="estDynamic" href="../water-and-drinks/san-martino.html">San Martino</a>
                </li>
                <li>
                    <a class="estDynamic" href="../water-and-drinks/water.html">Water</a>
                </li>
                <li>
                    <a class="estDynamic" href="../water-and-drinks/alpro.html">Alpro</a>
                </li>
                <li>
                    <a class="estDynamic" href="../water-and-drinks/fizzy-drinks.html">Fizzy drinks</a>
                </li>
                <li>
                    <a class="estDynamic" href="../water-and-drinks/coca-cola.html">Coca-Cola</a>
                </li>
                <li>
                    <a class="estDynamic" href="../water-and-drinks/energy-drink.html">Energy drink</a>
                </li>
                <li>
                    <a class="estDynamic" href="../water-and-drinks/syrups.html">Syrups</a>
                </li>
                <li>
                    <a class="estDynamic" href="../water-and-drinks/supplements.html">Supplements</a>
                </li>
                <li>
                    <a class="estDynamic" href="../water-and-drinks/instant-drinks.html">Instant drinks</a>
                </li>
                <li>
                    <a class="estDynamic" href="../water-and-drinks/juice.html">Juice</a>
                </li>
                <li>
                    <a class="estDynamic" href="../water-and-drinks/tea.html">Tea</a>
                </li>
            </ul>
        </li>
        <li>
            <a class="estDynamic" href="../sweets.html">
                <img src="../../cdn.spesati.com/images/menu/sweets.png"/>
                Sweets            </a>
            <i class="fa fa-angle-right" aria-hidden="true"></i>
            <ul class="sub-menu">
                <li>
                    <a class="estDynamic" href="../sweets/bars-and-snacks.html">Bars and snacks</a>
                </li>
                <li>
                    <a class="estDynamic" href="../sweets/biscuits.html">Biscuits</a>
                </li>
                <li>
                    <a class="estDynamic" href="../sweets/brioches.html">Brioches</a>
                </li>
                <li>
                    <a class="estDynamic" href="../sweets/candy-and-chewing-gum.html">Candy and chewing gum</a>
                </li>
                <li>
                    <a class="estDynamic" href="../sweets/cereals.html">Cereals</a>
                </li>
                <li>
                    <a class="estDynamic" href="../sweets/chocolate.html">Chocolate</a>
                </li>
                <li>
                    <a class="estDynamic" href="../sweets/spreadable-creams.html">Spreads</a>
                </li>
                <li>
                    <a class="estDynamic" href="../sweets/dessert-toppings.html">Dessert toppings</a>
                </li>
                <li>
                    <a class="estDynamic" href="../sweets/jam.html">Jam</a>
                </li>
                <li>
                    <a class="estDynamic" href="../sweets/honey.html">Honey</a>
                </li>
                <li>
                    <a class="estDynamic" href="../sweets/panettoni-and-pandoro.html">Panettone and pandoro</a>
                </li>
                <li>
                    <a class="estDynamic" href="../sweets/pastry.html">Pastry</a>
                </li>
                <li>
                    <a class="estDynamic" href="../sweets/instant-dessert.html">Prepared</a>
                </li>
                <li>
                    <a class="estDynamic" href="../sweets/cakes-and-pies.html">Cakes and pies</a>
                </li>
                <li>
                    <a class="estDynamic" href="../sweets/easter-eggs-and-doves.html">Easter eggs and doves</a>
                </li>
            </ul>
        </li>
        <li>
            <a class="estDynamic" href="../shelf.html">
                <img src="../../cdn.spesati.com/images/menu/shelf.png"/>
                Cupboard            </a>
            <i class="fa fa-angle-right" aria-hidden="true"></i>
            <ul class="sub-menu">
                <li>
                    <a class="estDynamic" href="../shelf/coffee.html">Coffee</a>
                </li>
                <li>
                    <a class="estDynamic" href="../shelf/gift-baskets.html">Gift baskets</a>
                </li>
                <li>
                    <a class="estDynamic" href="../shelf/stock-cubes.html">Nuts and preparations</a>
                </li>
                <li>
                    <a class="estDynamic" href="../shelf/flour-and-baking.html">Flour and baking</a>
                </li>
                <li>
                    <a class="estDynamic" href="../shelf/milk.html">Milk</a>
                </li>
                <li>
                    <a class="estDynamic" href="../shelf/oil-salt-vinegar.html">Oil, vinegar and salt</a>
                </li>
                <li>
                    <a class="estDynamic" href="../shelf/cream-and-bechamel.html">Cream and bechamel</a>
                </li>
                <li>
                    <a class="estDynamic" href="../shelf/crisps-and-pretzels.html">Crisps and pretzels</a>
                </li>
                <li>
                    <a class="estDynamic" href="../shelf/baby-and-infants-products.html">Early childhood products</a>
                </li>
                <li>
                    <a class="estDynamic" href="../shelf/rice.html">Rice</a>
                </li>
                <li>
                    <a class="estDynamic" href="../shelf/tins-and-preserves.html">Tins and Preserves</a>
                </li>
                <li>
                    <a class="estDynamic" href="../shelf/spices.html">Spices</a>
                </li>
                <li>
                    <a class="estDynamic" href="../shelf/sauces.html">Sauces</a>
                </li>
                <li>
                    <a class="estDynamic" href="../shelf/tea-and-infusions.html">Tea and infusions</a>
                </li>
                <li>
                    <a class="estDynamic" href="../shelf/eggs.html">Eggs</a>
                </li>
                <li>
                    <a class="estDynamic" href="../shelf/sugar-and-sweeteners.html">Sugar and sweeteners</a>
                </li>
            </ul>
        </li>
        <li>
            <a class="estDynamic" href="../personal-care.html">
                <img src="../../cdn.spesati.com/images/menu/personal-care.png"/>
                Personal care            </a>
            <i class="fa fa-angle-right" aria-hidden="true"></i>
            <ul class="sub-menu">
                <li>
                    <a class="estDynamic" href="../personal-care/accessories-and-cotton.html">Accessories and cotton</a>
                </li>
                <li>
                    <a class="estDynamic" href="../personal-care/feminine-care-incontinence-and-baby-diapers.html">Feminine incontinence and diapers</a>
                </li>
                <li>
                    <a class="estDynamic" href="../personal-care/shower-gel.html">Shower gel</a>
                </li>
                <li>
                    <a class="estDynamic" href="../personal-care/creams.html">Creams</a>
                </li>
                <li>
                    <a class="estDynamic" href="../personal-care/deodorant.html">Deodorant</a>
                </li>
                <li>
                    <a class="estDynamic" href="../personal-care/hair-removal.html">Hair removal</a>
                </li>
                <li>
                    <a class="estDynamic" href="../personal-care/disinfectants.html">Disinfectants</a>
                </li>
                <li>
                    <a class="estDynamic" href="../personal-care/oral-hygiene.html">Oral hygiene</a>
                </li>
                <li>
                    <a class="estDynamic" href="../personal-care/supplements-and-multivitamins.html">Supplements and multivitamins</a>
                </li>
                <li>
                    <a class="estDynamic" href="../personal-care/first-aid.html">First aid label</a>
                </li>
                <li>
                    <a class="estDynamic" href="../personal-care/beard-products.html">Beard products</a>
                </li>
                <li>
                    <a class="estDynamic" href="../personal-care/hairs-products.html">Hair products</a>
                </li>
                <li>
                    <a class="estDynamic" href="../personal-care/perfume.html">Perfumes</a>
                </li>
                <li>
                    <a class="estDynamic" href="../personal-care/wipes.html">Wipes</a>
                </li>
                <li>
                    <a class="estDynamic" href="../personal-care/soaps-and-body-wash.html">Soaps and body wash</a>
                </li>
                <li>
                    <a class="estDynamic" href="../personal-care/shampoo-and-conditioner.html">Shampoo and conditioner</a>
                </li>
            </ul>
        </li>
        <li>
            <a class="estDynamic" href="../household-and-outdoors.html">
                <img src="../../cdn.spesati.com/images/menu/pellet-and-home.png"/>
                Home and outdoors 
            </a>
            <i class="fa fa-angle-right" aria-hidden="true"></i>
            <ul class="sub-menu">
                <li>
                    <a class="estDynamic" href="../household-and-outdoors/distilled-water.html">Distilled water</a>
                </li>
                <li>
                    <a class="estDynamic" href="../household-and-outdoors/car-products.html">Cars</a>
                </li>
                <li>
                    <a class="estDynamic" href="../household-and-outdoors/bin-bags-and-buckets.html">Bin bags and buckets</a>
                </li>
                <li>
                    <a class="estDynamic" href="../household-and-outdoors/bleach-and-stain-removers.html">Bleach and stain removers</a>
                </li>
                <li>
                    <a class="estDynamic" href="../household-and-outdoors/candles.html">Candles</a>
                </li>
                <li>
                    <a class="estDynamic" href="../household-and-outdoors/kitchen-roll.html">Kitchen roll</a>
                </li>
                <li>
                    <a class="estDynamic" href="../household-and-outdoors/air-fresheners.html">Air fresheners</a>
                </li>
                <li>
                    <a class="estDynamic" href="../household-and-outdoors/laundry-accessories-and-detergent.html">Laundry detergent</a>
                </li>
                <li>
                    <a class="estDynamic" href="../household-and-outdoors/dishwasher-and-washing-up.html">Dishwasher and washing up</a>
                </li>
                <li>
                    <a class="estDynamic" href="../household-and-outdoors/gardening.html">Gardening</a>
                </li>
                <li>
                    <a class="estDynamic" href="../household-and-outdoors/light-bulbs-and-batteries.html">Lightbulbs and batteries</a>
                </li>
                <li>
                    <a class="estDynamic" href="../household-and-outdoors/pellet-and-bbq.html">Pellet and BBQ</a>
                </li>
                <li>
                    <a class="estDynamic" href="../household-and-outdoors/bathroom-products.html">Bathroom products</a>
                </li>
                <li>
                    <a class="estDynamic" href="../household-and-outdoors/home-and-furniture-products.html">Home and furniture products</a>
                </li>
                <li>
                    <a class="estDynamic" href="../household-and-outdoors/kitchen-products.html">Kitchen products</a>
                </li>
                <li>
                    <a class="estDynamic" href="../household-and-outdoors/window-and-floor-cleaners.html">Window and floor cleaner</a>
                </li>
                <li>
                    <a class="estDynamic" href="../household-and-outdoors/repellents.html">Repellents</a>
                </li>
                <li>
                    <a class="estDynamic" href="../household-and-outdoors/disposable-tableware.html">Disposable tableware</a>
                </li>
            </ul>
        </li>
        <li>
            <a class="estDynamic" href="../pet.html">
                <img src="../../cdn.spesati.com/images/menu/animals.png"/>
                Pets            </a>
            <i class="fa fa-angle-right" aria-hidden="true"></i>
            <ul class="sub-menu">
                <li>
                    <a class="estDynamic" href="../pets/pet-food-other-animals.html">Other animals pet food</a>
                </li>
                <li>
                    <a class="estDynamic" href="../pets/pet-food-dogs.html">Pet food dogs</a>
                </li>
                <li>
                    <a class="estDynamic" href="../pets/pet-food-cats.html">Pet food cats</a>
                </li>
                <li>
                    <a class="estDynamic" href="../pets/hygiene-and-cleaning.html">Hygiene and cleaning</a>
                </li>
            </ul>
        </li>
        <li>
            <a class="estDynamic" href="../technology.html">
                <img src="../../cdn.spesati.com/images/menu/technology.png"/>
                Technology            </a>
            <i class="fa fa-angle-right" aria-hidden="true"></i>
            <ul class="sub-menu">
                <li>
                    <a class="estDynamic" href="../technology/accessories.html">Accessories</a>
                </li>
                <li>
                    <a class="estDynamic" href="../technology/computer.html">Computer</a>
                </li>
                <li>
                    <a class="estDynamic" href="../technology/telephones.html">Telephones</a>
                </li>
                <li>
                    <a class="estDynamic" href="../technology/tv.html">TV</a>
                </li>
            </ul>
        </li>
        <li>
            <a class="estDynamic" href="../gluten-free.html">
                <img src="../../cdn.spesati.com/images/menu/gluten-free.png"/>
                Gluten free            </a>
            <i class="fa fa-angle-right" aria-hidden="true"></i>
            <ul class="sub-menu">
                <li>
                    <a class="estDynamic" href="../gluten-free/frozen-foods.html">Frozen foods</a>
                </li>
                <li>
                    <a class="estDynamic" href="../gluten-free/beer.html">Beer</a>
                </li>
                <li>
                    <a class="estDynamic" href="../gluten-free/sweets.html">Sweets</a>
                </li>
                <li>
                    <a class="estDynamic" href="../gluten-free/bread-and-pasta.html">Bread and pasta</a>
                </li>
                <li>
                    <a class="estDynamic" href="../gluten-free/shelf.html">Cupboard</a>
                </li>
            </ul>
        </li>
        <li>
            <a class="estDynamic" href="../lactose-free.html">
                <img src="../../cdn.spesati.com/images/menu/lactose-free.png"/>
                Lactose free            </a>
            <i class="fa fa-angle-right" aria-hidden="true"></i>
            <ul class="sub-menu">
                <li>
                    <a class="estDynamic" href="../lactose-free/frozen-foods.html">Frozen foods</a>
                </li>
                <li>
                    <a class="estDynamic" href="../lactose-free/sweets.html">Sweets</a>
                </li>
                <li>
                    <a class="estDynamic" href="../lactose-free/dairy-product.html">Dairy product</a>
                </li>
                <li>
                    <a class="estDynamic" href="../lactose-free/shelf.html">Cupboard</a>
                </li>
            </ul>
        </li>
        <li>
            <a class="estDynamic" href="../special.html">
                <img src="../../cdn.spesati.com/images/menu/special.png"/>
                Special            </a>
            <i class="fa fa-angle-right" aria-hidden="true"></i>
            <ul class="sub-menu">
                <li>
                    <a class="estDynamic" href="../special/alpro.html">Alpro</a>
                </li>
                <li>
                    <a class="estDynamic" href="../special/organic.html">Biological</a>
                </li>
                <li>
                    <a class="estDynamic" href="../special/meat.html">Meat</a>
                </li>
                <li>
                    <a class="estDynamic" href="../special/wholegrain.html">Wholegrain</a>
                </li>
                <li>
                    <a class="estDynamic" href="../special/bread-and-pasta.html">Bread and pasta</a>
                </li>
                <li>
                    <a class="estDynamic" href="../special/vegan.html">Vegan</a>
                </li>
            </ul>
        </li>
        <li>
            <a class="estDynamic" href="../sardinian-products.html">
                <img src="../../cdn.spesati.com/images/menu/sardinian-products.png"/>
                Sardinian products            </a>
            <i class="fa fa-angle-right" aria-hidden="true"></i>
            <ul class="sub-menu">
                <li>
                    <a class="estDynamic" href="../sardinian-products/drinks.html">Drinks</a>
                </li>
                <li>
                    <a class="estDynamic" href="../sardinian-products/meat.html">Meat</a>
                </li>
                <li>
                    <a class="estDynamic" href="../sardinian-products/sweets.html">Sweets</a>
                </li>
                <li>
                    <a class="estDynamic" href="../sardinian-products/fruit-and-vegetables.html">Fruit and vegetables</a>
                </li>
                <li>
                    <a class="estDynamic" href="../sardinian-products/ichnusa.html">Ichnusa</a>
                </li>
                <li>
                    <a class="estDynamic" href="../sardinian-products/dairy-product.html">Dairy product</a>
                </li>
                <li>
                    <a class="estDynamic" href="../sardinian-products/bread-and-pasta.html">Bread and pasta</a>
                </li>
                <li>
                    <a class="estDynamic" href="../sardinian-products/fish.html">Fish</a>
                </li>
                <li>
                    <a class="estDynamic" href="../sardinian-products/cured-meat.html">Cured meat</a>
                </li>
                <li>
                    <a class="estDynamic" href="../sardinian-products/shelf.html">Cupboard</a>
                </li>
                <li>
                    <a class="estDynamic" href="../sardinian-products/vermentino-wine.html">Vermentino wine</a>
                </li>
                <li>
                    <a class="estDynamic" href="../sardinian-products/wine-beer-and-spirits.html">Wine beer and spirits</a>
                </li>
            </ul>
        </li>
    </ul>
</div>    <div class="colRight">
        <div class="title mobile">
	<a href="../fresh-products.html"><i class="fa red fa-angle-left fa-3x mobile" aria-hidden="true"></i></a>
	<h2>
		<b>
			yogurt		</b>
	</h2>
</div>

<div class="breadcrumb bgGrey internal">
	<p>
		<b>
			<a href="../index.html">Home</a>
												&gt; <a href="../fresh-products.html">Fresh products</a>
																&gt; Yogurt									</b>
	</p>
	<div>
		<p>Order by</p>
		<select name="orderProd" id="orderProd">
			<option disabled="disabled" selected="selected">- Choose -</option>
			<option value="nameAsc">Name (A - Z)</option>
			<option value="nameDes">Name (Z - A)</option>
			<option value="priceHigh">Price - High to low</option>
			<option value="priceLow">Price - Low to high</option>
			<option value="soldAsc">Best Selling</option>
			<option value="available">Availability</option>
		</select>
	</div>
</div>
        <div class="containerProduct">
            <script type='text/javascript'>var track = '{"event":"ViewContent", "type":"category", "id":"Latticini", "subids":["Yogurt"], "url":"https://www.spesati.com/fresh-products/yogurt"}';</script>
<script>
gtag('event', 'select_content', {content_type: 'category', item_id: 'Latticini'});gtag('event', 'select_content', {content_type: 'category', item_id: 'Yogurt'});
</script>
<div class="left product prod1"
        data-name="Yogurt Bayerland Frutta Fit 125Gr"
        data-price="0.63"
        data-id="6980"
        data-available="yes"
        data-category="1954"
        data-bestselling="">
    <a href="../yogurt-bayerland-frutta-fit-125gr.html">
        <div style="background-image: url('../../cdn.spesati.com/images/products/105797/yogurt-bayerland-frutta-01.jpg')">
            <div class="hover"></div>
            
            <div class="stickers"></div>
        </div>
    </a>
    <div>
        <h4><a href="../yogurt-bayerland-frutta-fit-125gr.html"><b>Yogurt Bayerland Frutta Fit 125Gr</b></a></h4>
        <p class="description">0.13 Kg</p>
        <p class="right price"><b>0.63 €</b></p>
        <p class="right unitPrice">5.01 € per kg</p>
    </div>
    <div class="contButton">
    <a class="button bgRed white addToCart" href="#">Add</a>
</div>
</div><div class="left product prod2"
        data-name="Yogurt Bayernland Bianco 125gr"
        data-price="0.63"
        data-id="24804"
        data-available="yes"
        data-category="1954"
        data-bestselling="">
    <a href="../yogurt-bayernland-bianco-125gr.html">
        <div style="background-image: url('../../cdn.spesati.com/images/products/105796/yogurt-bayernland-bianco-01.jpg')">
            <div class="hover"></div>
            
            <div class="stickers"></div>
        </div>
    </a>
    <div>
        <h4><a href="../yogurt-bayernland-bianco-125gr.html"><b>Yogurt Bayernland Bianco 125gr</b></a></h4>
        <p class="description">0.13 Kg</p>
        <p class="right price"><b>0.63 €</b></p>
        <p class="right unitPrice">5.01 € per kg</p>
    </div>
    <div class="contButton">
    <a class="button bgRed white addToCart" href="#">Add</a>
</div>
</div><div class="left product prod3"
        data-name="Yog Bere Banana Alpli 500g"
        data-price="1.09"
        data-id="82193"
        data-available="yes"
        data-category="1954"
        data-bestselling="2">
    <a href="../yog-bere-banana-alpli-500g.html">
        <div style="background-image: url('../../cdn.spesati.com/images/products/000572380/alpli-yogurt-da-bere-banana-500-g-01.png')">
            <div class="hover"></div>
            <p class="arrow bgRed white">Best Seller</p>
            <div class="stickers"></div>
        </div>
    </a>
    <div>
        <h4><a href="../yog-bere-banana-alpli-500g.html"><b>Yog Bere Banana Alpli 500g</b></a></h4>
        <p class="description">alplì Yogurt da Bere Banana 500 g</p>
        <p class="right price"><b>1.09 €</b></p>
        <p class="right unitPrice">2.18 € per kg</p>
    </div>
    <div class="contButton">
    <a class="button bgRed white addToCart" href="#">Add</a>
</div>
</div><div class="left product prod4"
        data-name="Yogurt Muller Crema Mora Lampone 500Gr"
        data-price="2.75"
        data-id="6972"
        data-available="yes"
        data-category="1954"
        data-bestselling="2">
    <a href="../yogurt-muller-crema-mora-lampone-500gr.html">
        <div style="background-image: url('../../cdn.spesati.com/images/products/000504698/mueller-yogurt-cremoso-more-lamponi-in-pezzi-500-g-01.png')">
            <div class="hover"></div>
            <p class="arrow bgRed white">Best Seller</p>
            <div class="stickers"></div>
        </div>
    </a>
    <div>
        <h4><a href="../yogurt-muller-crema-mora-lampone-500gr.html"><b>Yogurt Muller Crema Mora Lampone 500Gr</b></a></h4>
        <p class="description">müller Yogurt Cremoso More & Lamponi in Pezzi 500 g</p>
        <p class="right price"><b>2.75 €</b></p>
        <p class="right unitPrice">5.50 € per kg</p>
    </div>
    <div class="contButton">
    <a class="button bgRed white addToCart" href="#">Add</a>
</div>
</div><div class="left product prod5"
        data-name="Yogurt Stuffer Frutta Assortiti 6X125Gr"
        data-price="4.39"
        data-id="6521"
        data-available="yes"
        data-category="1954"
        data-bestselling="1">
    <a href="../yogurt-stuffer-frutta-assortiti-6x125gr.html">
        <div style="background-image: url('../../cdn.spesati.com/images/products/000504607/stuffer-yogurt-cremoso-mela-banana-fragola-agrumi-frutta-frullata-6-x-125-g-01.png')">
            <div class="hover"></div>
            <p class="arrow bgRed white">Best Seller</p>
            <div class="stickers"></div>
        </div>
    </a>
    <div>
        <h4><a href="../yogurt-stuffer-frutta-assortiti-6x125gr.html"><b>Yogurt Stuffer Frutta Assortiti 6X125Gr</b></a></h4>
        <p class="description">Stuffer Yogurt cremoso Mela-Banana, Fragola, Agrumi Frutta Frullata 6 x 125 g</p>
        <p class="right price"><b>4.39 €</b></p>
        <p class="right unitPrice">5.85 € per kg</p>
    </div>
    <div class="contButton">
    <a class="button bgRed white addToCart" href="#">Add</a>
</div>
</div><div class="left product prod6"
        data-name="Formaggio Stuffer Cremolo Frutta 30Gr"
        data-price="2.45"
        data-id="6007"
        data-available="yes"
        data-category="1954"
        data-bestselling="">
    <a href="../formaggio-stuffer-cremolo-frutta-30gr.html">
        <div style="background-image: url('../../cdn.spesati.com/images/products/000504596/stuffer-cremolo-latte-frutta-fragola-banana-albicocca-6-x-50-g-01.png')">
            <div class="hover"></div>
            
            <div class="stickers"></div>
        </div>
    </a>
    <div>
        <h4><a href="../formaggio-stuffer-cremolo-frutta-30gr.html"><b>Formaggio Stuffer Cremolo Frutta 30Gr</b></a></h4>
        <p class="description">Stuffer Cremolo latte & frutta fragola - banana - albicocca 6 x 50 g</p>
        <p class="right price"><b>2.45 €</b></p>
        <p class="right unitPrice">81.67 € per kg</p>
    </div>
    <div class="contButton">
    <a class="button bgRed white addToCart" href="#">Add</a>
</div>
</div><div class="left product prod7"
        data-name="Muller Yogurt Mix Cocco Cioccolato 150Gr"
        data-price="1.19"
        data-id="5968"
        data-available="yes"
        data-category="1954"
        data-bestselling="">
    <a href="../muller-yogurt-mix-cocco-cioccolato-150gr.html">
        <div style="background-image: url('../../cdn.spesati.com/images/products/000504578/mueller-mix-yogurt-al-cocco-piu-palline-al-cioccolato-150-g-01.png')">
            <div class="hover"></div>
            
            <div class="stickers"></div>
        </div>
    </a>
    <div>
        <h4><a href="../muller-yogurt-mix-cocco-cioccolato-150gr.html"><b>Muller Yogurt Mix Cocco Cioccolato 150Gr</b></a></h4>
        <p class="description">müller Mix Yogurt al Cocco Più Palline al Cioccolato 150 g</p>
        <p class="right price"><b>1.19 €</b></p>
        <p class="right unitPrice">7.93 € per kg</p>
    </div>
    <div class="contButton">
    <a class="button bgRed white addToCart" href="#">Add</a>
</div>
</div><div class="left product prod8"
        data-name="Yogurt Muller Mix Fiocchi Cioccolato 150Gr"
        data-price="1.19"
        data-id="5992"
        data-available="yes"
        data-category="1954"
        data-bestselling="4">
    <a href="../yogurt-muller-mix-fiocchi-cioccolato-150gr.html">
        <div style="background-image: url('../../cdn.spesati.com/images/products/000504576/mueller-mix-yogurt-bianco-piu-fiocchi-al-cioccolato-150-g-01.png')">
            <div class="hover"></div>
            <p class="arrow bgRed white">Best Seller</p>
            <div class="stickers"></div>
        </div>
    </a>
    <div>
        <h4><a href="../yogurt-muller-mix-fiocchi-cioccolato-150gr.html"><b>Yogurt Muller Mix Fiocchi Cioccolato 150Gr</b></a></h4>
        <p class="description">müller Mix Yogurt Bianco Più Fiocchi al Cioccolato 150 g</p>
        <p class="right price"><b>1.19 €</b></p>
        <p class="right unitPrice">7.93 € per kg</p>
    </div>
    <div class="contButton">
    <a class="button bgRed white addToCart" href="#">Add</a>
</div>
</div><div class="left product prod9"
        data-name="Muller Yogurt Mix Anelli Di Cioccolato 150Gr"
        data-price="1.19"
        data-id="6202"
        data-available="yes"
        data-category="1954"
        data-bestselling="2">
    <a href="../muller-yogurt-mix-anelli-di-cioccolato-150gr.html">
        <div style="background-image: url('../../cdn.spesati.com/images/products/000504575/mueller-mix-yogurt-bianco-piu-anelli-al-cioccolato-150-g-01.png')">
            <div class="hover"></div>
            <p class="arrow bgRed white">Best Seller</p>
            <div class="stickers"></div>
        </div>
    </a>
    <div>
        <h4><a href="../muller-yogurt-mix-anelli-di-cioccolato-150gr.html"><b>Muller Yogurt Mix Anelli Di Cioccolato 150Gr</b></a></h4>
        <p class="description">müller Mix Yogurt Bianco Più Anelli al Cioccolato 150 g</p>
        <p class="right price"><b>1.19 €</b></p>
        <p class="right unitPrice">7.93 € per kg</p>
    </div>
    <div class="contButton">
    <a class="button bgRed white addToCart" href="#">Add</a>
</div>
</div><div class="left product prod10"
        data-name="Yog Muller Mix Fragole 150gr"
        data-price="1.19"
        data-id="33960"
        data-available="yes"
        data-category="1954"
        data-bestselling="4">
    <a href="../yog-muller-mix-fragole-150gr.html">
        <div style="background-image: url('../../cdn.spesati.com/images/products/000504572/mueller-mix-yogurt-bianco-piu-fragole-150-g-01.png')">
            <div class="hover"></div>
            <p class="arrow bgRed white">Best Seller</p>
            <div class="stickers"></div>
        </div>
    </a>
    <div>
        <h4><a href="../yog-muller-mix-fragole-150gr.html"><b>Yog Muller Mix Fragole 150gr</b></a></h4>
        <p class="description">müller Mix Yogurt Bianco Più Fragole 150 g</p>
        <p class="right price"><b>1.19 €</b></p>
        <p class="right unitPrice">7.93 € per kg</p>
    </div>
    <div class="contButton">
    <a class="button bgRed white addToCart" href="#">Add</a>
</div>
</div><div class="left product prod11"
        data-name="Yogurt Muller Crema Pesca Albicocca 500Gr"
        data-price="2.75"
        data-id="6973"
        data-available="yes"
        data-category="1954"
        data-bestselling="">
    <a href="../yogurt-muller-crema-pesca-albicocca-500gr.html">
        <div style="background-image: url('../../cdn.spesati.com/images/products/000504561/mueller-yogurt-cremoso-pesca-albicocca-in-pezzi-500-g-01.png')">
            <div class="hover"></div>
            
            <div class="stickers"></div>
        </div>
    </a>
    <div>
        <h4><a href="../yogurt-muller-crema-pesca-albicocca-500gr.html"><b>Yogurt Muller Crema Pesca Albicocca 500Gr</b></a></h4>
        <p class="description">müller Yogurt Cremoso Pesca & Albicocca in Pezzi 500 g</p>
        <p class="right price"><b>2.75 €</b></p>
        <p class="right unitPrice">5.50 € per kg</p>
    </div>
    <div class="contButton">
    <a class="button bgRed white addToCart" href="#">Add</a>
</div>
</div><div class="left product prod12"
        data-name="Yog Muller Crema Frag Pz 500gr"
        data-price="2.75"
        data-id="33959"
        data-available="yes"
        data-category="1954"
        data-bestselling="">
    <a href="../yog-muller-crema-frag-pz-500gr.html">
        <div style="background-image: url('../../cdn.spesati.com/images/products/000504560/mueller-yogurt-cremoso-fragola-in-pezzi-500-g-01.png')">
            <div class="hover"></div>
            
            <div class="stickers"></div>
        </div>
    </a>
    <div>
        <h4><a href="../yog-muller-crema-frag-pz-500gr.html"><b>Yog Muller Crema Frag Pz 500gr</b></a></h4>
        <p class="description">müller Yogurt Cremoso Fragola in Pezzi 500 g</p>
        <p class="right price"><b>2.75 €</b></p>
        <p class="right unitPrice">5.50 € per kg</p>
    </div>
    <div class="contButton">
    <a class="button bgRed white addToCart" href="#">Add</a>
</div>
</div><div class="left product prod13"
        data-name="Yog Muller Crema Bianco 500gr"
        data-price="2.15"
        data-id="33958"
        data-available="yes"
        data-category="1954"
        data-bestselling="">
    <a href="../yog-muller-crema-bianco-500gr.html">
        <div style="background-image: url('../../cdn.spesati.com/images/products/000504552/mueller-bianco-crema-di-yogurt-500-g-01.png')">
            <div class="hover"></div>
            
            <div class="stickers"></div>
        </div>
    </a>
    <div>
        <h4><a href="../yog-muller-crema-bianco-500gr.html"><b>Yog Muller Crema Bianco 500gr</b></a></h4>
        <p class="description">müller Bianco Crema di Yogurt 500 g</p>
        <p class="right price"><b>2.15 €</b></p>
        <p class="right unitPrice">4.30 € per kg</p>
    </div>
    <div class="contButton">
    <a class="button bgRed white addToCart" href="#">Add</a>
</div>
</div><div class="left product prod14"
        data-name="Yog Vipiteno Int Stracc 500gr"
        data-price="2.19"
        data-id="33934"
        data-available="yes"
        data-category="1954"
        data-bestselling="2">
    <a href="../yog-vipiteno-int-stracc-500gr.html">
        <div style="background-image: url('../../cdn.spesati.com/images/products/000504036/sterzing-vipiteno-yogurt-intero-stracciatella-500-g-01.png')">
            <div class="hover"></div>
            <p class="arrow bgRed white">Best Seller</p>
            <div class="stickers"></div>
        </div>
    </a>
    <div>
        <h4><a href="../yog-vipiteno-int-stracc-500gr.html"><b>Yog Vipiteno Int Stracc 500gr</b></a></h4>
        <p class="description">Sterzing Vipiteno Yogurt intero Stracciatella 500 g</p>
        <p class="right price"><b>2.19 €</b></p>
        <p class="right unitPrice">4.38 € per kg</p>
    </div>
    <div class="contButton">
    <a class="button bgRed white addToCart" href="#">Add</a>
</div>
</div><div class="left product prod15"
        data-name="Yogurt Vipiteno Intero Bianco 400Gr"
        data-price="1.89"
        data-id="6974"
        data-available="yes"
        data-category="1954"
        data-bestselling="">
    <a href="../yogurt-vipiteno-intero-bianco-400gr.html">
        <div style="background-image: url('../../cdn.spesati.com/images/products/000504027/sterzing-vipiteno-yogurt-intero-bianco-400-g-01.png')">
            <div class="hover"></div>
            
            <div class="stickers"></div>
        </div>
    </a>
    <div>
        <h4><a href="../yogurt-vipiteno-intero-bianco-400gr.html"><b>Yogurt Vipiteno Intero Bianco 400Gr</b></a></h4>
        <p class="description">Sterzing Vipiteno Yogurt intero Bianco 400 g</p>
        <p class="right price"><b>1.89 €</b></p>
        <p class="right unitPrice">4.73 € per kg</p>
    </div>
    <div class="contButton">
    <a class="button bgRed white addToCart" href="#">Add</a>
</div>
</div><div class="left product prod16"
        data-name="Yog 3a Da Bere Ad Banana 200ml"
        data-price="1.49"
        data-id="88745"
        data-available="yes"
        data-category="1954"
        data-bestselling="2">
    <a href="../yog-3a-da-bere-ad-banana-200ml.html">
        <div style="background-image: url('../../cdn.spesati.com/images/products/000441137/arborea-ad-alta-digeribilita-yogurt-da-bere-senza-lattosio-banana-200-g-01.png')">
            <div class="hover"></div>
            <p class="arrow bgRed white">Best Seller</p>
            <div class="stickers"></div>
        </div>
    </a>
    <div>
        <h4><a href="../yog-3a-da-bere-ad-banana-200ml.html"><b>Yog 3a Da Bere Ad Banana 200ml</b></a></h4>
        <p class="description">Arborea Ad Alta Digeribilità Yogurt da Bere Senza Lattosio Banana 200 g</p>
        <p class="right price"><b>1.49 €</b></p>
        <p class="right unitPrice">7.46 € per kg</p>
    </div>
    <div class="contButton">
    <a class="button bgRed white addToCart" href="#">Add</a>
</div>
</div><div class="left product prod17"
        data-name="Yog Fage Total Greco 950gr"
        data-price="52.80"
        data-id="77215"
        data-available="yes"
        data-category="1954"
        data-bestselling="">
    <a href="../yog-fage-total-greco-950gr.html">
        <div style="background-image: url('../../cdn.spesati.com/images/products/000431851/fage-total-5-grassi-950-g-01.png')">
            <div class="hover"></div>
            
            <div class="stickers"></div>
        </div>
    </a>
    <div>
        <h4><a href="../yog-fage-total-greco-950gr.html"><b>Yog Fage Total Greco 950gr</b></a></h4>
        <p class="description">Fage Total 5% Grassi 950 g</p>
        <p class="right price"><b>52.80 €</b></p>
        <p class="right unitPrice">8.95 € per kg</p>
    </div>
    <div class="contButton">
    <a class="button bgRed white addToCart" href="#">Add</a>
</div>
</div><div class="left product prod18"
        data-name="Yog Fage Fruyo 0% Mango 150gr"
        data-price="1.85"
        data-id="76203"
        data-available="yes"
        data-category="1954"
        data-bestselling="">
    <a href="../yog-fage-fruyo-0-mango-150gr.html">
        <div style="background-image: url('../../cdn.spesati.com/images/products/000431837/fage-fruyo-mango-0-grassi-150-g-01.png')">
            <div class="hover"></div>
            
            <div class="stickers"></div>
        </div>
    </a>
    <div>
        <h4><a href="../yog-fage-fruyo-0-mango-150gr.html"><b>Yog Fage Fruyo 0% Mango 150gr</b></a></h4>
        <p class="description">Fage fruyo Mango 0% Grassi 150 g</p>
        <p class="right price"><b>1.85 €</b></p>
        <p class="right unitPrice">12.33 € per kg</p>
    </div>
    <div class="contButton">
    <a class="button bgRed white addToCart" href="#">Add</a>
</div>
</div><div class="left product prod19"
        data-name="Yog Fage Total 0% Bianco 150gr"
        data-price="1.69"
        data-id="75926"
        data-available="yes"
        data-category="1954"
        data-bestselling="3">
    <a href="../yog-fage-total-0-bianco-150gr.html">
        <div style="background-image: url('../../cdn.spesati.com/images/products/000431828/fage-total-0-grassi-150-g-01.png')">
            <div class="hover"></div>
            <p class="arrow bgRed white">Best Seller</p>
            <div class="stickers"></div>
        </div>
    </a>
    <div>
        <h4><a href="../yog-fage-total-0-bianco-150gr.html"><b>Yog Fage Total 0% Bianco 150gr</b></a></h4>
        <p class="description">Fage Total 0% Grassi 150 g</p>
        <p class="right price"><b>1.69 €</b></p>
        <p class="right unitPrice">11.26 € per kg</p>
    </div>
    <div class="contButton">
    <a class="button bgRed white addToCart" href="#">Add</a>
</div>
</div><div class="left product prod20"
        data-name="Yog Fage Total 2% Bianco 150gr"
        data-price="1.69"
        data-id="75923"
        data-available="yes"
        data-category="1954"
        data-bestselling="">
    <a href="../yog-fage-total-2-bianco-150gr.html">
        <div style="background-image: url('../../cdn.spesati.com/images/products/000431827/fage-total-2-grassi-150-g-01.png')">
            <div class="hover"></div>
            
            <div class="stickers"></div>
        </div>
    </a>
    <div>
        <h4><a href="../yog-fage-total-2-bianco-150gr.html"><b>Yog Fage Total 2% Bianco 150gr</b></a></h4>
        <p class="description">Fage Total 2% Grassi 150 g</p>
        <p class="right price"><b>1.69 €</b></p>
        <p class="right unitPrice">11.26 € per kg</p>
    </div>
    <div class="contButton">
    <a class="button bgRed white addToCart" href="#">Add</a>
</div>
</div><div class="left product prod21"
        data-name="Yog Fage Total Bianco 150gr"
        data-price="1.69"
        data-id="78841"
        data-available="yes"
        data-category="1954"
        data-bestselling="1">
    <a href="../yog-fage-total-bianco-150gr.html">
        <div style="background-image: url('../../cdn.spesati.com/images/products/000431825/fage-total-5-grassi-150-g-01.png')">
            <div class="hover"></div>
            <p class="arrow bgRed white">Best Seller</p>
            <div class="stickers"></div>
        </div>
    </a>
    <div>
        <h4><a href="../yog-fage-total-bianco-150gr.html"><b>Yog Fage Total Bianco 150gr</b></a></h4>
        <p class="description">Fage Total 5% Grassi 150 g</p>
        <p class="right price"><b>1.69 €</b></p>
        <p class="right unitPrice">11.26 € per kg</p>
    </div>
    <div class="contButton">
    <a class="button bgRed white addToCart" href="#">Add</a>
</div>
</div><div class="left product prod22"
        data-name="Yogurt 3a Naturale Magro 500gr"
        data-price="2.99"
        data-id="69705"
        data-available="yes"
        data-category="1954"
        data-bestselling="">
    <a href="../yogurt-3a-naturale-magro-500gr.html">
        <div style="background-image: url('../../cdn.spesati.com/images/products/000431058/arborea-yogurt-zero-grassi-bianco-500-g-01.png')">
            <div class="hover"></div>
            
            <div class="stickers"></div>
        </div>
    </a>
    <div>
        <h4><a href="../yogurt-3a-naturale-magro-500gr.html"><b>Yogurt 3a Naturale Magro 500gr</b></a></h4>
        <p class="description">Arborea Yogurt Zero Grassi Bianco 500 g</p>
        <p class="right price"><b>2.99 €</b></p>
        <p class="right unitPrice">2.99 € per piece</p>
    </div>
    <div class="contButton">
    <a class="button bgRed white addToCart" href="#">Add</a>
</div>
</div><div class="left product prod23"
        data-name="Yogurt 3a Magro Mirtillo 125x2"
        data-price="1.45"
        data-id="59196"
        data-available="yes"
        data-category="1954"
        data-bestselling="">
    <a href="../yogurt-3a-magro-mirtillo-125x2.html">
        <div style="background-image: url('../../cdn.spesati.com/images/products/000129725/arborea-yogurt-zero-grassi-mirtillo-2-x-125-g-01.png')">
            <div class="hover"></div>
            
            <div class="stickers"></div>
        </div>
    </a>
    <div>
        <h4><a href="../yogurt-3a-magro-mirtillo-125x2.html"><b>Yogurt 3a Magro Mirtillo 125x2</b></a></h4>
        <p class="description">Arborea Yogurt Zero Grassi Mirtillo 2 x 125 g</p>
        <p class="right price"><b>1.45 €</b></p>
        <p class="right unitPrice">5.80 € per kg</p>
    </div>
    <div class="contButton">
    <a class="button bgRed white addToCart" href="#">Add</a>
</div>
</div><div class="left product prod24"
        data-name="Yogurt 3a Intero Bianco 125x8"
        data-price="4.65"
        data-id="59499"
        data-available="yes"
        data-category="1954"
        data-bestselling="">
    <a href="../yogurt-3a-intero-bianco-125x8.html">
        <div style="background-image: url('../../cdn.spesati.com/images/products/000129723/arborea-yogurt-intero-da-latte-di-alta-qualita-bianco-8-x-125-g-01.png')">
            <div class="hover"></div>
            
            <div class="stickers"></div>
        </div>
    </a>
    <div>
        <h4><a href="../yogurt-3a-intero-bianco-125x8.html"><b>Yogurt 3a Intero Bianco 125x8</b></a></h4>
        <p class="description">Arborea Yogurt Intero da Latte di Alta Qualità Bianco 8 x 125 g</p>
        <p class="right price"><b>4.65 €</b></p>
        <p class="right unitPrice">4.65 € per kg</p>
    </div>
    <div class="contButton">
    <a class="button bgRed white addToCart" href="#">Add</a>
</div>
</div><div class="left product prod25"
        data-name="Yogurt 3a Magro Bianco 125x8"
        data-price="4.65"
        data-id="59496"
        data-available="yes"
        data-category="1954"
        data-bestselling="">
    <a href="../yogurt-3a-magro-bianco-125x8.html">
        <div style="background-image: url('../../cdn.spesati.com/images/products/000129722/arborea-yogurt-zero-grassi-bianco-8-x-125-g-01.png')">
            <div class="hover"></div>
            
            <div class="stickers"></div>
        </div>
    </a>
    <div>
        <h4><a href="../yogurt-3a-magro-bianco-125x8.html"><b>Yogurt 3a Magro Bianco 125x8</b></a></h4>
        <p class="description">Arborea Yogurt Zero Grassi Bianco 8 x 125 g</p>
        <p class="right price"><b>4.65 €</b></p>
        <p class="right unitPrice">4.65 € per kg</p>
    </div>
    <div class="contButton">
    <a class="button bgRed white addToCart" href="#">Add</a>
</div>
</div><div class="left product prod26"
        data-name="Yog 3a Da Bere Ad Fragol 200ml"
        data-price="1.49"
        data-id="59490"
        data-available="yes"
        data-category="1954"
        data-bestselling="1">
    <a href="../yog-3a-da-bere-ad-fragol-200ml.html">
        <div style="background-image: url('../../cdn.spesati.com/images/products/000129720/arborea-ad-alta-digeribilita-yogurt-da-bere-senza-lattosio-fragola-200-g-01.png')">
            <div class="hover"></div>
            <p class="arrow bgRed white">Best Seller</p>
            <div class="stickers"></div>
        </div>
    </a>
    <div>
        <h4><a href="../yog-3a-da-bere-ad-fragol-200ml.html"><b>Yog 3a Da Bere Ad Fragol 200ml</b></a></h4>
        <p class="description">Arborea Ad Alta digeribilità Yogurt da Bere Senza Lattosio Fragola 200 g</p>
        <p class="right price"><b>1.49 €</b></p>
        <p class="right unitPrice">7.46 € per kg</p>
    </div>
    <div class="contButton">
    <a class="button bgRed white addToCart" href="#">Add</a>
</div>
</div><div class="left product prod27"
        data-name="Yog 3a Bere Frut Di Bosc 200gr"
        data-price="1.35"
        data-id="27165"
        data-available="yes"
        data-category="1954"
        data-bestselling="6">
    <a href="../yog-3a-bere-frut-di-bosc-200gr.html">
        <div style="background-image: url('../../cdn.spesati.com/images/products/000129707/arborea-yogurt-da-bere-frutti-di-bosco-200-g-01.png')">
            <div class="hover"></div>
            <p class="arrow bgRed white">Best Seller</p>
            <div class="stickers"></div>
        </div>
    </a>
    <div>
        <h4><a href="../yog-3a-bere-frut-di-bosc-200gr.html"><b>Yog 3a Bere Frut Di Bosc 200gr</b></a></h4>
        <p class="description">Arborea Yogurt da Bere Frutti di bosco 200 g</p>
        <p class="right price"><b>1.35 €</b></p>
        <p class="right unitPrice">6.75 € per kg</p>
    </div>
    <div class="contButton">
    <a class="button bgRed white addToCart" href="#">Add</a>
</div>
</div><div class="left product prod28"
        data-name="Yog Vipiteno Int Mirt R 2x125g"
        data-price="1.19"
        data-id="82115"
        data-available="yes"
        data-category="1954"
        data-bestselling="">
    <a href="../yog-vipiteno-int-mirt-r-2x125g.html">
        <div style="background-image: url('../../cdn.spesati.com/images/products/000120142/sterzing-vipiteno-sapori-di-vipiteno-yogurt-al-mirtillo-rosso-2-x-125-g-01.png')">
            <div class="hover"></div>
            
            <div class="stickers"></div>
        </div>
    </a>
    <div>
        <h4><a href="../yog-vipiteno-int-mirt-r-2x125g.html"><b>Yog Vipiteno Int Mirt R 2x125g</b></a></h4>
        <p class="description">Sterzing Vipiteno Sapori di Vipiteno Yogurt al mirtillo rosso 2 x 125 g</p>
        <p class="right price"><b>1.19 €</b></p>
        <p class="right unitPrice">4.76 € per kg</p>
    </div>
    <div class="contButton">
    <a class="button bgRed white addToCart" href="#">Add</a>
</div>
</div><div class="left product prod29"
        data-name="Yog Vipiteno Int Bianco 2x125g"
        data-price="0.94"
        data-id="82112"
        data-available="yes"
        data-category="1954"
        data-bestselling="">
    <a href="../yog-vipiteno-int-bianco-2x125g.html">
        <div style="background-image: url('../../cdn.spesati.com/images/products/000120123/sterzing-vipiteno-yogurt-intero-bianco-2-x-125-g-01.png')">
            <div class="hover"></div>
            
            <div class="stickers"></div>
        </div>
    </a>
    <div>
        <h4><a href="../yog-vipiteno-int-bianco-2x125g.html"><b>Yog Vipiteno Int Bianco 2x125g</b></a></h4>
        <p class="description">Sterzing Vipiteno Yogurt intero Bianco 2 x 125 g</p>
        <p class="right price"><b>0.94 €</b></p>
        <p class="right unitPrice">3.75 € per kg</p>
    </div>
    <div class="contButton">
    <a class="button bgRed white addToCart" href="#">Add</a>
</div>
</div><div class="left product prod30"
        data-name="Yog 3a Magro Frutta 8x125gr"
        data-price="4.65"
        data-id="26197"
        data-available="yes"
        data-category="1954"
        data-bestselling="">
    <a href="../yog-3a-magro-frutta-8x125gr.html">
        <div style="background-image: url('../../cdn.spesati.com/images/products/000115154/arborea-yogurt-zero-grassi-2-fragola-2-ananas-2-banana-2-agrumi-8-x-125-g-01.png')">
            <div class="hover"></div>
            
            <div class="stickers"></div>
        </div>
    </a>
    <div>
        <h4><a href="../yog-3a-magro-frutta-8x125gr.html"><b>Yog 3a Magro Frutta 8x125gr</b></a></h4>
        <p class="description">Arborea Yogurt Zero Grassi 2 Fragola, 2 Ananas, 2 Banana, 2 Agrumi 8 x 125 g</p>
        <p class="right price"><b>4.65 €</b></p>
        <p class="right unitPrice">4.65 € per kg</p>
    </div>
    <div class="contButton">
    <a class="button bgRed white addToCart" href="#">Add</a>
</div>
</div><div class="left product prod31"
        data-name="Yogurt Muller Mix Bora Bora 150Gr"
        data-price="1.19"
        data-id="6134"
        data-available="yes"
        data-category="1954"
        data-bestselling="">
    <a href="../yogurt-muller-mix-bora-bora-150gr.html">
        <div style="background-image: url('../../cdn.spesati.com/images/products/000106350/mueller-mix-bora-bora-yogurt-al-cocco-palline-al-lime-150-g-01.png')">
            <div class="hover"></div>
            
            <div class="stickers"></div>
        </div>
    </a>
    <div>
        <h4><a href="../yogurt-muller-mix-bora-bora-150gr.html"><b>Yogurt Muller Mix Bora Bora 150Gr</b></a></h4>
        <p class="description">müller Mix Bora Bora Yogurt al Cocco + Palline al Lime 150 g</p>
        <p class="right price"><b>1.19 €</b></p>
        <p class="right unitPrice">7.93 € per kg</p>
    </div>
    <div class="contButton">
    <a class="button bgRed white addToCart" href="#">Add</a>
</div>
</div><div class="left product prod32"
        data-name="Arborea Yogurt Magro 2x125Gr"
        data-price="1.25"
        data-id="2234"
        data-available="yes"
        data-category="1954"
        data-bestselling="5">
    <a href="../arborea-yogurt-magro-2x125gr.html">
        <div style="background-image: url('../../cdn.spesati.com/images/products/000106121/arborea-yogurt-zero-grassi-bianco-2-x-125-g-01.png')">
            <div class="hover"></div>
            <p class="arrow bgRed white">Best Seller</p>
            <div class="stickers"></div>
        </div>
    </a>
    <div>
        <h4><a href="../arborea-yogurt-magro-2x125gr.html"><b>Arborea Yogurt Magro 2x125Gr</b></a></h4>
        <p class="description">Arborea Yogurt Zero Grassi Bianco 2 x 125 g</p>
        <p class="right price"><b>1.25 €</b></p>
        <p class="right unitPrice">4.99 € per kg</p>
    </div>
    <div class="contButton">
    <a class="button bgRed white addToCart" href="#">Add</a>
</div>
</div><div class="left product prod33"
        data-name="Arborea Yogurt Magro Kiwi Cereali"
        data-price="1.45"
        data-id="3718"
        data-available="yes"
        data-category="1954"
        data-bestselling="1">
    <a href="../arborea-yogurt-magro-kiwi-cereali.html">
        <div style="background-image: url('../../cdn.spesati.com/images/products/000106116/arborea-yogurt-zero-grassi-kiwi-cereali-2-x-125-g-01.png')">
            <div class="hover"></div>
            <p class="arrow bgRed white">Best Seller</p>
            <div class="stickers"></div>
        </div>
    </a>
    <div>
        <h4><a href="../arborea-yogurt-magro-kiwi-cereali.html"><b>Arborea Yogurt Magro Kiwi Cereali</b></a></h4>
        <p class="description">Arborea Yogurt Zero Grassi Kiwi Cereali 2 x 125 g</p>
        <p class="right price"><b>1.45 €</b></p>
        <p class="right unitPrice">5.80 € per kg</p>
    </div>
    <div class="contButton">
    <a class="button bgRed white addToCart" href="#">Add</a>
</div>
</div><div class="left product prod34"
        data-name="Yogurt Magro Ananas"
        data-price="2.12"
        data-id="3717"
        data-available="yes"
        data-category="1954"
        data-bestselling="2">
    <a href="../yogurt-magro-ananas.html">
        <div style="background-image: url('../../cdn.spesati.com/images/products/000106115/arborea-yogurt-zero-grassi-ananas-in-pezzi-2-x-125-g-01.png')">
            <div class="hover"></div>
            <p class="arrow bgRed white">Best Seller</p>
            <div class="stickers"></div>
        </div>
    </a>
    <div>
        <h4><a href="../yogurt-magro-ananas.html"><b>Yogurt Magro Ananas</b></a></h4>
        <p class="description">Arborea Yogurt Zero Grassi Ananas in pezzi 2 x 125 g</p>
        <p class="right price"><b>2.12 €</b></p>
        <p class="right unitPrice">8.46 € per kg</p>
    </div>
    <div class="contButton">
    <a class="button bgRed white addToCart" href="#">Add</a>
</div>
</div><div class="left product prod35"
        data-name="Yogurt Bayerland Naturale 5kg"
        data-price="19.12"
        data-id="24805"
        data-available="yes"
        data-category="1954"
        data-bestselling="">
    <a href="../yogurt-bayerland-naturale-5kg.html">
        <div style="background-image: url('../../cdn.spesati.com/images/products/000105798/bayernland-yogurt-mild-bianco-5-kg-01.png')">
            <div class="hover"></div>
            
            <div class="stickers"></div>
        </div>
    </a>
    <div>
        <h4><a href="../yogurt-bayerland-naturale-5kg.html"><b>Yogurt Bayerland Naturale 5kg</b></a></h4>
        <p class="description">Bayernland Yogurt mild bianco 5 kg</p>
        <p class="right price"><b>19.12 €</b></p>
        <p class="right unitPrice">3.83 € per litre</p>
    </div>
    <div class="contButton">
    <a class="button bgRed white addToCart" href="#">Add</a>
</div>
</div><div class="left product prod36"
        data-name="Yog 3a Magro Banana 2x125gr"
        data-price="1.45"
        data-id="24779"
        data-available="yes"
        data-category="1954"
        data-bestselling="2">
    <a href="../yog-3a-magro-banana-2x125gr.html">
        <div style="background-image: url('../../cdn.spesati.com/images/products/000105692/arborea-yogurt-zero-grassi-banana-in-pezzi-2-x-125-g-01.png')">
            <div class="hover"></div>
            <p class="arrow bgRed white">Best Seller</p>
            <div class="stickers"></div>
        </div>
    </a>
    <div>
        <h4><a href="../yog-3a-magro-banana-2x125gr.html"><b>Yog 3a Magro Banana 2x125gr</b></a></h4>
        <p class="description">Arborea Yogurt Zero Grassi Banana in pezzi 2 x 125 g</p>
        <p class="right price"><b>1.45 €</b></p>
        <p class="right unitPrice">5.80 € per kg</p>
    </div>
    <div class="contButton">
    <a class="button bgRed white addToCart" href="#">Add</a>
</div>
</div><div class="left product prod37"
        data-name="Yogurt Intero Ciliegia Frullata"
        data-price="1.39"
        data-id="4315"
        data-available="yes"
        data-category="1954"
        data-bestselling="">
    <a href="../yogurt-intero-ciliegia-frullata.html">
        <div style="background-image: url('../../cdn.spesati.com/images/products/000105691/arborea-yogurt-intero-da-latte-di-alta-qualita-ciliegia-frullata-2-x-125-g-01.png')">
            <div class="hover"></div>
            
            <div class="stickers"></div>
        </div>
    </a>
    <div>
        <h4><a href="../yogurt-intero-ciliegia-frullata.html"><b>Yogurt Intero Ciliegia Frullata</b></a></h4>
        <p class="description">Arborea Yogurt Intero da Latte di Alta Qualità Ciliegia Frullata 2 x 125 g</p>
        <p class="right price"><b>1.39 €</b></p>
        <p class="right unitPrice">5.57 € per kg</p>
    </div>
    <div class="contButton">
    <a class="button bgRed white addToCart" href="#">Add</a>
</div>
</div><div class="left product prod38"
        data-name="Yogurt Intero Albicocca Frullata"
        data-price="1.39"
        data-id="4314"
        data-available="yes"
        data-category="1954"
        data-bestselling="">
    <a href="../yogurt-intero-albicocca-frullata.html">
        <div style="background-image: url('../../cdn.spesati.com/images/products/000105690/arborea-yogurt-intero-da-latte-di-alta-qualita-albicocca-frullata-2-x-125-g-01.png')">
            <div class="hover"></div>
            
            <div class="stickers"></div>
        </div>
    </a>
    <div>
        <h4><a href="../yogurt-intero-albicocca-frullata.html"><b>Yogurt Intero Albicocca Frullata</b></a></h4>
        <p class="description">Arborea Yogurt Intero da Latte di Alta Qualità Albicocca Frullata 2 x 125 g</p>
        <p class="right price"><b>1.39 €</b></p>
        <p class="right unitPrice">5.57 € per kg</p>
    </div>
    <div class="contButton">
    <a class="button bgRed white addToCart" href="#">Add</a>
</div>
</div><div class="left product prod39"
        data-name="Yogurt Intero Vaniglia"
        data-price="1.39"
        data-id="4316"
        data-available="yes"
        data-category="1954"
        data-bestselling="">
    <a href="../yogurt-intero-vaniglia.html">
        <div style="background-image: url('../../cdn.spesati.com/images/products/000105689/arborea-yogurt-intero-da-latte-di-alta-qualita-vaniglia-2-x-125-g-01.png')">
            <div class="hover"></div>
            
            <div class="stickers"></div>
        </div>
    </a>
    <div>
        <h4><a href="../yogurt-intero-vaniglia.html"><b>Yogurt Intero Vaniglia</b></a></h4>
        <p class="description">Arborea Yogurt Intero da Latte di Alta Qualità Vaniglia 2 x 125 g</p>
        <p class="right price"><b>1.39 €</b></p>
        <p class="right unitPrice">5.57 € per kg</p>
    </div>
    <div class="contButton">
    <a class="button bgRed white addToCart" href="#">Add</a>
</div>
</div><div class="left product prod40"
        data-name="Yog Sojasun Bifid Bianco 250gr"
        data-price="1.45"
        data-id="68292"
        data-available="yes"
        data-category="1954"
        data-bestselling="">
    <a href="../yog-sojasun-bifid-bianco-250gr.html">
        <div style="background-image: url('../../cdn.spesati.com/images/products/000105673/sojasun-bifidus-bianco-250-g-01.png')">
            <div class="hover"></div>
            
            <div class="stickers"></div>
        </div>
    </a>
    <div>
        <h4><a href="../yog-sojasun-bifid-bianco-250gr.html"><b>Yog Sojasun Bifid Bianco 250gr</b></a></h4>
        <p class="description">Sojasun Bifidus Bianco 250 g</p>
        <p class="right price"><b>1.45 €</b></p>
        <p class="right unitPrice">5.80 € per kg</p>
    </div>
    <div class="contButton">
    <a class="button bgRed white addToCart" href="#">Add</a>
</div>
</div><div class="left product prod41"
        data-name="Yog Natur Magro Coapla 2x125gr"
        data-price="1.91"
        data-id="24759"
        data-available="yes"
        data-category="1954"
        data-bestselling="4">
    <a href="../yog-natur-magro-coapla-2x125gr.html">
        <div style="background-image: url('../../cdn.spesati.com/images/products/000105550/coapla-yogurt-magro-bianco-in-forma-01-di-grassi-2-x-125-g-01.png')">
            <div class="hover"></div>
            <p class="arrow bgRed white">Best Seller</p>
            <div class="stickers"></div>
        </div>
    </a>
    <div>
        <h4><a href="../yog-natur-magro-coapla-2x125gr.html"><b>Yog Natur Magro Coapla 2x125gr</b></a></h4>
        <p class="description">Coapla Yogurt Magro Bianco in Forma 0,1% di Grassi 2 x 125 g</p>
        <p class="right price"><b>1.91 €</b></p>
        <p class="right unitPrice">7.65 € per kg</p>
    </div>
    <div class="contButton">
    <a class="button bgRed white addToCart" href="#">Add</a>
</div>
</div><div class="left product prod42"
        data-name="Yogurt 3A Ad Bianco Naturale 2X125Gr"
        data-price="1.55"
        data-id="6971"
        data-available="yes"
        data-category="1954"
        data-bestselling="10">
    <a href="../yogurt-3a-ad-bianco-naturale-2x125gr.html">
        <div style="background-image: url('../../cdn.spesati.com/images/products/000105064/arborea-ad-alta-digeribilita-yogurt-bianco-senza-lattosio-zero-grassi-2-x-125-g-01.png')">
            <div class="hover"></div>
            <p class="arrow bgRed white">Best Seller</p>
            <div class="stickers"><img class="left" src="../../cdn.spesati.com/images/layout/sardinian.png" /></div>
        </div>
    </a>
    <div>
        <h4><a href="../yogurt-3a-ad-bianco-naturale-2x125gr.html"><b>Yogurt 3A Ad Bianco Naturale 2X125Gr</b></a></h4>
        <p class="description">Arborea Ad Alta digeribilità Yogurt Bianco Senza Lattosio zero grassi 2 x 125 g</p>
        <p class="right price"><b>1.55 €</b></p>
        <p class="right unitPrice">10.33 € per kg</p>
    </div>
    <div class="contButton">
    <a class="button bgRed white addToCart" href="#">Add</a>
</div>
</div><div class="left product prod43"
        data-name="Yogurt 3a Ad Fragola 2x125gr"
        data-price="1.55"
        data-id="24666"
        data-available="yes"
        data-category="1954"
        data-bestselling="3">
    <a href="../yogurt-3a-ad-fragola-2x125gr.html">
        <div style="background-image: url('../../cdn.spesati.com/images/products/000105062/arborea-ad-alta-digeribilita-yogurt-con-fragola-frullata-senza-lattosio-zero-grassi-2-x-125-g-01.png')">
            <div class="hover"></div>
            <p class="arrow bgRed white">Best Seller</p>
            <div class="stickers"></div>
        </div>
    </a>
    <div>
        <h4><a href="../yogurt-3a-ad-fragola-2x125gr.html"><b>Yogurt 3a Ad Fragola 2x125gr</b></a></h4>
        <p class="description">Arborea Ad Alta digeribilità Yogurt con Fragola frullata Senza Lattosio zero grassi 2 x 125 g</p>
        <p class="right price"><b>1.55 €</b></p>
        <p class="right unitPrice">6.20 € per kg</p>
    </div>
    <div class="contButton">
    <a class="button bgRed white addToCart" href="#">Add</a>
</div>
</div><div class="left product prod44"
        data-name="Arborea Yogurt Naturale Bianco 500Gr"
        data-price="3.05"
        data-id="2172"
        data-available="yes"
        data-category="1954"
        data-bestselling="2">
    <a href="../arborea-yogurt-naturale-bianco-500gr.html">
        <div style="background-image: url('../../cdn.spesati.com/images/products/000105047/arborea-yogurt-intero-da-latte-di-alta-qualita-bianco-500-g-01.png')">
            <div class="hover"></div>
            <p class="arrow bgRed white">Best Seller</p>
            <div class="stickers"><img class="left" src="../../cdn.spesati.com/images/layout/sardinian.png" /></div>
        </div>
    </a>
    <div>
        <h4><a href="../arborea-yogurt-naturale-bianco-500gr.html"><b>Arborea Yogurt Naturale Bianco 500Gr</b></a></h4>
        <p class="description">Arborea Yogurt Intero da Latte di Alta Qualità Bianco 500 g</p>
        <p class="right price"><b>3.05 €</b></p>
        <p class="right unitPrice">6.11 € per kg</p>
    </div>
    <div class="contButton">
    <a class="button bgRed white addToCart" href="#">Add</a>
</div>
</div><div class="left product prod45"
        data-name="Yogurt 3a Int Frutta 8x125gr"
        data-price="4.55"
        data-id="24663"
        data-available="yes"
        data-category="1954"
        data-bestselling="1">
    <a href="../yogurt-3a-int-frutta-8x125gr.html">
        <div style="background-image: url('../../cdn.spesati.com/images/products/000105046/arborea-yogurt-intero-da-latte-di-alta-qualita-2-albicocca-2-fragola-2-banana-2-ciliegia-8-x-125g-01.png')">
            <div class="hover"></div>
            <p class="arrow bgRed white">Best Seller</p>
            <div class="stickers"></div>
        </div>
    </a>
    <div>
        <h4><a href="../yogurt-3a-int-frutta-8x125gr.html"><b>Yogurt 3a Int Frutta 8x125gr</b></a></h4>
        <p class="description">Arborea Yogurt Intero da Latte di Alta Qualità 2 Albicocca, 2 Fragola, 2 Banana, 2 Ciliegia 8 x 125g</p>
        <p class="right price"><b>4.55 €</b></p>
        <p class="right unitPrice">4.55 € per kg</p>
    </div>
    <div class="contButton">
    <a class="button bgRed white addToCart" href="#">Add</a>
</div>
</div><div class="left product prod46"
        data-name="Arborea Yogurt Naturale Bianco 2x125 gr"
        data-price="1.25"
        data-id="4313"
        data-available="yes"
        data-category="1954"
        data-bestselling="2">
    <a href="../arborea-yogurt-naturale-bianco-2x125-gr.html">
        <div style="background-image: url('../../cdn.spesati.com/images/products/000105035/arborea-yogurt-intero-da-latte-di-alta-qualita-bianco-2-x-125-g-01.png')">
            <div class="hover"></div>
            <p class="arrow bgRed white">Best Seller</p>
            <div class="stickers"></div>
        </div>
    </a>
    <div>
        <h4><a href="../arborea-yogurt-naturale-bianco-2x125-gr.html"><b>Arborea Yogurt Naturale Bianco 2x125 gr</b></a></h4>
        <p class="description">Arborea Yogurt Intero da Latte di Alta Qualità Bianco 2 x 125 g</p>
        <p class="right price"><b>1.25 €</b></p>
        <p class="right unitPrice">4.99 € per kg</p>
    </div>
    <div class="contButton">
    <a class="button bgRed white addToCart" href="#">Add</a>
</div>
</div><div class="left product prod47"
        data-name="Yogurt Bayerland Frutta Assortita 125Gr"
        data-price="0.63"
        data-id="7033"
        data-available="no"
        data-category="1954"
        data-bestselling="">
    <a href="../yogurt-bayerland-frutta-assortita-125gr.html">
        <div style="background-image: url('../../cdn.spesati.com/images/products/105791/yogurt-bayerland-frutta-01.jpg')">
            <div class="hover"></div>
            
            <div class="stickers"></div>
        </div>
    </a>
    <div>
        <h4><a href="../yogurt-bayerland-frutta-assortita-125gr.html"><b>Yogurt Bayerland Frutta Assortita 125Gr</b></a></h4>
        <p class="description">0.13 Kg</p>
        <p class="right price"><b>0.63 €</b></p>
        <p class="right unitPrice">5.01 € per kg</p>
    </div>
    <div class="notAvailable">
    <a class="button bgDarkGrey white" href="../yogurt-bayerland-frutta-assortita-125gr.html">Not available</a>
</div>
</div><div class="left product prod48"
        data-name="Stuffer Yogurt Senza Lattosio Fragola"
        data-price="1.29"
        data-id="3826"
        data-available="no"
        data-category="1954"
        data-bestselling="">
    <a href="../stuffer-yogurt-senza-lattosio-fragola.html">
        <div style="background-image: url('../../cdn.spesati.com/images/products/000590394/stuffer-liberi-dal-lattosio-yogurt-magro-fragola-2-x-125-g-01.png')">
            <div class="hover"></div>
            
            <div class="stickers"><img class="left" src="../../cdn.spesati.com/images/layout/lactose-free.png" /></div>
        </div>
    </a>
    <div>
        <h4><a href="../stuffer-yogurt-senza-lattosio-fragola.html"><b>Stuffer Yogurt Senza Lattosio Fragola</b></a></h4>
        <p class="description">Stuffer Liberi dal lattosio Yogurt Magro Fragola 2 x 125 g</p>
        <p class="right price"><b>1.29 €</b></p>
        <p class="right unitPrice">5.16 € per kg</p>
    </div>
    <div class="notAvailable">
    <a class="button bgDarkGrey white" href="../stuffer-yogurt-senza-lattosio-fragola.html">Not available</a>
</div>
</div><div class="left product prod49"
        data-name="Stuffer Yogurt Senza Lattosio Bianco"
        data-price="1.13"
        data-id="2214"
        data-available="no"
        data-category="1954"
        data-bestselling="">
    <a href="../stuffer-yogurt-senza-lattosio-bianco.html">
        <div style="background-image: url('../../cdn.spesati.com/images/products/000590393/stuffer-liberi-dal-lattosio-yogurt-magro-bianco-2-x-125-g-01.png')">
            <div class="hover"></div>
            
            <div class="stickers"><img class="left" src="../../cdn.spesati.com/images/layout/lactose-free.png" /></div>
        </div>
    </a>
    <div>
        <h4><a href="../stuffer-yogurt-senza-lattosio-bianco.html"><b>Stuffer Yogurt Senza Lattosio Bianco</b></a></h4>
        <p class="description">Stuffer Liberi dal lattosio Yogurt Magro Bianco 2 x 125 g</p>
        <p class="right price"><b>1.13 €</b></p>
        <p class="right unitPrice">4.51 € per kg</p>
    </div>
    <div class="notAvailable">
    <a class="button bgDarkGrey white" href="../stuffer-yogurt-senza-lattosio-bianco.html">Not available</a>
</div>
</div><div class="left product prod50"
        data-name="Yog Bere Multfrut Alpli 500g"
        data-price="1.09"
        data-id="82190"
        data-available="no"
        data-category="1954"
        data-bestselling="2">
    <a href="../yog-bere-multfrut-alpli-500g.html">
        <div style="background-image: url('../../cdn.spesati.com/images/products/000572379/alpli-yogurt-da-bere-multifrutti-500-g-01.png')">
            <div class="hover"></div>
            <p class="arrow bgRed white">Best Seller</p>
            <div class="stickers"></div>
        </div>
    </a>
    <div>
        <h4><a href="../yog-bere-multfrut-alpli-500g.html"><b>Yog Bere Multfrut Alpli 500g</b></a></h4>
        <p class="description">alplì Yogurt da Bere Multifrutti 500 g</p>
        <p class="right price"><b>1.09 €</b></p>
        <p class="right unitPrice">2.18 € per kg</p>
    </div>
    <div class="notAvailable">
    <a class="button bgDarkGrey white" href="../yog-bere-multfrut-alpli-500g.html">Not available</a>
</div>
</div><div class="left product prod51"
        data-name="Yog Zymil Bianco S-l 2x125gr"
        data-price="1.45"
        data-id="34182"
        data-available="no"
        data-category="1954"
        data-bestselling="">
    <a href="../yog-zymil-bianco-s-l-2x125gr.html">
        <div style="background-image: url('../../cdn.spesati.com/images/products/000509193/zymil-alta-digeribilita-senza-lattosio-yogurt-bianco-2-x-125-g-01.png')">
            <div class="hover"></div>
            
            <div class="stickers"></div>
        </div>
    </a>
    <div>
        <h4><a href="../yog-zymil-bianco-s-l-2x125gr.html"><b>Yog Zymil Bianco S-l 2x125gr</b></a></h4>
        <p class="description">ZYMIL Alta Digeribilità Senza Lattosio Yogurt Bianco 2 x 125 g</p>
        <p class="right price"><b>1.45 €</b></p>
        <p class="right unitPrice">5.80 € per kg</p>
    </div>
    <div class="notAvailable">
    <a class="button bgDarkGrey white" href="../yog-zymil-bianco-s-l-2x125gr.html">Not available</a>
</div>
</div><div class="left product prod52"
        data-name="Yog Stuffer D Bere Banan S-lat"
        data-price="1.39"
        data-id="34036"
        data-available="no"
        data-category="1954"
        data-bestselling="">
    <a href="../yog-stuffer-d-bere-banan-s-lat.html">
        <div style="background-image: url('../../cdn.spesati.com/images/products/000506390/stuffer-liberi-dal-lattosio-yogurt-da-bere-zero-grassi-banana-200-g-01.png')">
            <div class="hover"></div>
            
            <div class="stickers"></div>
        </div>
    </a>
    <div>
        <h4><a href="../yog-stuffer-d-bere-banan-s-lat.html"><b>Yog Stuffer D Bere Banan S-lat</b></a></h4>
        <p class="description">Stuffer Liberi dal lattosio Yogurt da Bere zero grassi Banana 200 g</p>
        <p class="right price"><b>1.39 €</b></p>
        <p class="right unitPrice">6.95 € per kg</p>
    </div>
    <div class="notAvailable">
    <a class="button bgDarkGrey white" href="../yog-stuffer-d-bere-banan-s-lat.html">Not available</a>
</div>
</div><div class="left product prod53"
        data-name="Yog Stuffer D Bere Frag S-lat"
        data-price="1.39"
        data-id="34035"
        data-available="no"
        data-category="1954"
        data-bestselling="">
    <a href="../yog-stuffer-d-bere-frag-s-lat.html">
        <div style="background-image: url('../../cdn.spesati.com/images/products/000506389/stuffer-liberi-dal-lattosio-yogurt-da-bere-zero-grassi-fragola-200-g-01.png')">
            <div class="hover"></div>
            
            <div class="stickers"></div>
        </div>
    </a>
    <div>
        <h4><a href="../yog-stuffer-d-bere-frag-s-lat.html"><b>Yog Stuffer D Bere Frag S-lat</b></a></h4>
        <p class="description">Stuffer Liberi dal lattosio Yogurt da Bere zero grassi Fragola 200 g</p>
        <p class="right price"><b>1.39 €</b></p>
        <p class="right unitPrice">6.95 € per kg</p>
    </div>
    <div class="notAvailable">
    <a class="button bgDarkGrey white" href="../yog-stuffer-d-bere-frag-s-lat.html">Not available</a>
</div>
</div><div class="left product prod54"
        data-name="Yog Muller Crema Ciliegia 500g"
        data-price="2.75"
        data-id="33970"
        data-available="no"
        data-category="1954"
        data-bestselling="">
    <a href="../yog-muller-crema-ciliegia-500g.html">
        <div style="background-image: url('../../cdn.spesati.com/images/products/000504699/mueller-yogurt-cremoso-ciliegia-in-pezzi-500-g-01.png')">
            <div class="hover"></div>
            
            <div class="stickers"></div>
        </div>
    </a>
    <div>
        <h4><a href="../yog-muller-crema-ciliegia-500g.html"><b>Yog Muller Crema Ciliegia 500g</b></a></h4>
        <p class="description">müller Yogurt Cremoso Ciliegia in Pezzi 500 g</p>
        <p class="right price"><b>2.75 €</b></p>
        <p class="right unitPrice">5.50 € per kg</p>
    </div>
    <div class="notAvailable">
    <a class="button bgDarkGrey white" href="../yog-muller-crema-ciliegia-500g.html">Not available</a>
</div>
</div><div class="left product prod55"
        data-name="Yog Nestle Mio Mela 2x125gr"
        data-price="2.35"
        data-id="33968"
        data-available="no"
        data-category="1954"
        data-bestselling="">
    <a href="../yog-nestle-mio-mela-2x125gr.html">
        <div style="background-image: url('../../cdn.spesati.com/images/products/000504654/nestle-mio-yogurt-cremoso-mela-2-x-125-g-01.png')">
            <div class="hover"></div>
            
            <div class="stickers"></div>
        </div>
    </a>
    <div>
        <h4><a href="../yog-nestle-mio-mela-2x125gr.html"><b>Yog Nestle Mio Mela 2x125gr</b></a></h4>
        <p class="description">NESTLÉ MIO Yogurt Cremoso Mela 2 x 125 g</p>
        <p class="right price"><b>2.35 €</b></p>
        <p class="right unitPrice">9.39 € per kg</p>
    </div>
    <div class="notAvailable">
    <a class="button bgDarkGrey white" href="../yog-nestle-mio-mela-2x125gr.html">Not available</a>
</div>
</div><div class="left product prod56"
        data-name="Yog Nestle Mio Banan 2x125gr"
        data-price="2.35"
        data-id="33967"
        data-available="no"
        data-category="1954"
        data-bestselling="">
    <a href="../yog-nestle-mio-banan-2x125gr.html">
        <div style="background-image: url('../../cdn.spesati.com/images/products/000504648/nestle-mio-yogurt-cremoso-banana-2-x-125-g-01.png')">
            <div class="hover"></div>
            
            <div class="stickers"></div>
        </div>
    </a>
    <div>
        <h4><a href="../yog-nestle-mio-banan-2x125gr.html"><b>Yog Nestle Mio Banan 2x125gr</b></a></h4>
        <p class="description">NESTLÉ MIO Yogurt Cremoso Banana 2 x 125 g</p>
        <p class="right price"><b>2.35 €</b></p>
        <p class="right unitPrice">9.39 € per kg</p>
    </div>
    <div class="notAvailable">
    <a class="button bgDarkGrey white" href="../yog-nestle-mio-banan-2x125gr.html">Not available</a>
</div>
</div><div class="left product prod57"
        data-name="Nestle Fruttolo Yogurt Smarties Vaniglia 120Gr"
        data-price="1.25"
        data-id="6331"
        data-available="no"
        data-category="1954"
        data-bestselling="">
    <a href="../nestle-fruttolo-yogurt-smarties-vaniglia-120gr.html">
        <div style="background-image: url('../../cdn.spesati.com/images/products/000504646/nestle-smarties-da-fruttolo-alla-vaniglia-120-g-01.png')">
            <div class="hover"></div>
            
            <div class="stickers"></div>
        </div>
    </a>
    <div>
        <h4><a href="../nestle-fruttolo-yogurt-smarties-vaniglia-120gr.html"><b>Nestle Fruttolo Yogurt Smarties Vaniglia 120Gr</b></a></h4>
        <p class="description">NESTLÉ Smarties da Fruttolo alla vaniglia 120 g</p>
        <p class="right price"><b>1.25 €</b></p>
        <p class="right unitPrice">10.42 € per kg</p>
    </div>
    <div class="notAvailable">
    <a class="button bgDarkGrey white" href="../nestle-fruttolo-yogurt-smarties-vaniglia-120gr.html">Not available</a>
</div>
</div><div class="left product prod58"
        data-name="Yogurt Muller Mix Nocciole Cioccolato 150Gr"
        data-price="1.19"
        data-id="6380"
        data-available="no"
        data-category="1954"
        data-bestselling="6">
    <a href="../yogurt-muller-mix-nocciole-cioccolato-150gr.html">
        <div style="background-image: url('../../cdn.spesati.com/images/products/000504573/mueller-mix-yogurt-bianco-piu-nocciole-e-cioccolato-150-g-01.png')">
            <div class="hover"></div>
            <p class="arrow bgRed white">Best Seller</p>
            <div class="stickers"></div>
        </div>
    </a>
    <div>
        <h4><a href="../yogurt-muller-mix-nocciole-cioccolato-150gr.html"><b>Yogurt Muller Mix Nocciole Cioccolato 150Gr</b></a></h4>
        <p class="description">müller Mix Yogurt Bianco Più Nocciole e Cioccolato 150 g</p>
        <p class="right price"><b>1.19 €</b></p>
        <p class="right unitPrice">7.93 € per kg</p>
    </div>
    <div class="notAvailable">
    <a class="button bgDarkGrey white" href="../yogurt-muller-mix-nocciole-cioccolato-150gr.html">Not available</a>
</div>
</div><div class="left product prod59"
        data-name="Yog Zymil Fragola S-l 2x125gr"
        data-price="1.45"
        data-id="33956"
        data-available="no"
        data-category="1954"
        data-bestselling="">
    <a href="../yog-zymil-fragola-s-l-2x125gr.html">
        <div style="background-image: url('../../cdn.spesati.com/images/products/000504499/zymil-alta-digeribilita-senza-lattosio-yogurt-alla-fragola-2-x-125-g-01.png')">
            <div class="hover"></div>
            
            <div class="stickers"></div>
        </div>
    </a>
    <div>
        <h4><a href="../yog-zymil-fragola-s-l-2x125gr.html"><b>Yog Zymil Fragola S-l 2x125gr</b></a></h4>
        <p class="description">ZYMIL Alta Digeribilità Senza Lattosio Yogurt alla Fragola 2 x 125 g</p>
        <p class="right price"><b>1.45 €</b></p>
        <p class="right unitPrice">5.80 € per kg</p>
    </div>
    <div class="notAvailable">
    <a class="button bgDarkGrey white" href="../yog-zymil-fragola-s-l-2x125gr.html">Not available</a>
</div>
</div><div class="left product prod60"
        data-name="Yogurt Parmalat Banana 2X125"
        data-price="1.29"
        data-id="2238"
        data-available="no"
        data-category="1954"
        data-bestselling="">
    <a href="../yogurt-parmalat-banana-2x125.html">
        <div style="background-image: url('../../cdn.spesati.com/images/products/000504492/parmalat-yogurt-intero-alla-banana-vellutato-2-x-125-g-01.png')">
            <div class="hover"></div>
            
            <div class="stickers"></div>
        </div>
    </a>
    <div>
        <h4><a href="../yogurt-parmalat-banana-2x125.html"><b>Yogurt Parmalat Banana 2X125</b></a></h4>
        <p class="description">parmalat Yogurt Intero alla Banana Vellutato 2 x 125 g</p>
        <p class="right price"><b>1.29 €</b></p>
        <p class="right unitPrice">5.16 € per kg</p>
    </div>
    <div class="notAvailable">
    <a class="button bgDarkGrey white" href="../yogurt-parmalat-banana-2x125.html">Not available</a>
</div>
</div><div class="left product prod61"
        data-name="Yogurt Parmalat Fragola 2X125"
        data-price="1.29"
        data-id="2240"
        data-available="no"
        data-category="1954"
        data-bestselling="">
    <a href="../yogurt-parmalat-fragola-2x125.html">
        <div style="background-image: url('../../cdn.spesati.com/images/products/000504491/parmalat-yogurt-intero-alla-fragola-vellutato-2-x-125-g-01.png')">
            <div class="hover"></div>
            
            <div class="stickers"></div>
        </div>
    </a>
    <div>
        <h4><a href="../yogurt-parmalat-fragola-2x125.html"><b>Yogurt Parmalat Fragola 2X125</b></a></h4>
        <p class="description">parmalat Yogurt Intero alla Fragola Vellutato 2 x 125 g</p>
        <p class="right price"><b>1.29 €</b></p>
        <p class="right unitPrice">5.16 € per kg</p>
    </div>
    <div class="notAvailable">
    <a class="button bgDarkGrey white" href="../yogurt-parmalat-fragola-2x125.html">Not available</a>
</div>
</div><div class="left product prod62"
        data-name="Yog Parmalat Vell Ass 8x125gr"
        data-price="3.75"
        data-id="33954"
        data-available="no"
        data-category="1954"
        data-bestselling="">
    <a href="../yog-parmalat-vell-ass-8x125gr.html">
        <div style="background-image: url('../../cdn.spesati.com/images/products/000504403/parmalat-yogurt-intero-vellutato-2-ananas-2-banana-2-fragola-2-albicocca-8-x-125-g-01.png')">
            <div class="hover"></div>
            
            <div class="stickers"></div>
        </div>
    </a>
    <div>
        <h4><a href="../yog-parmalat-vell-ass-8x125gr.html"><b>Yog Parmalat Vell Ass 8x125gr</b></a></h4>
        <p class="description">parmalat Yogurt Intero Vellutato 2 Ananas, 2 Banana, 2 Fragola, 2 Albicocca 8 x 125 g</p>
        <p class="right price"><b>3.75 €</b></p>
        <p class="right unitPrice">3.75 € per kg</p>
    </div>
    <div class="notAvailable">
    <a class="button bgDarkGrey white" href="../yog-parmalat-vell-ass-8x125gr.html">Not available</a>
</div>
</div><div class="left product prod63"
        data-name="Yog Parmalat Pezzi As 8x125gr"
        data-price="3.75"
        data-id="33953"
        data-available="no"
        data-category="1954"
        data-bestselling="">
    <a href="../yog-parmalat-pezzi-as-8x125gr.html">
        <div style="background-image: url('../../cdn.spesati.com/images/products/000504385/parmalat-yogurt-intero-con-frutta-in-pezzi-2-fragola-2-ananas-2-ciliegia-2-frutti-di-bosco-8x125g-01.png')">
            <div class="hover"></div>
            
            <div class="stickers"></div>
        </div>
    </a>
    <div>
        <h4><a href="../yog-parmalat-pezzi-as-8x125gr.html"><b>Yog Parmalat Pezzi As 8x125gr</b></a></h4>
        <p class="description">parmalat Yogurt Intero con Frutta in Pezzi 2 Fragola, 2 Ananas, 2 Ciliegia, 2 Frutti di Bosco 8x125g</p>
        <p class="right price"><b>3.75 €</b></p>
        <p class="right unitPrice">3.75 € per kg</p>
    </div>
    <div class="notAvailable">
    <a class="button bgDarkGrey white" href="../yog-parmalat-pezzi-as-8x125gr.html">Not available</a>
</div>
</div><div class="left product prod64"
        data-name="Nestle Fruttolo Fragola Pera Banana 6X50Gr"
        data-price="2.69"
        data-id="5436"
        data-available="no"
        data-category="1954"
        data-bestselling="">
    <a href="../nestle-fruttolo-fragola-pera-banana-6x50gr.html">
        <div style="background-image: url('../../cdn.spesati.com/images/products/000504204/nestle-fruttolo-fragola-e-banana-mela-e-pera-pesca-e-albicocca-6-x-50-g-01.png')">
            <div class="hover"></div>
            
            <div class="stickers"></div>
        </div>
    </a>
    <div>
        <h4><a href="../nestle-fruttolo-fragola-pera-banana-6x50gr.html"><b>Nestle Fruttolo Fragola Pera Banana 6X50Gr</b></a></h4>
        <p class="description">NESTLÉ FRUTTOLO Fragola e Banana - Mela e Pera - Pesca e Albicocca 6 x 50 g</p>
        <p class="right price"><b>2.69 €</b></p>
        <p class="right unitPrice">8.96 € per kg</p>
    </div>
    <div class="notAvailable">
    <a class="button bgDarkGrey white" href="../nestle-fruttolo-fragola-pera-banana-6x50gr.html">Not available</a>
</div>
</div><div class="left product prod65"
        data-name="Nestle Fruttolo Yogurt Smarties Fragola 120Gr"
        data-price="1.25"
        data-id="5993"
        data-available="no"
        data-category="1954"
        data-bestselling="">
    <a href="../nestle-fruttolo-yogurt-smarties-fragola-120gr.html">
        <div style="background-image: url('../../cdn.spesati.com/images/products/000504203/nestle-smarties-da-fruttolo-alla-fragola-120-g-01.png')">
            <div class="hover"></div>
            
            <div class="stickers"></div>
        </div>
    </a>
    <div>
        <h4><a href="../nestle-fruttolo-yogurt-smarties-fragola-120gr.html"><b>Nestle Fruttolo Yogurt Smarties Fragola 120Gr</b></a></h4>
        <p class="description">NESTLÉ Smarties da Fruttolo alla fragola 120 g</p>
        <p class="right price"><b>1.25 €</b></p>
        <p class="right unitPrice">10.42 € per kg</p>
    </div>
    <div class="notAvailable">
    <a class="button bgDarkGrey white" href="../nestle-fruttolo-yogurt-smarties-fragola-120gr.html">Not available</a>
</div>
</div><div class="left product prod66"
        data-name="Yogurt Vipiteno Magro Bianco 400Gr"
        data-price="1.89"
        data-id="6528"
        data-available="no"
        data-category="1954"
        data-bestselling="">
    <a href="../yogurt-vipiteno-magro-bianco-400gr.html">
        <div style="background-image: url('../../cdn.spesati.com/images/products/000504028/sterzing-vipiteno-yogurt-magro-bianco-400-g-01.png')">
            <div class="hover"></div>
            
            <div class="stickers"></div>
        </div>
    </a>
    <div>
        <h4><a href="../yogurt-vipiteno-magro-bianco-400gr.html"><b>Yogurt Vipiteno Magro Bianco 400Gr</b></a></h4>
        <p class="description">Sterzing Vipiteno Yogurt magro Bianco 400 g</p>
        <p class="right price"><b>1.89 €</b></p>
        <p class="right unitPrice">4.73 € per kg</p>
    </div>
    <div class="notAvailable">
    <a class="button bgDarkGrey white" href="../yogurt-vipiteno-magro-bianco-400gr.html">Not available</a>
</div>
</div><div class="left product prod67"
        data-name="Vipiteno Yogurt Bio Fragola"
        data-price="1.49"
        data-id="3878"
        data-available="no"
        data-category="1954"
        data-bestselling="">
    <a href="../vipiteno-yogurt-bio-fragola.html">
        <div style="background-image: url('../../cdn.spesati.com/images/products/000504007/sterzing-vipiteno-bio-yogurt-da-latte-fieno-fragola-150-g-01.png')">
            <div class="hover"></div>
            
            <div class="stickers"><img class="left" src="../../cdn.spesati.com/images/layout/bio.png" /></div>
        </div>
    </a>
    <div>
        <h4><a href="../vipiteno-yogurt-bio-fragola.html"><b>Vipiteno Yogurt Bio Fragola</b></a></h4>
        <p class="description">Sterzing Vipiteno bio yogurt da latte fieno fragola 150 g</p>
        <p class="right price"><b>1.49 €</b></p>
        <p class="right unitPrice">9.93 € per kg</p>
    </div>
    <div class="notAvailable">
    <a class="button bgDarkGrey white" href="../vipiteno-yogurt-bio-fragola.html">Not available</a>
</div>
</div><div class="left product prod68"
        data-name="Yogurt Vipiteno Vetro Miele 150Gr"
        data-price="1.19"
        data-id="6970"
        data-available="no"
        data-category="1954"
        data-bestselling="">
    <a href="../yogurt-vipiteno-vetro-miele-150gr.html">
        <div style="background-image: url('../../cdn.spesati.com/images/products/000504004/sterzing-vipiteno-alpenjoghurt-miele-melissa-da-latte-fieno-150-g-01.png')">
            <div class="hover"></div>
            
            <div class="stickers"></div>
        </div>
    </a>
    <div>
        <h4><a href="../yogurt-vipiteno-vetro-miele-150gr.html"><b>Yogurt Vipiteno Vetro Miele 150Gr</b></a></h4>
        <p class="description">Sterzing Vipiteno Alpenjoghurt Miele-Melissa da Latte Fieno 150 g</p>
        <p class="right price"><b>1.19 €</b></p>
        <p class="right unitPrice">7.93 € per kg</p>
    </div>
    <div class="notAvailable">
    <a class="button bgDarkGrey white" href="../yogurt-vipiteno-vetro-miele-150gr.html">Not available</a>
</div>
</div><div class="left product prod69"
        data-name="Vipiteno Yogurt Limone Vetro"
        data-price="1.19"
        data-id="2223"
        data-available="no"
        data-category="1954"
        data-bestselling="">
    <a href="../vipiteno-yogurt-limone-vetro.html">
        <div style="background-image: url('../../cdn.spesati.com/images/products/000504003/sterzing-vipiteno-alpenjoghurt-limone-da-latte-fieno-150-g-01.png')">
            <div class="hover"></div>
            
            <div class="stickers"></div>
        </div>
    </a>
    <div>
        <h4><a href="../vipiteno-yogurt-limone-vetro.html"><b>Vipiteno Yogurt Limone Vetro</b></a></h4>
        <p class="description">Sterzing Vipiteno Alpenjoghurt Limone da Latte Fieno 150 g</p>
        <p class="right price"><b>1.19 €</b></p>
        <p class="right unitPrice">7.93 € per kg</p>
    </div>
    <div class="notAvailable">
    <a class="button bgDarkGrey white" href="../vipiteno-yogurt-limone-vetro.html">Not available</a>
</div>
</div><div class="left product prod70"
        data-name="Vipiteno Yogurt Fragola Vetro"
        data-price="1.32"
        data-id="2222"
        data-available="no"
        data-category="1954"
        data-bestselling="">
    <a href="../vipiteno-yogurt-fragola-vetro.html">
        <div style="background-image: url('../../cdn.spesati.com/images/products/000504002/sterzing-vipiteno-alpenjoghurt-fragola-da-latte-fieno-150-g-01.png')">
            <div class="hover"></div>
            
            <div class="stickers"></div>
        </div>
    </a>
    <div>
        <h4><a href="../vipiteno-yogurt-fragola-vetro.html"><b>Vipiteno Yogurt Fragola Vetro</b></a></h4>
        <p class="description">Sterzing Vipiteno Alpenjoghurt Fragola da Latte Fieno 150 g</p>
        <p class="right price"><b>1.32 €</b></p>
        <p class="right unitPrice">8.80 € per kg</p>
    </div>
    <div class="notAvailable">
    <a class="button bgDarkGrey white" href="../vipiteno-yogurt-fragola-vetro.html">Not available</a>
</div>
</div><div class="left product prod71"
        data-name="Vipiteno Yogurt Bianco Vetro"
        data-price="0.86"
        data-id="2220"
        data-available="no"
        data-category="1954"
        data-bestselling="">
    <a href="../vipiteno-yogurt-bianco-vetro.html">
        <div style="background-image: url('../../cdn.spesati.com/images/products/000504001/sterzing-vipiteno-alpenjoghurt-intero-bianco-da-latte-fieno-150-g-01.png')">
            <div class="hover"></div>
            
            <div class="stickers"></div>
        </div>
    </a>
    <div>
        <h4><a href="../vipiteno-yogurt-bianco-vetro.html"><b>Vipiteno Yogurt Bianco Vetro</b></a></h4>
        <p class="description">Sterzing Vipiteno Alpenjoghurt Intero Bianco da Latte Fieno 150 g</p>
        <p class="right price"><b>0.86 €</b></p>
        <p class="right unitPrice">5.75 € per kg</p>
    </div>
    <div class="notAvailable">
    <a class="button bgDarkGrey white" href="../vipiteno-yogurt-bianco-vetro.html">Not available</a>
</div>
</div><div class="left product prod72"
        data-name="Yog Hipro Bianco 480g"
        data-price="4.55"
        data-id="82163"
        data-available="no"
        data-category="1954"
        data-bestselling="">
    <a href="../yog-hipro-bianco-480g.html">
        <div style="background-image: url('../../cdn.spesati.com/images/products/000441237/hipro-spoon-48g-proteine-bianco-480-g-01.png')">
            <div class="hover"></div>
            
            <div class="stickers"></div>
        </div>
    </a>
    <div>
        <h4><a href="../yog-hipro-bianco-480g.html"><b>Yog Hipro Bianco 480g</b></a></h4>
        <p class="description">HiPRO Spoon 48g Proteine Bianco 480 g</p>
        <p class="right price"><b>4.55 €</b></p>
        <p class="right unitPrice">9.48 € per kg</p>
    </div>
    <div class="notAvailable">
    <a class="button bgDarkGrey white" href="../yog-hipro-bianco-480g.html">Not available</a>
</div>
</div><div class="left product prod73"
        data-name="Pouch Hipro Frutti Bosco 200g"
        data-price="2.89"
        data-id="82160"
        data-available="no"
        data-category="1954"
        data-bestselling="">
    <a href="../pouch-hipro-frutti-bosco-200g.html">
        <div style="background-image: url('../../cdn.spesati.com/images/products/000441234/hipro-25g-proteine-pouch-cremosa-frutti-di-bosco-200-g-01.png')">
            <div class="hover"></div>
            
            <div class="stickers"></div>
        </div>
    </a>
    <div>
        <h4><a href="../pouch-hipro-frutti-bosco-200g.html"><b>Pouch Hipro Frutti Bosco 200g</b></a></h4>
        <p class="description">HiPRO 25g Proteine Pouch Cremosa Frutti di Bosco 200 g</p>
        <p class="right price"><b>2.89 €</b></p>
        <p class="right unitPrice">14.45 € per kg</p>
    </div>
    <div class="notAvailable">
    <a class="button bgDarkGrey white" href="../pouch-hipro-frutti-bosco-200g.html">Not available</a>
</div>
</div><div class="left product prod74"
        data-name="Pouch Hipro Banana 200g"
        data-price="2.89"
        data-id="82157"
        data-available="no"
        data-category="1954"
        data-bestselling="">
    <a href="../pouch-hipro-banana-200g.html">
        <div style="background-image: url('../../cdn.spesati.com/images/products/000441233/hipro-25g-proteine-pouch-cremosa-banana-200-g-01.png')">
            <div class="hover"></div>
            
            <div class="stickers"></div>
        </div>
    </a>
    <div>
        <h4><a href="../pouch-hipro-banana-200g.html"><b>Pouch Hipro Banana 200g</b></a></h4>
        <p class="description">HiPRO 25g Proteine Pouch Cremosa Banana 200 g</p>
        <p class="right price"><b>2.89 €</b></p>
        <p class="right unitPrice">14.45 € per kg</p>
    </div>
    <div class="notAvailable">
    <a class="button bgDarkGrey white" href="../pouch-hipro-banana-200g.html">Not available</a>
</div>
</div><div class="left product prod75"
        data-name="Kefir Activia Mirtillo 320gr"
        data-price="1.85"
        data-id="82151"
        data-available="no"
        data-category="1954"
        data-bestselling="">
    <a href="../kefir-activia-mirtillo-320gr.html">
        <div style="background-image: url('../../cdn.spesati.com/images/products/000441231/activia-kefir-da-bere-gusto-mirtillo-con-probiotici-bifidus-320-g-01.png')">
            <div class="hover"></div>
            
            <div class="stickers"></div>
        </div>
    </a>
    <div>
        <h4><a href="../kefir-activia-mirtillo-320gr.html"><b>Kefir Activia Mirtillo 320gr</b></a></h4>
        <p class="description">ACTIVIA Kefir da bere gusto Mirtillo con Probiotici Bifidus 320 g</p>
        <p class="right price"><b>1.85 €</b></p>
        <p class="right unitPrice">5.79 € per kg</p>
    </div>
    <div class="notAvailable">
    <a class="button bgDarkGrey white" href="../kefir-activia-mirtillo-320gr.html">Not available</a>
</div>
</div><div class="left product prod76"
        data-name="Yog Fage Fruyo 0% Mirtil 150gr"
        data-price="1.85"
        data-id="75947"
        data-available="no"
        data-category="1954"
        data-bestselling="">
    <a href="../yog-fage-fruyo-0-mirtil-150gr.html">
        <div style="background-image: url('../../cdn.spesati.com/images/products/000431836/fage-fruyo-mirtilli-0-grassi-150-g-01.png')">
            <div class="hover"></div>
            
            <div class="stickers"></div>
        </div>
    </a>
    <div>
        <h4><a href="../yog-fage-fruyo-0-mirtil-150gr.html"><b>Yog Fage Fruyo 0% Mirtil 150gr</b></a></h4>
        <p class="description">Fage fruyo Mirtilli 0% Grassi 150 g</p>
        <p class="right price"><b>1.85 €</b></p>
        <p class="right unitPrice">12.33 € per kg</p>
    </div>
    <div class="notAvailable">
    <a class="button bgDarkGrey white" href="../yog-fage-fruyo-0-mirtil-150gr.html">Not available</a>
</div>
</div><div class="left product prod77"
        data-name="Yog Fage Fruyo 0% Limone 150gr"
        data-price="1.85"
        data-id="75944"
        data-available="no"
        data-category="1954"
        data-bestselling="">
    <a href="../yog-fage-fruyo-0-limone-150gr.html">
        <div style="background-image: url('../../cdn.spesati.com/images/products/000431835/fage-fruyo-limone-0-grassi-150-g-01.png')">
            <div class="hover"></div>
            
            <div class="stickers"></div>
        </div>
    </a>
    <div>
        <h4><a href="../yog-fage-fruyo-0-limone-150gr.html"><b>Yog Fage Fruyo 0% Limone 150gr</b></a></h4>
        <p class="description">Fage fruyo Limone 0% Grassi 150 g</p>
        <p class="right price"><b>1.85 €</b></p>
        <p class="right unitPrice">12.33 € per kg</p>
    </div>
    <div class="notAvailable">
    <a class="button bgDarkGrey white" href="../yog-fage-fruyo-0-limone-150gr.html">Not available</a>
</div>
</div><div class="left product prod78"
        data-name="Yog Fage Fruyo 0% Vaniglia 150"
        data-price="1.85"
        data-id="75935"
        data-available="no"
        data-category="1954"
        data-bestselling="">
    <a href="../yog-fage-fruyo-0-vaniglia-150.html">
        <div style="background-image: url('../../cdn.spesati.com/images/products/000431832/fage-fruyo-vaniglia-0-grassi-150-g-01.png')">
            <div class="hover"></div>
            
            <div class="stickers"></div>
        </div>
    </a>
    <div>
        <h4><a href="../yog-fage-fruyo-0-vaniglia-150.html"><b>Yog Fage Fruyo 0% Vaniglia 150</b></a></h4>
        <p class="description">Fage fruyo Vaniglia 0% Grassi 150 g</p>
        <p class="right price"><b>1.85 €</b></p>
        <p class="right unitPrice">12.33 € per kg</p>
    </div>
    <div class="notAvailable">
    <a class="button bgDarkGrey white" href="../yog-fage-fruyo-0-vaniglia-150.html">Not available</a>
</div>
</div><div class="left product prod79"
        data-name="Yog Fage Fruyo 0% Pesca 150gr"
        data-price="1.85"
        data-id="75929"
        data-available="no"
        data-category="1954"
        data-bestselling="">
    <a href="../yog-fage-fruyo-0-pesca-150gr.html">
        <div style="background-image: url('../../cdn.spesati.com/images/products/000431830/fage-fruyo-pesca-0-grassi-150-g-01.png')">
            <div class="hover"></div>
            
            <div class="stickers"></div>
        </div>
    </a>
    <div>
        <h4><a href="../yog-fage-fruyo-0-pesca-150gr.html"><b>Yog Fage Fruyo 0% Pesca 150gr</b></a></h4>
        <p class="description">Fage fruyo Pesca 0% Grassi 150 g</p>
        <p class="right price"><b>1.85 €</b></p>
        <p class="right unitPrice">12.33 € per kg</p>
    </div>
    <div class="notAvailable">
    <a class="button bgDarkGrey white" href="../yog-fage-fruyo-0-pesca-150gr.html">Not available</a>
</div>
</div><div class="left product prod80"
        data-name="Yog Fage Split 0% Mirtil 150gr"
        data-price="1.89"
        data-id="75920"
        data-available="no"
        data-category="1954"
        data-bestselling="">
    <a href="../yog-fage-split-0-mirtil-150gr.html">
        <div style="background-image: url('../../cdn.spesati.com/images/products/000431824/fage-total-0-grassi-con-mirtilli-150-g-01.png')">
            <div class="hover"></div>
            
            <div class="stickers"></div>
        </div>
    </a>
    <div>
        <h4><a href="../yog-fage-split-0-mirtil-150gr.html"><b>Yog Fage Split 0% Mirtil 150gr</b></a></h4>
        <p class="description">Fage Total 0% Grassi con Mirtilli 150 g</p>
        <p class="right price"><b>1.89 €</b></p>
        <p class="right unitPrice">12.60 € per kg</p>
    </div>
    <div class="notAvailable">
    <a class="button bgDarkGrey white" href="../yog-fage-split-0-mirtil-150gr.html">Not available</a>
</div>
</div><div class="left product prod81"
        data-name="Yog Fage Split 0% Fragola 150g"
        data-price="1.89"
        data-id="75917"
        data-available="no"
        data-category="1954"
        data-bestselling="">
    <a href="../yog-fage-split-0-fragola-150g.html">
        <div style="background-image: url('../../cdn.spesati.com/images/products/000431823/fage-total-0-grassi-con-fragola-150-g-01.png')">
            <div class="hover"></div>
            
            <div class="stickers"></div>
        </div>
    </a>
    <div>
        <h4><a href="../yog-fage-split-0-fragola-150g.html"><b>Yog Fage Split 0% Fragola 150g</b></a></h4>
        <p class="description">Fage Total 0% Grassi con Fragola 150 g</p>
        <p class="right price"><b>1.89 €</b></p>
        <p class="right unitPrice">12.60 € per kg</p>
    </div>
    <div class="notAvailable">
    <a class="button bgDarkGrey white" href="../yog-fage-split-0-fragola-150g.html">Not available</a>
</div>
</div><div class="left product prod82"
        data-name="Yog Fage Split 0% Miele 150gr"
        data-price="1.89"
        data-id="75914"
        data-available="no"
        data-category="1954"
        data-bestselling="">
    <a href="../yog-fage-split-0-miele-150gr.html">
        <div style="background-image: url('../../cdn.spesati.com/images/products/000431822/fage-total-0-grassi-con-miele-150-g-01.png')">
            <div class="hover"></div>
            
            <div class="stickers"></div>
        </div>
    </a>
    <div>
        <h4><a href="../yog-fage-split-0-miele-150gr.html"><b>Yog Fage Split 0% Miele 150gr</b></a></h4>
        <p class="description">Fage Total 0% Grassi con Miele 150 g</p>
        <p class="right price"><b>1.89 €</b></p>
        <p class="right unitPrice">12.60 € per kg</p>
    </div>
    <div class="notAvailable">
    <a class="button bgDarkGrey white" href="../yog-fage-split-0-miele-150gr.html">Not available</a>
</div>
</div><div class="left product prod83"
        data-name="Dess Danone Hipro Caram 200gr"
        data-price="2.49"
        data-id="82133"
        data-available="no"
        data-category="1954"
        data-bestselling="">
    <a href="../dess-danone-hipro-caram-200gr.html">
        <div style="background-image: url('../../cdn.spesati.com/images/products/000431330/hipro-pudding-20g-proteine-gusto-caramello-200-g-01.png')">
            <div class="hover"></div>
            
            <div class="stickers"></div>
        </div>
    </a>
    <div>
        <h4><a href="../dess-danone-hipro-caram-200gr.html"><b>Dess Danone Hipro Caram 200gr</b></a></h4>
        <p class="description">HiPRO Pudding 20g Proteine Gusto Caramello 200 g</p>
        <p class="right price"><b>2.49 €</b></p>
        <p class="right unitPrice">12.45 € per kg</p>
    </div>
    <div class="notAvailable">
    <a class="button bgDarkGrey white" href="../dess-danone-hipro-caram-200gr.html">Not available</a>
</div>
</div><div class="left product prod84"
        data-name="Yog Arborea Ayo Int Dolce 140"
        data-price="1.45"
        data-id="69702"
        data-available="no"
        data-category="1954"
        data-bestselling="">
    <a href="../yog-arborea-ayo-int-dolce-140.html">
        <div style="background-image: url('../../cdn.spesati.com/images/products/000431051/arborea-ayo-yogurt-fonte-di-proteine-dolce-140-g-01.png')">
            <div class="hover"></div>
            
            <div class="stickers"></div>
        </div>
    </a>
    <div>
        <h4><a href="../yog-arborea-ayo-int-dolce-140.html"><b>Yog Arborea Ayo Int Dolce 140</b></a></h4>
        <p class="description">Arborea Ayo Yogurt Fonte di Proteine Dolce 140 g</p>
        <p class="right price"><b>1.45 €</b></p>
        <p class="right unitPrice">10.35 € per kg</p>
    </div>
    <div class="notAvailable">
    <a class="button bgDarkGrey white" href="../yog-arborea-ayo-int-dolce-140.html">Not available</a>
</div>
</div><div class="left product prod85"
        data-name="Yog Arborea Ayo Magro 140g"
        data-price="1.45"
        data-id="69699"
        data-available="no"
        data-category="1954"
        data-bestselling="">
    <a href="../yog-arborea-ayo-magro-140g.html">
        <div style="background-image: url('../../cdn.spesati.com/images/products/000431050/arborea-ayo-yogurt-ricco-di-proteine-zero-grassi-140-g-01.png')">
            <div class="hover"></div>
            
            <div class="stickers"></div>
        </div>
    </a>
    <div>
        <h4><a href="../yog-arborea-ayo-magro-140g.html"><b>Yog Arborea Ayo Magro 140g</b></a></h4>
        <p class="description">Arborea Ayo Yogurt Ricco di Proteine Zero% Grassi 140 g</p>
        <p class="right price"><b>1.45 €</b></p>
        <p class="right unitPrice">10.35 € per kg</p>
    </div>
    <div class="notAvailable">
    <a class="button bgDarkGrey white" href="../yog-arborea-ayo-magro-140g.html">Not available</a>
</div>
</div><div class="left product prod86"
        data-name="Yog Arborea Ayo Int Crem 140g"
        data-price="1.45"
        data-id="69696"
        data-available="no"
        data-category="1954"
        data-bestselling="">
    <a href="../yog-arborea-ayo-int-crem-140g.html">
        <div style="background-image: url('../../cdn.spesati.com/images/products/000431049/arborea-ayo-yogurt-ricco-di-proteine-140-g-01.png')">
            <div class="hover"></div>
            
            <div class="stickers"></div>
        </div>
    </a>
    <div>
        <h4><a href="../yog-arborea-ayo-int-crem-140g.html"><b>Yog Arborea Ayo Int Crem 140g</b></a></h4>
        <p class="description">Arborea Ayo Yogurt Ricco di Proteine 140 g</p>
        <p class="right price"><b>1.45 €</b></p>
        <p class="right unitPrice">10.35 € per kg</p>
    </div>
    <div class="notAvailable">
    <a class="button bgDarkGrey white" href="../yog-arborea-ayo-int-crem-140g.html">Not available</a>
</div>
</div><div class="left product prod87"
        data-name="Yogurt Arborea Ayo Ad 140gr"
        data-price="1.45"
        data-id="69693"
        data-available="no"
        data-category="1954"
        data-bestselling="">
    <a href="../yogurt-arborea-ayo-ad-140gr.html">
        <div style="background-image: url('../../cdn.spesati.com/images/products/000431047/arborea-ayo-yogurt-ricco-di-proteine-senza-lattosio-140-g-01.png')">
            <div class="hover"></div>
            
            <div class="stickers"></div>
        </div>
    </a>
    <div>
        <h4><a href="../yogurt-arborea-ayo-ad-140gr.html"><b>Yogurt Arborea Ayo Ad 140gr</b></a></h4>
        <p class="description">Arborea Ayo Yogurt Ricco di Proteine Senza Lattosio 140 g</p>
        <p class="right price"><b>1.45 €</b></p>
        <p class="right unitPrice">10.35 € per kg</p>
    </div>
    <div class="notAvailable">
    <a class="button bgDarkGrey white" href="../yogurt-arborea-ayo-ad-140gr.html">Not available</a>
</div>
</div><div class="left product prod88"
        data-name="Yog 3a Da Bere Ad Pesca 200ml"
        data-price="1.49"
        data-id="59493"
        data-available="no"
        data-category="1954"
        data-bestselling="">
    <a href="../yog-3a-da-bere-ad-pesca-200ml.html">
        <div style="background-image: url('../../cdn.spesati.com/images/products/000129721/arborea-ad-alta-digeribilita-yogurt-da-bere-senza-lattosio-pesca-200-g-01.png')">
            <div class="hover"></div>
            
            <div class="stickers"></div>
        </div>
    </a>
    <div>
        <h4><a href="../yog-3a-da-bere-ad-pesca-200ml.html"><b>Yog 3a Da Bere Ad Pesca 200ml</b></a></h4>
        <p class="description">Arborea Ad Alta digeribilità Yogurt da Bere Senza Lattosio Pesca 200 g</p>
        <p class="right price"><b>1.49 €</b></p>
        <p class="right unitPrice">7.46 € per kg</p>
    </div>
    <div class="notAvailable">
    <a class="button bgDarkGrey white" href="../yog-3a-da-bere-ad-pesca-200ml.html">Not available</a>
</div>
</div><div class="left product prod89"
        data-name="Yog 3a Bere Limone 200gr"
        data-price="1.29"
        data-id="27169"
        data-available="no"
        data-category="1954"
        data-bestselling="">
    <a href="../yog-3a-bere-limone-200gr.html">
        <div style="background-image: url('../../cdn.spesati.com/images/products/000129711/arborea-yogurt-da-bere-limone-200-g-01.png')">
            <div class="hover"></div>
            
            <div class="stickers"></div>
        </div>
    </a>
    <div>
        <h4><a href="../yog-3a-bere-limone-200gr.html"><b>Yog 3a Bere Limone 200gr</b></a></h4>
        <p class="description">Arborea Yogurt da Bere Limone 200 g</p>
        <p class="right price"><b>1.29 €</b></p>
        <p class="right unitPrice">6.46 € per kg</p>
    </div>
    <div class="notAvailable">
    <a class="button bgDarkGrey white" href="../yog-3a-bere-limone-200gr.html">Not available</a>
</div>
</div><div class="left product prod90"
        data-name="Yog 3a Bere Banana 200gr"
        data-price="1.35"
        data-id="27168"
        data-available="no"
        data-category="1954"
        data-bestselling="">
    <a href="../yog-3a-bere-banana-200gr.html">
        <div style="background-image: url('../../cdn.spesati.com/images/products/000129710/arborea-yogurt-da-bere-banana-200-g-01.png')">
            <div class="hover"></div>
            
            <div class="stickers"></div>
        </div>
    </a>
    <div>
        <h4><a href="../yog-3a-bere-banana-200gr.html"><b>Yog 3a Bere Banana 200gr</b></a></h4>
        <p class="description">Arborea Yogurt da Bere Banana 200 g</p>
        <p class="right price"><b>1.35 €</b></p>
        <p class="right unitPrice">6.75 € per kg</p>
    </div>
    <div class="notAvailable">
    <a class="button bgDarkGrey white" href="../yog-3a-bere-banana-200gr.html">Not available</a>
</div>
</div><div class="left product prod91"
        data-name="Yog 3a Bere Fragola 200gr"
        data-price="1.35"
        data-id="27167"
        data-available="no"
        data-category="1954"
        data-bestselling="">
    <a href="../yog-3a-bere-fragola-200gr.html">
        <div style="background-image: url('../../cdn.spesati.com/images/products/000129709/arborea-yogurt-da-bere-fragola-200-g-01.png')">
            <div class="hover"></div>
            
            <div class="stickers"></div>
        </div>
    </a>
    <div>
        <h4><a href="../yog-3a-bere-fragola-200gr.html"><b>Yog 3a Bere Fragola 200gr</b></a></h4>
        <p class="description">Arborea Yogurt da Bere Fragola 200 g</p>
        <p class="right price"><b>1.35 €</b></p>
        <p class="right unitPrice">6.75 € per kg</p>
    </div>
    <div class="notAvailable">
    <a class="button bgDarkGrey white" href="../yog-3a-bere-fragola-200gr.html">Not available</a>
</div>
</div><div class="left product prod92"
        data-name="Vipiteno Yogurt Bio Mirtillo"
        data-price="1.49"
        data-id="3879"
        data-available="no"
        data-category="1954"
        data-bestselling="">
    <a href="../vipiteno-yogurt-bio-mirtillo.html">
        <div style="background-image: url('../../cdn.spesati.com/images/products/000120141/sterzing-vipiteno-bio-yogurt-da-latte-fieno-mirtilli-150-g-01.png')">
            <div class="hover"></div>
            
            <div class="stickers"><img class="left" src="../../cdn.spesati.com/images/layout/bio.png" /></div>
        </div>
    </a>
    <div>
        <h4><a href="../vipiteno-yogurt-bio-mirtillo.html"><b>Vipiteno Yogurt Bio Mirtillo</b></a></h4>
        <p class="description">Sterzing Vipiteno bio yogurt da latte fieno mirtilli 150 g</p>
        <p class="right price"><b>1.49 €</b></p>
        <p class="right unitPrice">9.93 € per kg</p>
    </div>
    <div class="notAvailable">
    <a class="button bgDarkGrey white" href="../vipiteno-yogurt-bio-mirtillo.html">Not available</a>
</div>
</div><div class="left product prod93"
        data-name="Vipiteno Yogurt Bio Arancia"
        data-price="1.49"
        data-id="3880"
        data-available="no"
        data-category="1954"
        data-bestselling="">
    <a href="../vipiteno-yogurt-bio-arancia.html">
        <div style="background-image: url('../../cdn.spesati.com/images/products/000120129/sterzing-vipiteno-bio-yogurt-da-latte-fieno-arancia-150-g-01.png')">
            <div class="hover"></div>
            
            <div class="stickers"><img class="left" src="../../cdn.spesati.com/images/layout/gluten-free.png" /><img class="left" src="../../cdn.spesati.com/images/layout/bio.png" /></div>
        </div>
    </a>
    <div>
        <h4><a href="../vipiteno-yogurt-bio-arancia.html"><b>Vipiteno Yogurt Bio Arancia</b></a></h4>
        <p class="description">Sterzing Vipiteno bio yogurt da latte fieno arancia 150 g</p>
        <p class="right price"><b>1.49 €</b></p>
        <p class="right unitPrice">9.93 € per kg</p>
    </div>
    <div class="notAvailable">
    <a class="button bgDarkGrey white" href="../vipiteno-yogurt-bio-arancia.html">Not available</a>
</div>
</div><div class="left product prod94"
        data-name="Arborea Yogurt Banana Frutta Frullata 2x125Gr"
        data-price="1.39"
        data-id="2227"
        data-available="no"
        data-category="1954"
        data-bestselling="1">
    <a href="../arborea-yogurt-banana-frutta-frullata-2x125gr.html">
        <div style="background-image: url('../../cdn.spesati.com/images/products/000106120/arborea-yogurt-intero-da-latte-di-alta-qualita-banana-frullata-2-x-125-g-01.png')">
            <div class="hover"></div>
            <p class="arrow bgRed white">Best Seller</p>
            <div class="stickers"></div>
        </div>
    </a>
    <div>
        <h4><a href="../arborea-yogurt-banana-frutta-frullata-2x125gr.html"><b>Arborea Yogurt Banana Frutta Frullata 2x125Gr</b></a></h4>
        <p class="description">Arborea Yogurt Intero da Latte di Alta Qualità Banana Frullata 2 x 125 g</p>
        <p class="right price"><b>1.39 €</b></p>
        <p class="right unitPrice">5.57 € per kg</p>
    </div>
    <div class="notAvailable">
    <a class="button bgDarkGrey white" href="../arborea-yogurt-banana-frutta-frullata-2x125gr.html">Not available</a>
</div>
</div><div class="left product prod95"
        data-name="Yogurt Fragola Frutta Frullata"
        data-price="1.39"
        data-id="2232"
        data-available="no"
        data-category="1954"
        data-bestselling="1">
    <a href="../yogurt-fragola-frutta-frullata.html">
        <div style="background-image: url('../../cdn.spesati.com/images/products/000106119/arborea-yogurt-intero-da-latte-di-alta-qualita-fragola-frullata-2-x-125-g-01.png')">
            <div class="hover"></div>
            <p class="arrow bgRed white">Best Seller</p>
            <div class="stickers"></div>
        </div>
    </a>
    <div>
        <h4><a href="../yogurt-fragola-frutta-frullata.html"><b>Yogurt Fragola Frutta Frullata</b></a></h4>
        <p class="description">Arborea Yogurt Intero da Latte di Alta Qualità Fragola Frullata 2 x 125 g</p>
        <p class="right price"><b>1.39 €</b></p>
        <p class="right unitPrice">5.57 € per kg</p>
    </div>
    <div class="notAvailable">
    <a class="button bgDarkGrey white" href="../yogurt-fragola-frutta-frullata.html">Not available</a>
</div>
</div><div class="left product prod96"
        data-name="Yogurt muller mix pistacchio mandorle 150gr"
        data-price="1.19"
        data-id="5300"
        data-available="no"
        data-category="1954"
        data-bestselling="2">
    <a href="../yogurt-muller-mix-pistacchio-mandorle-150gr.html">
        <div style="background-image: url('../../cdn.spesati.com/images/products/000105700/mueller-mix-lirresistibile-yogurt-al-pistacchio-piu-mandorle-croccanti-150-g-01.png')">
            <div class="hover"></div>
            <p class="arrow bgRed white">Best Seller</p>
            <div class="stickers"></div>
        </div>
    </a>
    <div>
        <h4><a href="../yogurt-muller-mix-pistacchio-mandorle-150gr.html"><b>Yogurt muller mix pistacchio mandorle 150gr</b></a></h4>
        <p class="description">müller Mix l'Irresistibile Yogurt al Pistacchio Più Mandorle Croccanti 150 g</p>
        <p class="right price"><b>1.19 €</b></p>
        <p class="right unitPrice">7.93 € per kg</p>
    </div>
    <div class="notAvailable">
    <a class="button bgDarkGrey white" href="../yogurt-muller-mix-pistacchio-mandorle-150gr.html">Not available</a>
</div>
</div><div class="left product prod97"
        data-name="Arborea Yogurt Magro Fragola 2X125Gr"
        data-price="1.45"
        data-id="6266"
        data-available="no"
        data-category="1954"
        data-bestselling="">
    <a href="../arborea-yogurt-magro-fragola-2x125gr.html">
        <div style="background-image: url('../../cdn.spesati.com/images/products/000105693/arborea-yogurt-zero-grassi-fragola-in-pezzi-2-x-125-g-01.png')">
            <div class="hover"></div>
            
            <div class="stickers"><img class="left" src="../../cdn.spesati.com/images/layout/sardinian.png" /></div>
        </div>
    </a>
    <div>
        <h4><a href="../arborea-yogurt-magro-fragola-2x125gr.html"><b>Arborea Yogurt Magro Fragola 2X125Gr</b></a></h4>
        <p class="description">Arborea Yogurt Zero Grassi Fragola in pezzi 2 x 125 g</p>
        <p class="right price"><b>1.45 €</b></p>
        <p class="right unitPrice">5.80 € per kg</p>
    </div>
    <div class="notAvailable">
    <a class="button bgDarkGrey white" href="../arborea-yogurt-magro-fragola-2x125gr.html">Not available</a>
</div>
</div><div class="left product prod98"
        data-name="Yogurt Arborea Goloso Stracciatella"
        data-price="1.39"
        data-id="2226"
        data-available="no"
        data-category="1954"
        data-bestselling="">
    <a href="../yogurt-arborea-goloso-stracciatella.html">
        <div style="background-image: url('../../cdn.spesati.com/images/products/000105687/arborea-yogurt-intero-da-latte-di-alta-qualita-stracciatella-2-x-125-g-01.png')">
            <div class="hover"></div>
            
            <div class="stickers"><img class="left" src="../../cdn.spesati.com/images/layout/sardinian.png" /></div>
        </div>
    </a>
    <div>
        <h4><a href="../yogurt-arborea-goloso-stracciatella.html"><b>Yogurt Arborea Goloso Stracciatella</b></a></h4>
        <p class="description">Arborea Yogurt Intero da Latte di Alta Qualità Stracciatella 2 x 125 g</p>
        <p class="right price"><b>1.39 €</b></p>
        <p class="right unitPrice">5.57 € per kg</p>
    </div>
    <div class="notAvailable">
    <a class="button bgDarkGrey white" href="../yogurt-arborea-goloso-stracciatella.html">Not available</a>
</div>
</div><div class="left product prod99"
        data-name="Yog Natur Magro Coapla 500gr"
        data-price="3.13"
        data-id="24763"
        data-available="no"
        data-category="1954"
        data-bestselling="">
    <a href="../yog-natur-magro-coapla-500gr.html">
        <div style="background-image: url('../../cdn.spesati.com/images/products/000105568/coapla-yogurt-magro-bianco-in-forma-01-di-grassi-500-g-01.png')">
            <div class="hover"></div>
            
            <div class="stickers"></div>
        </div>
    </a>
    <div>
        <h4><a href="../yog-natur-magro-coapla-500gr.html"><b>Yog Natur Magro Coapla 500gr</b></a></h4>
        <p class="description">Coapla Yogurt Magro Bianco in Forma 0,1% di Grassi 500 g</p>
        <p class="right price"><b>3.13 €</b></p>
        <p class="right unitPrice">6.27 € per kg</p>
    </div>
    <div class="notAvailable">
    <a class="button bgDarkGrey white" href="../yog-natur-magro-coapla-500gr.html">Not available</a>
</div>
</div><div class="left product prod100"
        data-name="Yog Natur Intero Coapla 500gr"
        data-price="2.25"
        data-id="24762"
        data-available="no"
        data-category="1954"
        data-bestselling="">
    <a href="../yog-natur-intero-coapla-500gr.html">
        <div style="background-image: url('../../cdn.spesati.com/images/products/000105567/coapla-yogurt-intero-con-latte-alta-qualita-500-g-01.png')">
            <div class="hover"></div>
            
            <div class="stickers"></div>
        </div>
    </a>
    <div>
        <h4><a href="../yog-natur-intero-coapla-500gr.html"><b>Yog Natur Intero Coapla 500gr</b></a></h4>
        <p class="description">Coapla Yogurt Intero con Latte Alta Qualità 500 g</p>
        <p class="right price"><b>2.25 €</b></p>
        <p class="right unitPrice">4.50 € per kg</p>
    </div>
    <div class="notAvailable">
    <a class="button bgDarkGrey white" href="../yog-natur-intero-coapla-500gr.html">Not available</a>
</div>
</div><div class="left product prod101"
        data-name="Yog Natur Intero Coapla 2x125g"
        data-price="2.04"
        data-id="24760"
        data-available="no"
        data-category="1954"
        data-bestselling="">
    <a href="../yog-natur-intero-coapla-2x125g.html">
        <div style="background-image: url('../../cdn.spesati.com/images/products/000105552/coapla-yogurt-intero-con-latte-alta-qualita-2-x-125-g-01.png')">
            <div class="hover"></div>
            
            <div class="stickers"></div>
        </div>
    </a>
    <div>
        <h4><a href="../yog-natur-intero-coapla-2x125g.html"><b>Yog Natur Intero Coapla 2x125g</b></a></h4>
        <p class="description">Coapla Yogurt Intero con Latte Alta Qualità 2 x 125 g</p>
        <p class="right price"><b>2.04 €</b></p>
        <p class="right unitPrice">8.14 € per kg</p>
    </div>
    <div class="notAvailable">
    <a class="button bgDarkGrey white" href="../yog-natur-intero-coapla-2x125g.html">Not available</a>
</div>
</div><div class="left product prod102"
        data-name="Yogurt Fattorie Girau Banana 2X125 Gr"
        data-price="2.65"
        data-id="5965"
        data-available="no"
        data-category="1954"
        data-bestselling="">
    <a href="../yogurt-fattorie-girau-banana-2x125-gr.html">
        <div style="background-image: url('../../cdn.spesati.com/images/products/000105125/girau-yogurt-di-capra-banana-2-x-125-g-01.png')">
            <div class="hover"></div>
            
            <div class="stickers"><img class="left" src="../../cdn.spesati.com/images/layout/sardinian.png" /></div>
        </div>
    </a>
    <div>
        <h4><a href="../yogurt-fattorie-girau-banana-2x125-gr.html"><b>Yogurt Fattorie Girau Banana 2X125 Gr</b></a></h4>
        <p class="description">Girau Yogurt di Capra Banana 2 x 125 g</p>
        <p class="right price"><b>2.65 €</b></p>
        <p class="right unitPrice">10.60 € per kg</p>
    </div>
    <div class="notAvailable">
    <a class="button bgDarkGrey white" href="../yogurt-fattorie-girau-banana-2x125-gr.html">Not available</a>
</div>
</div><div class="left product prod103"
        data-name="Girau Yogurt Capra Fragola 2X125Gr"
        data-price="2.33"
        data-id="5966"
        data-available="no"
        data-category="1954"
        data-bestselling="">
    <a href="../girau-yogurt-capra-fragola-2x125gr.html">
        <div style="background-image: url('../../cdn.spesati.com/images/products/000105124/girau-yogurt-di-capra-fragola-2-x-125-g-01.png')">
            <div class="hover"></div>
            
            <div class="stickers"><img class="left" src="../../cdn.spesati.com/images/layout/sardinian.png" /></div>
        </div>
    </a>
    <div>
        <h4><a href="../girau-yogurt-capra-fragola-2x125gr.html"><b>Girau Yogurt Capra Fragola 2X125Gr</b></a></h4>
        <p class="description">Girau Yogurt di Capra Fragola 2 x 125 g</p>
        <p class="right price"><b>2.33 €</b></p>
        <p class="right unitPrice">9.32 € per kg</p>
    </div>
    <div class="notAvailable">
    <a class="button bgDarkGrey white" href="../girau-yogurt-capra-fragola-2x125gr.html">Not available</a>
</div>
</div><div class="left product prod104"
        data-name="Girau Yogurt Capra Bianco 2X125Gr"
        data-price="2.33"
        data-id="5964"
        data-available="no"
        data-category="1954"
        data-bestselling="">
    <a href="../girau-yogurt-capra-bianco-2x125gr.html">
        <div style="background-image: url('../../cdn.spesati.com/images/products/000105123/girau-yogurt-di-capra-bianco-2-x-125-g-01.png')">
            <div class="hover"></div>
            
            <div class="stickers"><img class="left" src="../../cdn.spesati.com/images/layout/sardinian.png" /></div>
        </div>
    </a>
    <div>
        <h4><a href="../girau-yogurt-capra-bianco-2x125gr.html"><b>Girau Yogurt Capra Bianco 2X125Gr</b></a></h4>
        <p class="description">Girau Yogurt di Capra Bianco 2 x 125 g</p>
        <p class="right price"><b>2.33 €</b></p>
        <p class="right unitPrice">9.32 € per kg</p>
    </div>
    <div class="notAvailable">
    <a class="button bgDarkGrey white" href="../girau-yogurt-capra-bianco-2x125gr.html">Not available</a>
</div>
</div><div class="left product prod105"
        data-name="Tampone Rapid Boson Sars Cov2"
        data-price="7.65"
        data-id="70080"
        data-available="no"
        data-category="1954"
        data-bestselling="">
    <a href="../tampone-rapid-boson-sars-cov2.html">
        <div style="background-image: url('../../cdn.spesati.com/images/products/missing-image/missing-image.jpg')">
            <div class="hover"></div>
            
            <div class="stickers"></div>
        </div>
    </a>
    <div>
        <h4><a href="../tampone-rapid-boson-sars-cov2.html"><b>Tampone Rapid Boson Sars Cov2</b></a></h4>
        <p class="description">1 piece</p>
        <p class="right price"><b>7.65 €</b></p>
        <p class="right unitPrice">7.65 € per piece</p>
    </div>
    <div class="notAvailable">
    <a class="button bgDarkGrey white" href="../tampone-rapid-boson-sars-cov2.html">Not available</a>
</div>
</div><div class="left product prod106"
        data-name="Yog Muller Pes/mang/cer 2x125g"
        data-price="1.39"
        data-id="74171"
        data-available="no"
        data-category="1954"
        data-bestselling="">
    <a href="../yog-muller-pesmangcer-2x125g.html">
        <div style="background-image: url('../../cdn.spesati.com/images/products/missing-image/missing-image.jpg')">
            <div class="hover"></div>
            
            <div class="stickers"></div>
        </div>
    </a>
    <div>
        <h4><a href="../yog-muller-pesmangcer-2x125g.html"><b>Yog Muller Pes/mang/cer 2x125g</b></a></h4>
        <p class="description">0.25 Kg</p>
        <p class="right price"><b>1.39 €</b></p>
        <p class="right unitPrice">5.57 € per kg</p>
    </div>
    <div class="notAvailable">
    <a class="button bgDarkGrey white" href="../yog-muller-pesmangcer-2x125g.html">Not available</a>
</div>
</div><div class="left product prod107"
        data-name="Yog Muller Mirtil/cerea 2x125g"
        data-price="1.39"
        data-id="74174"
        data-available="no"
        data-category="1954"
        data-bestselling="">
    <a href="../yog-muller-mirtilcerea-2x125g.html">
        <div style="background-image: url('../../cdn.spesati.com/images/products/missing-image/missing-image.jpg')">
            <div class="hover"></div>
            
            <div class="stickers"></div>
        </div>
    </a>
    <div>
        <h4><a href="../yog-muller-mirtilcerea-2x125g.html"><b>Yog Muller Mirtil/cerea 2x125g</b></a></h4>
        <p class="description">0.25 Kg</p>
        <p class="right price"><b>1.39 €</b></p>
        <p class="right unitPrice">5.57 € per kg</p>
    </div>
    <div class="notAvailable">
    <a class="button bgDarkGrey white" href="../yog-muller-mirtilcerea-2x125g.html">Not available</a>
</div>
</div><div class="left product prod108"
        data-name="Yog Mull Magr Pesc/mara 150 Gr"
        data-price="1.19"
        data-id="74186"
        data-available="no"
        data-category="1954"
        data-bestselling="">
    <a href="../yog-mull-magr-pescmara-150-gr.html">
        <div style="background-image: url('../../cdn.spesati.com/images/products/missing-image/missing-image.jpg')">
            <div class="hover"></div>
            
            <div class="stickers"></div>
        </div>
    </a>
    <div>
        <h4><a href="../yog-mull-magr-pescmara-150-gr.html"><b>Yog Mull Magr Pesc/mara 150 Gr</b></a></h4>
        <p class="description">0.15 Kg</p>
        <p class="right price"><b>1.19 €</b></p>
        <p class="right unitPrice">7.93 € per kg</p>
    </div>
    <div class="notAvailable">
    <a class="button bgDarkGrey white" href="../yog-mull-magr-pescmara-150-gr.html">Not available</a>
</div>
</div><div class="left product prod109"
        data-name="Tampone Just Check Salivare"
        data-price="7.52"
        data-id="74579"
        data-available="no"
        data-category="1954"
        data-bestselling="">
    <a href="../tampone-just-check-salivare.html">
        <div style="background-image: url('../../cdn.spesati.com/images/products/missing-image/missing-image.jpg')">
            <div class="hover"></div>
            
            <div class="stickers"></div>
        </div>
    </a>
    <div>
        <h4><a href="../tampone-just-check-salivare.html"><b>Tampone Just Check Salivare</b></a></h4>
        <p class="description">1 piece</p>
        <p class="right price"><b>7.52 €</b></p>
        <p class="right unitPrice">7.52 € per piece</p>
    </div>
    <div class="notAvailable">
    <a class="button bgDarkGrey white" href="../tampone-just-check-salivare.html">Not available</a>
</div>
</div><div class="left product prod110"
        data-name="Test Covid Sing Clean Nasale"
        data-price="6.57"
        data-id="74582"
        data-available="no"
        data-category="1954"
        data-bestselling="">
    <a href="../test-covid-sing-clean-nasale.html">
        <div style="background-image: url('../../cdn.spesati.com/images/products/missing-image/missing-image.jpg')">
            <div class="hover"></div>
            
            <div class="stickers"></div>
        </div>
    </a>
    <div>
        <h4><a href="../test-covid-sing-clean-nasale.html"><b>Test Covid Sing Clean Nasale</b></a></h4>
        <p class="description">1 piece</p>
        <p class="right price"><b>6.57 €</b></p>
        <p class="right unitPrice">6.57 € per piece</p>
    </div>
    <div class="notAvailable">
    <a class="button bgDarkGrey white" href="../test-covid-sing-clean-nasale.html">Not available</a>
</div>
</div>        </div>
    </div>
</section>
<div class="footer">
    <div class="bgDarkGrey"></div>
    <footer>
        <div class="left bgDarkGrey">
            <a id="logoFooter" href="../index.html" class="estDynamic">
                <img src="../../cdn.spesati.com/images/layout/logo-eng.png" alt="Spesati.com" />
                <h2 class="red">Grocery Delivery</h2>
            </a>
            <a class="button bgRed white mobile" href="tel:390707968318">Phone order</a>
            <a class="button bgRed white desktop" href="../news/2020-04-07/news-on-spesati-the-telephone-order-service-is-active.html">Phone order</a>
            <a class="button bgRed white" href="../cdn-cgi/l/email-protection.html#a2cbccc4cde2d1d2c7d1c3d6cb8cc1cdcf">Send mail</a>
            <div id="social">
                <a class="left" href="https://www.facebook.com/spesati/" rel="external" target="_blank">
                    <span class="facebook bgRed fa-stack fa-lg">
                        <i class="fa fa-facebook fa-stack-1x "></i>
                    </span>
                </a>
                <a class="right" href="https://twitter.com/spesati" rel="external" target="_blank">
                    <span class="twitter bgRed fa-stack fa-lg">
                        <i class="fa fa-twitter fa-stack-1x "></i>
                    </span>
                </a>
            </div>
            <p>Copyright 2024 Spesati.com </p>
            
                    <p>All rights reserved</p>
                    <p>SPESATI SRL</p>
                    <p>Corso Vittorio Veneto 15/I, 07026, Olbia</p>
                    <p>CF e P.Iva: 02772380909</p>
                        </div>
        <div class="center bgRed">
            <div class="top">
                <h3>Categories</h3>
                <div class="col">
                    <ul>
                        <li>
                            <a href="#" class="estDynamic">On sale</a>
                        </li>
                        <li>
                            <a href="../fruit-and-vegetables.html" class="estDynamic">Fruit and vegetables</a>
                        </li>
                        <li>
                            <a href="../fresh-products.html" class="estDynamic">Fresh products</a>
                        </li>
                        <li>
                            <a href="../frozen-foods.html" class="estDynamic">Frozen foods</a>
                        </li>
                        <li>
                            <a href="../bread-and-pasta.html" class="estDynamic">Bread and pasta</a>
                        </li>
                        <li>
                            <a href="../meat.html" class="estDynamic">Meat</a>
                        </li>
                        <li>
                            <a href="../fish.html" class="estDynamic">Fish</a>
                        </li>
                    </ul>
                </div>
                <div class="col">
                    <ul>
                        <li>
                            <a href="../wine-beer-and-spirits.html" class="estDynamic">Wine beer and spirits</a>
                        </li>
                        <li>
                            <a href="../water-and-drinks.html" class="estDynamic">Water and drinks</a>
                        </li>
                        <li>
                            <a href="../sweets.html" class="estDynamic">Sweets</a>
                        </li>
                        <li>
                            <a href="../shelf.html" class="estDynamic">Cupboard</a>
                        </li>
                        <li>
                            <a href="../personal-care.html" class="estDynamic">Personal care</a>
                        </li>
                        <li>
                            <a href="../household-and-outdoors.html" class="estDynamic">Home and outdoors</a>
                        </li>
                        <li>
                            <a href="../pet.html" class="estDynamic">Pets</a>
                        </li>
                    </ul>
                </div>
                <div class="col">
                    <ul>
                        <li>
                            <a href="../technology.html" class="estDynamic">Technology</a>
                        </li>
                        <li>
                            <a href="../gluten-free.html" class="estDynamic">Gluten free</a>
                        </li>
                        <li>
                            <a href="../lactose-free.html" class="estDynamic">Lactose free</a>
                        </li>
                        <li>
                            <a href="../special.html" class="estDynamic">Special</a>
                        </li>
                        <li>
                            <a href="../sardinian-products.html" class="estDynamic">Sardinian products</a>
                        </li>
                    </ul>
                </div>
            </div>
            <div class="bottom bgRed">
                <div class="left">
                    <h3>Delivery payment</h3>
                    <div>
                        <i class="fa fa-money fa-3x" aria-hidden="true"></i>
                        <p>Cash</p>
                    </div>
                    <div>
                        <i class="fa fa-credit-card fa-3x" aria-hidden="true"></i>
                        <p>Bancomat or card</p>
                    </div>
                </div>
                <div class="right">
                    <h3>Online payment</h3>
                    <div>
                        <i class="fa fa-credit-card fa-3x" aria-hidden="true"></i>
                        <p>Credit or debit card <span class="red">online</span></p>
                    </div>
                    <div>
                        <i class="fa fa-paypal fa-3x" aria-hidden="true"></i>
                        <p>PayPal</p>
                    </div>
                    <div>
                        <i class="fa fa-university fa-3x" aria-hidden="true"></i>
                        <p>Bank transfer</p>
                    </div>
                </div>
            </div>
        </div>
        <div class="right bgRed">
            <div>
                <i class="fa fa-truck fa-flip-horizontal"></i>
                <a class="button bgYellow white" href="../delivery-prices.html">Delivery prices</a>
                
                    <h3>Home delivery:</h3>
                    <p><b>Monday to Saturday</b></p>
                    <p><b>9:00 to 20:00</b></p>
                    <p><b>Minimum order:</b> 29€</p>
                    <p><b>Delivery starting from:</b> 3,50€</p>
                            </div>
            <ul>
                <li>
                    <a href="../delivery-prices.html">Delivery prices</a>
                </li>
                <li>
                    <a href="../about.html">About</a>
                </li>
                <li>
                    <a href="../faq.html">Faq</a>
                </li>
                <li>
                    <a href="../customer-care.html">Support</a>
                </li>
                <li>
                    <a href="../news.html">Blog</a>
                </li>
                <li>
                    <a href="../terms-and-conditions.html">Conditions</a>
                </li>
                <li>
                    <a href="../privacy-policy.html">Privacy policy</a>
                </li>
                <li>
                    <a href="../legal-warranty.html">Legal guarantee</a>
                </li>
            </ul>
        </div>
    </footer>
    <div class="bgRed"></div>
</div>
<!--Start of Tawk.to Script-->
<script data-cfasync="false" src="../cdn-cgi/scripts/5c5dd728/cloudflare-static/email-decode.min.js"></script><script type="text/javascript">
var Tawk_API=Tawk_API||{}, Tawk_LoadStart=new Date();
(function(){
var s1=document.createElement("script"),s0=document.getElementsByTagName("script")[0];
s1.async=true;
s1.src='https://embed.tawk.to/59e86945c28eca75e4626ed9/default';
s1.charset='UTF-8';
s1.setAttribute('crossorigin','*');
s0.parentNode.insertBefore(s1,s0);
})();
</script>
<!--End of Tawk.to Script-->

<!-- Here are parked a few translatable strings, useful for Javascript rendering -->
<div id="js-texts" hidden>
    <input type="hidden" name="save_cart_notice" value="Saving your cart it will be possible to reload it next time you come for shopping">
    <input type="hidden" name="save_cart_notice_title" value="Want to save your cart?">
    <input type="hidden" name="save_cart_ok" value="Save">
    <input type="hidden" name="save_cart_ko" value="Don't Save">
    <input type="hidden" name="reload_cart" value="The Reload Order function allows you to top up your last cart to make a New Order. Warning: do not use this function to add products to the last order. At this time it is not possible to modify an order placed previously.">
</div>

<!-- new site and login popup -->
</body>
<!-- Mirrored from www.spesati.com/fresh-products/yogurt by HTTrack Website Copier/3.x [XR&CO'2014], Fri, 23 Feb 2024 17:42:43 GMT -->
</html>