<!DOCTYPE html><html lang="en">
<!-- Mirrored from www.spesati.com/shelf/coffee by HTTrack Website Copier/3.x [XR&CO'2014], Fri, 23 Feb 2024 18:44:00 GMT -->
<!-- Added by HTTrack --><meta http-equiv="content-type" content="text/html;charset=utf-8" /><!-- /Added by HTTrack -->
<head>
    <title>Coffee - Cupboard - Spesati.com</title>
    <meta http-equiv="Content-Type" content="text/html; charset=UTF-8" />
    <meta name="description" content="" />
    <meta name="keywords" content="" />
    <link href="../images/favicon.ico" rel="shortcut icon" type="image/x-icon" />
    <meta name="author" content="www.dodify.com" /><link rel="canonical" href="coffee.html" /><link rel="alternate" hreflang="en" href="coffee.html" /><link rel="alternate" hreflang="it" href="https://www.spesati.it/scaffale/caffe" /><link href="../../cdnjs.cloudflare.com/ajax/libs/meyer-reset/2.0/reset.min.css" rel="stylesheet" type="text/css" /><link href="../../cdnjs.cloudflare.com/ajax/libs/font-awesome/6.5.1/css/all.min.css" rel="stylesheet" type="text/css" /><link href="https://fonts.googleapis.com/css?family=Montserrat:400,700" rel="stylesheet" type="text/css" /><link href="../../cdnjs.cloudflare.com/ajax/libs/fancybox/2.1.5/jquery.fancybox.min.css" rel="stylesheet" type="text/css" /><link href="../style/mainbea6.css?v=7" rel="stylesheet" type="text/css" /><link href="../style/lightslider.css" rel="stylesheet" type="text/css" /><link href="../style/categories.css" rel="stylesheet" type="text/css" /><script src="../../cdnjs.cloudflare.com/ajax/libs/jquery/3.6.1/jquery.min.js" type="text/javascript"></script><script src="../../ajax.googleapis.com/ajax/libs/jquery/1.11.0/jquery.min.js" type="text/javascript"></script><script src="http://unpkg.com/@floating-ui/core@0.4.0" type="text/javascript"></script><script src="http://unpkg.com/@floating-ui/dom@0.2.0" type="text/javascript"></script><script src="../../cdnjs.cloudflare.com/ajax/libs/fancybox/2.1.5/jquery.fancybox.min.js" type="text/javascript"></script><script src="../js/menu.js" type="text/javascript"></script><script src="../js/interfaceb6f5.js?v=10" type="text/javascript"></script><script src="../js/spesati.lightslider.min.js" type="text/javascript"></script><meta name="viewport" content="width=device-width, initial-scale=1, maximum-scale=1" /><meta name = "format-detection" content = "telephone=no">
<!-- Facebook Pixel Code -->
<script>
  !function(f,b,e,v,n,t,s)
  {if(f.fbq)return;n=f.fbq=function(){n.callMethod?
  n.callMethod.apply(n,arguments):n.queue.push(arguments)};
  if(!f._fbq)f._fbq=n;n.push=n;n.loaded=!0;n.version='2.0';
  n.queue=[];t=b.createElement(e);t.async=!0;
  t.src=v;s=b.getElementsByTagName(e)[0];
  s.parentNode.insertBefore(t,s)}(window, document,'script',
  '../../connect.facebook.net/en_US/fbevents.js');
  fbq('init', '792335014180667');
  fbq('track', 'PageView');
</script>
<noscript>
    <img height="1" width="1" style="display:none" src="https://www.facebook.com/tr?id=792335014180667&amp;ev=PageView&amp;noscript=1" />
</noscript>
<!-- End Facebook Pixel Code -->

<!-- GA4 -->
<script async src="https://www.googletagmanager.com/gtag/js?id=G-SSS6NRNXL0"></script>
<script>
  window.dataLayer = window.dataLayer || [];
  function gtag(){dataLayer.push(arguments);}
  gtag('js', new Date());
  gtag('config', 'AW-976671669');
  gtag('config', 'G-SSS6NRNXL0');
</script>
<!-- Elements for PWA deploy -->
<link rel="manifest" href="../manifest.json">
<meta name="theme-color" media="(prefers-color-scheme: light)" content="white">
<meta name="theme-color" media="(prefers-color-scheme: dark)"  content="black">
<link href=../images/icon-192.png rel=apple-touch-icon sizes="192x192">
<!-- Establishment logic -->
<script>var pageEstablishment = "Olbia"; var estDefaultPages = true</script>
    <!--[if lt IE 9]>
        <script src="https://cdnjs.cloudflare.com/ajax/libs/html5shiv/3.7.3/html5shiv.min.js" type="text/javascript"></script>
    <![endif]--><script type="text/javascript">
$(document).ready(function() {
    // Check if exists cookie
    if(document.cookie.indexOf("cookieAccepted") < 0) {
        var cookieText = '<div id=\"cookie\"><p>This site uses cookies. Cookies are used for ads personalisation. <a href=\"/privacy-policy\">More info</a></p><button id=\"cookieConsent\" type=\"button\">Accept</button></div>';
        $("body").append($(
            cookieText
        ));
        $('#cookie').css({
            'width'           : '100%',
            'text-align'      : 'center',
            'color'           : '#FFFFFF',
            'background-color': '#000000', 
            'opacity'         : '.8', 
            'position'        : 'fixed', 
            'bottom'          : '0',
            'padding'         : '.5em 0',
            'z-index'         : '999'
        });
        $('#cookie > *').css({
            'display': 'inline'
        });
        $('#cookie a').css({
            'color'          : '#FFFFFF',
            'text-decoration': 'underline',
            'margin-right'   : '2%'
        });
        $('#cookieConsent').click(function() {
            // Set cookie
            var expiry = new Date();
            expiry.setTime(expiry.getTime() + (365 * 24 * 60 * 60 * 1000));
            document.cookie = "cookieAccepted=yes; expires=" + expiry.toGMTString() + "; path=/; domain=.spesati.com";
            $('#cookie').css({'display': 'none'});
        });
    }
});
</script></head><body><script type="text/javascript">
    var addText = "Add";
    var slider  = null;
    $(document).ready(function() {
        slider = $('#cartSlider').lightSlider({
            controls: false,
            item:13,
            loop:false,
            slideMove:1,
            easing: 'cubic-bezier(0.25, 0, 0.25, 1)',
            speed:600,
            responsive : [
                {
                    breakpoint:1400,
                    settings: {
                        item:12,
                        slideMove:1,
                    }
                },
                {
                    breakpoint:1200,
                    settings: {
                        item:11,
                        slideMove:1,
                    }
                },
                {
                    breakpoint:1080,
                    settings: {
                        item:14,
                        slideMove:1,
                    }
                },
                {
                    breakpoint:800,
                    settings: {
                        item:12,
                        slideMove:1,
                    }
                }
            ]
        });
        $('.lSPager').css("display","none");
        $('.lSAction').css("display","block");
        $('#goToPrevSlide').on('click', function () {
            slider.goToPrevSlide();
        });
        $('#goToNextSlide').on('click', function () {
            slider.goToNextSlide();
        });
    });

</script>
<div id="header" class="bgYellow">
    <header>
        <a class="menu" href="#"><i class="fa red fa-bars fa-2x"></i></a>
        <a id="logo" class="colLeft estDynamic" href="../index.html">
            <img src="../../cdn.spesati.com/images/layout/logo-eng.png" alt="Spesati.com" />
            <h2 class="red">Grocery Delivery</h2>
        </a>
        <div class="colRight">
            <div id="controls" class="right">
                <p id="establishmentControls">
                    <span class="establishmentWarning"><i class="fa-solid fa-triangle-exclamation red" title="Stai visualizzando i prodotti disponibili in una zona diversa. Se vuoi cambiare zona, cliccan qui"></i>&nbsp;&nbsp;</span>
                    Shopping from <b><a id="establishment" href="#"></a></b> <span id="estAddress">for </span> <a href="../change-establishment.html">(<i class="fa-solid fa-pencil"></i> Change)</a> <span class="establishmentWarning">but viewing <b>Olbia</b></span>
                </p>
                <p><a href="https://www.spesati.it/scaffale/caffe" class="black switch-site">Versione italiana</a></p>                
            </div>
            <div>
                <form id="search" action="https://www.spesati.com/search" method="post" class="left">
                    <fieldset>
                        <div>
                            <input type="text" name="searchBox" id="searchBox" placeholder="Search for a product"></input>
                            <input id="searchButton" type="submit" name="searchButton" class="button bgRed white left" value="Find" />
                        </div>
                    </fieldset>
                </form>
                <div class="center left">
                    <a class="button bgRed white log-in" href="../login.html">Login</a>
                    <a class="button bgRed white sign-up" href="../sign-up.html">Sign up</a>
                    <a class="button bgRed white profile" href="../profile.html">Profile</a>
                    <a class="button bgRed white log-out" href="../index.html" data-endpoint-check-cart="https://api.spesati.com/cart/check">Logout</a>
                </div>
                <div class="right user-function-icons">
                    <a class="red left account"><i class="fa fa-user fa-3x"></i></a>
                    <div id="dropdown">
                        <a class="log-in button bgRed white" href="../login.html">Login</a>
                        <a class="sign-up button bgRed white" href="../sign-up.html">Sign up</a>
                        <a class="profile button bgRed white" href="../profile.html">Profile</a>
                        <a class="log-out button bgRed white" href="../index.html">Logout</a>
                    </div>

                    <div class="cart left">
                        <i class="fa fa-sm fa-shopping-cart red" aria-hidden="true" id="shipping-cart-button"></i>
                        <p id="cartQuantity"></p>
                    </div>

                    <a class="right" href="../cart.html"><p class="black" id="cartTotal"></p></a>
                </div>
            </div>
                            <div id="previewCart">
                    <i id="goToPrevSlide" class="yellow fa fa-angle-left fa-2x" aria-hidden="true"></i>
                    <div><ul id="cartSlider"></ul></div>
                    <i id="goToNextSlide" class="yellow fa fa-angle-right fa-2x" aria-hidden="true"></i>
                </div>
                    </div>
    </header>

    <div id="shipping-cart-options" data-inited="false">
        <a href="../cart.html" class="goto-cart">checkout</a>
        <a href="#" data-endpoint-auth="https://api.spesati.com/cart/save" data-endpoint-noauth="/login" class="save-cart">save</a>
        <a href="#" data-endpoint-auth="https://api.spesati.com/cart/load" class="load-cart">load</a>
    </div>
</div>
<div id="menuCategoriesMobile" class="mobile bgRed">
    <div class="closeMenu">
        <i class="fa fa-times fa-2x white"></i>
        Close
    </div>
    <ul class="bgRed white">
        <div id="langMobile" class="right">
        <a href="https://www.spesati.it/scaffale/caffe" class="white switch-site"><p>Versione italiana</p></a>    </div>
        <li><a>Categories</a>
            <ul class="bgWhite">
                <li>
                    <img src="../../cdn.spesati.com/images/menu/on-sale.png"/>
                    On sale                    <i class="fa fa-angle-down" aria-hidden="true"></i>
                    <ul class="sub-menu">
                    <li>
    <a href="../tacchino-fesa-a-fette.html">Tacchino Fesa A Fette</a>
</li><li>
    <a href="../amaro-montenegro-15lt.html">Amaro Montenegro 1,5lt</a>
</li><li>
    <a href="../carbone-di-legna-sacco-10kg.html">Carbone Di Legna Sacco 10Kg</a>
</li><li>
    <a href="../filu-e-ferru-silvio-carta-70cl.html">Filu E Ferru Silvio Carta 70Cl</a>
</li><li>
    <a href="../braciole-suino-con-cotenna.html">Braciole Suino Con Cotenna</a>
</li><li>
    <a href="../bovino-adulto-polpa.html">Bovino Adulto Polpa</a>
</li><li>
    <a href="../vino-la-palma-cannonau-le-bombarde.html">Vino La Palma Cannonau Le Bombarde</a>
</li><li>
    <a href="../fettine-sceltissime-bovino-adulto.html">Fettine Sceltissime Bovino Adulto</a>
</li><li>
    <a href="../suino-fettine-scelte.html">Suino Fettine Scelte</a>
</li><li>
    <a href="../lavazza-caffe-qualita-rossa-2x250gr.html">Lavazza Caffé Qualità Rossa 2x250gr</a>
</li>                        <li>
                            <a class="estDynamic" href="../on-offer.html">All products on sale</a>
                        </li>
                    </ul>
                </li>
                <li>
                    <img src="../../cdn.spesati.com/images/menu/gift.png"/>
                    Gifts                    <i class="fa fa-angle-down" aria-hidden="true"></i>
                    <ul class="sub-menu">
                        <li>
    <a href="../gift-card-da-150.html">Gift Card Da 150</a>
</li><li>
    <a href="../gift-card-da-100.html">Gift Card Da 100</a>
</li><li>
    <a href="../gift-card-da-50.html">Gift Card Da 50</a>
</li><li>
    <a href="../gift-card-da-25.html">Gift Card Da 25</a>
</li>                        <li>
                            <a class="estDynamic" href="../gift.html">All products in the gifts category</a>
                        </li>
                    </ul>
                </li>
                <li>
                    <img src="../../cdn.spesati.com/images/menu/gift-card.png"/>
                    Gift card and discounts                    <i class="fa fa-angle-down" aria-hidden="true"></i>
                    <ul class="sub-menu">
                        <li>
    <a href="../gift-card-da-150.html">Gift Card Da 150</a>
</li><li>
    <a href="../gift-card-da-100.html">Gift Card Da 100</a>
</li><li>
    <a href="../gift-card-da-50.html">Gift Card Da 50</a>
</li><li>
    <a href="../gift-card-da-25.html">Gift Card Da 25</a>
</li>                    </ul>
                </li>
                <li>
                    <img src="../../cdn.spesati.com/images/menu/fuit-and-vegetables.png"/>
                    Fruit and vegetables                    <i class="fa fa-angle-down" aria-hidden="true"></i>
                    <ul class="sub-menu">
                        <li>
                            <a class="estDynamic" href="../fruit-and-vegetables/pulses-and-beans.html">Cereals and pulses and beans</a>
                        </li>
                        <li>
                            <a class="estDynamic" href="../fruit-and-vegetables/fruit.html">Fruit</a>
                        </li>
                        <li>
                            <a class="estDynamic" href="../fruit-and-vegetables/canned-fruit.html">Canned fruit</a>
                        </li>
                        <li>
                            <a class="estDynamic" href="../fruit-and-vegetables/dried-fruit.html">Dried fruit</a>
                        </li>
                        <li>
                            <a class="estDynamic" href="../fruit-and-vegetables/ready-salads.html">Ready salads</a>
                        </li>
                        <li>
                            <a class="estDynamic" href="../fruit-and-vegetables/fresh-spices.html">Fresh spices</a>
                        </li>
                        <li>
                            <a class="estDynamic" href="../fruit-and-vegetables/vegetables.html">Vegetables and soy</a>
                        </li>
                    </ul>
                </li>
                <li>
                    <img src="../../cdn.spesati.com/images/menu/fresh-products.png"/>
                    Fresh products                    <i class="fa fa-angle-down" aria-hidden="true"></i>
                    <ul class="sub-menu">
                        <li>
                            <a class="estDynamic" href="../fresh-products/margarine-and-butter.html">Butter and margarine</a>
                        </li>
                        <li>
                            <a class="estDynamic" href="../fresh-products/danone.html">Danone</a>
                        </li>
                        <li>
                            <a class="estDynamic" href="../fresh-products/dessert.html">Dessert</a>
                        </li>
                        <li>
                            <a class="estDynamic" href="../fresh-products/sweets.html">Sweets</a>
                        </li>
                        <li>
                            <a class="estDynamic" href="../fresh-products/dairy-products.html">Dairy product</a>
                        </li>
                        <li>
                            <a class="estDynamic" href="../fresh-products/bakery.html">Yeast</a>
                        </li>
                        <li>
                            <a class="estDynamic" href="../fresh-products/mascarpone.html">Mascarpone</a>
                        </li>
                        <li>
                            <a class="estDynamic" href="../fresh-products/snacks.html">Snacks</a>
                        </li>
                        <li>
                            <a class="estDynamic" href="../fresh-products/mozzarella.html">Mozzarella</a>
                        </li>
                        <li>
                            <a class="estDynamic" href="../fresh-products/pasta.html">Pasta</a>
                        </li>
                        <li>
                            <a class="estDynamic" href="../fresh-products/pesto-and-sauces.html">Pesto and sauces</a>
                        </li>
                        <li>
                            <a class="estDynamic" href="../fresh-products/ricotta-and-cheese.html">Ricotta and cheese</a>
                        </li>
                        <li>
                            <a class="estDynamic" href="../fresh-products/cured-meat.html">Cured meat</a>
                        </li>
                        <li>
                            <a class="estDynamic" href="../fresh-products/wurstel.html">Würstel</a>
                        </li>
                        <li>
                            <a class="estDynamic" href="../fresh-products/yogurt.html">Yogurt</a>
                        </li>
                    </ul>
                </li>
                <li>
                    <img src="../../cdn.spesati.com/images/menu/frozen-foods.png"/>
                    Frozen foods                    <i class="fa fa-angle-down" aria-hidden="true"></i>
                    <ul class="sub-menu">
                        <li>
                            <a class="estDynamic" href="../frozen-foods/meat.html">Meat</a>
                        </li>
                        <li>
                            <a class="estDynamic" href="../frozen-foods/ice-creams.html">Ice cream and sweet</a>
                        </li>
                        <li>
                            <a class="estDynamic" href="../frozen-foods/pasta.html">Pasta</a>
                        </li>
                        <li>
                            <a class="estDynamic" href="../frozen-foods/fish.html">Fish</a>
                        </li>
                        <li>
                            <a class="estDynamic" href="../frozen-foods/ready-meals.html">Ready meals</a>
                        </li>
                        <li>
                            <a class="estDynamic" href="../frozen-foods/pizzas.html">Pizzas</a>
                        </li>
                        <li>
                            <a class="estDynamic" href="../frozen-foods/vegetables.html">Vegetables and soy</a>
                        </li>
                    </ul>
                </li>
                <li>
                    <img src="../../cdn.spesati.com/images/menu/bread-and-pasta.png"/>
                    Bread and pasta                    <i class="fa fa-angle-down" aria-hidden="true"></i>
                    <ul class="sub-menu">
                        <li>
                            <a class="estDynamic" href="../bread-and-pasta/crackers.html">Crackers</a>
                        </li>
                        <li>
                            <a class="estDynamic" href="../bread-and-pasta/rusks.html">Rusks</a>
                        </li>
                        <li>
                            <a class="estDynamic" href="../bread-and-pasta/white-bread.html">White bread</a>
                        </li>
                        <li>
                            <a class="estDynamic" href="../bread-and-pasta/local-bread.html">Local bread</a>
                        </li>
                        <li>
                            <a class="estDynamic" href="../bread-and-pasta/soft-bread.html">Soft bread</a>
                        </li>
                        <li>
                            <a class="estDynamic" href="../bread-and-pasta/sardinian-bread.html">Sardinian bread</a>
                        </li>
                        <li>
                            <a class="estDynamic" href="../bread-and-pasta/bakery.html">Bakery</a>
                        </li>
                        <li>
                            <a class="estDynamic" href="../bread-and-pasta/pasta.html">Pasta</a>
                        </li>
                        <li>
                            <a class="estDynamic" href="../bread-and-pasta/fresh-pasta.html">Fresh pasta</a>
                        </li>
                    </ul>
                </li>
                <li>
                    <img src="../../cdn.spesati.com/images/menu/meat.png"/>
                    Meat                    <i class="fa fa-angle-down" aria-hidden="true"></i>
                    <ul class="sub-menu">
                        <li>
                            <a class="estDynamic" href="../meat/beef.html">Beef</a>
                        </li>
                        <li>
                            <a class="estDynamic" href="../meat/goat.html">Goat</a>
                        </li>
                        <li>
                            <a class="estDynamic" href="../meat/packaged-meat.html">Packaged meat</a>
                        </li>
                        <li>
                            <a class="estDynamic" href="../meat/rabbit.html">Rabbit</a>
                        </li>
                        <li>
                            <a class="estDynamic" href="../meat/horse.html">Horse</a>
                        </li>
                        <li>
                            <a class="estDynamic" href="../meat/pork.html">Pork</a>
                        </li>
                        <li>
                            <a class="estDynamic" href="../meat/lamb.html">Lamb</a>
                        </li>
                        <li>
                            <a class="estDynamic" href="../meat/poultry.html">Poultry</a>
                        </li>
                    </ul>
                </li>
                <li>
                    <img src="../../cdn.spesati.com/images/menu/fish.png"/>
                    Fish                    <i class="fa fa-angle-down" aria-hidden="true"></i>
                    <ul class="sub-menu">
                        <li>
                            <a class="estDynamic" href="../fish/fresh-water.html">Fresh water</a>
                        </li>
                        <li>
                            <a class="estDynamic" href="../fish/salt-water.html">Salt water</a>
                        </li>
                        <li>
                            <a class="estDynamic" href="../fish/mussels.html">Mussels</a>
                        </li>
                        <li>
                            <a class="estDynamic" href="../fish/dried-and-salted.html">Dried and salted</a>
                        </li>
                        <li>
                            <a class="estDynamic" href="../fish/seafood-salad.html">Seafood salad</a>
                        </li>
                        <li>
                            <a class="estDynamic" href="../fish/prepared.html">Prepared</a>
                        </li>
                        <li>
                            <a class="estDynamic" href="../fish/specialty.html">Specialty</a>
                        </li>   
                        <li>
                            <a class="estDynamic" href="../fish/tuna-and-salmon.html">Tuna and salmon</a>
                        </li>
                    </ul>
                </li>
                <li>
                    <img src="../../cdn.spesati.com/images/menu/alcohol.png"/>
                    Wine beer and spirits                    <i class="fa fa-angle-down" aria-hidden="true"></i>
                    <ul class="sub-menu">
                        <li>
                            <a class="estDynamic" href="../wine-beer-and-spirits/spirits-and-liquors.html">Alcohol</a>
                        </li>
                        <li>
                            <a class="estDynamic" href="../wine-beer-and-spirits/bitters.html">Bitters</a>
                        </li>
                        <li>
                            <a class="estDynamic" href="../wine-beer-and-spirits/aperatif.html">Aperatifs</a>
                        </li>
                        <li>
                            <a class="estDynamic" href="../wine-beer-and-spirits/beer.html">Beer</a>
                        </li>
                        <li>
                            <a class="estDynamic" href="../wine-beer-and-spirits/creams.html">Creams</a>
                        </li>
                        <li>
                            <a class="estDynamic" href="../wine-beer-and-spirits/spirits.html">Spirits</a>
                        </li>
                        <li>
                            <a class="estDynamic" href="../wine-beer-and-spirits/liquors.html">Liquors</a>
                        </li>
                        <li>
                            <a class="estDynamic" href="../wine-beer-and-spirits/white-wine.html">White wine</a>
                        </li>
                        <li>
                            <a class="estDynamic" href="../wine-beer-and-spirits/prosecco-wine.html">Prosecco wine</a>
                        </li>
                        <li>
                            <a class="estDynamic" href="../wine-beer-and-spirits/rose-wine.html">Rose wine</a>
                        </li>
                        <li>
                            <a class="estDynamic" href="../wine-beer-and-spirits/red-wine.html">Red wine</a>
                        </li>
                        <li>
                            <a class="estDynamic" href="../wine-beer-and-spirits/specialty-wine.html">Special wine</a>
                        </li>
                        <li>
                            <a class="estDynamic" href="../wine-beer-and-spirits/sparkling-wine.html">Sparkling wine</a>
                        </li>
                        <li>
                            <a class="estDynamic" href="../wine-beer-and-spirits/vermentino-wine.html">Vermentino wine</a>
                        </li>
                    </ul>
                </li>
                <li>
                    <img src="../../cdn.spesati.com/images/menu/water-and-drinks.png"/>
                    Water and drinks                    <i class="fa fa-angle-down" aria-hidden="true"></i>
                    <ul class="sub-menu">
                        <li>
                            <a class="estDynamic" href="../water-and-drinks/san-martino.html">San Martino</a>
                        </li>
                        <li>
                            <a class="estDynamic" href="../water-and-drinks/water.html">Water</a>
                        </li>
                        <li>
                            <a class="estDynamic" href="../water-and-drinks/alpro.html">Alpro</a>
                        </li>
                        <li>
                            <a class="estDynamic" href="../water-and-drinks/fizzy-drinks.html">Fizzy drinks</a>
                        </li>
                        <li>
                            <a class="estDynamic" href="../water-and-drinks/coca-cola.html">Coca-Cola</a>
                        </li>
                        <li>
                            <a class="estDynamic" href="../water-and-drinks/energy-drink.html">Energy drink</a>
                        </li>
                        <li>
                            <a class="estDynamic" href="../water-and-drinks/syrups.html">Syrups</a>
                        </li>
                        <li>
                            <a class="estDynamic" href="../water-and-drinks/supplements.html">Supplements</a>
                        </li>
                        <li>
                            <a class="estDynamic" href="../water-and-drinks/instant-drinks.html">Instant drinks</a>
                        </li>
                        <li>
                            <a class="estDynamic" href="../water-and-drinks/juice.html">Juice</a>
                        </li>
                        <li>
                            <a class="estDynamic" href="../water-and-drinks/tea.html">Tea</a>
                        </li>
                    </ul>
                </li>
                <li>
                    <img src="../../cdn.spesati.com/images/menu/sweets.png"/>
                    Sweets                    <i class="fa fa-angle-down" aria-hidden="true"></i>
                    <ul class="sub-menu">
                        <li>
                            <a class="estDynamic" href="../sweets/bars-and-snacks.html">Bars and snacks</a>
                        </li>
                        <li>
                            <a class="estDynamic" href="../sweets/biscuits.html">Biscuits</a>
                        </li>
                        <li>
                            <a class="estDynamic" href="../sweets/brioches.html">Brioches</a>
                        </li>
                        <li>
                            <a class="estDynamic" href="../sweets/candy-and-chewing-gum.html">Candy and chewing gum</a>
                        </li>
                        <li>
                            <a class="estDynamic" href="../sweets/cereals.html">Cereals</a>
                        </li>
                        <li>
                            <a class="estDynamic" href="../sweets/chocolate.html">Chocolate</a>
                        </li>
                        <li>
                            <a class="estDynamic" href="../sweets/spreadable-creams.html">Spreads</a>
                        </li>
                        <li>
                            <a class="estDynamic" href="../sweets/dessert-toppings.html">Dessert toppings</a>
                        </li>
                        <li>
                            <a class="estDynamic" href="../sweets/jam.html">Jam</a>
                        </li>
                        <li>
                            <a class="estDynamic" href="../sweets/honey.html">Honey</a>
                        </li>
                        <li>
                            <a class="estDynamic" href="../sweets/panettoni-and-pandoro.html">Panettone and pandoro</a>
                        </li>
                        <li>
                            <a class="estDynamic" href="../sweets/pastry.html">Pastry</a>
                        </li>
                        <li>
                            <a class="estDynamic" href="../sweets/instant-dessert.html">Prepared</a>
                        </li>
                        <li>
                            <a class="estDynamic" href="../sweets/cakes-and-pies.html">Cakes and pies</a>
                        </li>
                        <li>
                            <a class="estDynamic" href="../sweets/easter-eggs-and-doves.html">Easter eggs and doves</a>
                        </li>
                    </ul>
                </li>
                <li>
                    <img src="../../cdn.spesati.com/images/menu/shelf.png"/>
                    Cupboard                    <i class="fa fa-angle-down" aria-hidden="true"></i>
                    <ul class="sub-menu">
                        <li>
                            <a class="estDynamic" href="coffee.html">Coffee</a>
                        </li>
                        <li>
                            <a class="estDynamic" href="gift-baskets.html">Gift baskets</a>
                        </li>
                        <li>
                            <a class="estDynamic" href="stock-cubes.html">Nuts and preparations</a>
                        </li>
                        <li>
                            <a class="estDynamic" href="flour-and-baking.html">Flour and baking</a>
                        </li>
                        <li>
                            <a class="estDynamic" href="milk.html">Milk</a>
                        </li>
                        <li>
                            <a class="estDynamic" href="oil-salt-vinegar.html">Oil, vinegar and salt</a>
                        </li>
                        <li>
                            <a class="estDynamic" href="cream-and-bechamel.html">Cream and bechamel</a>
                        </li>
                        <li>
                            <a class="estDynamic" href="crisps-and-pretzels.html">Crisps and pretzels</a>
                        </li>
                        <li>
                            <a class="estDynamic" href="baby-and-infants-products.html">Early childhood products</a>
                        </li>
                        <li>
                            <a class="estDynamic" href="rice.html">Rice</a>
                        </li>
                        <li>
                            <a class="estDynamic" href="tins-and-preserves.html">Tins and Preserves</a>
                        </li>
                        <li>
                            <a class="estDynamic" href="spices.html">Spices</a>
                        </li>
                        <li>
                            <a class="estDynamic" href="sauces.html">Sauces</a>
                        </li>
                        <li>
                            <a class="estDynamic" href="tea-and-infusions.html">Tea and infusions</a>
                        </li>
                        <li>
                            <a class="estDynamic" href="eggs.html">Eggs</a>
                        </li>
                        <li>
                            <a class="estDynamic" href="sugar-and-sweeteners.html">Sugar and sweeteners</a>
                        </li>
                    </ul>
                </li>
                <li>
                    <img src="../../cdn.spesati.com/images/menu/personal-care.png"/>
                    Personal care                    <i class="fa fa-angle-down" aria-hidden="true"></i>
                    <ul class="sub-menu">
                        <li>
                            <a class="estDynamic" href="../personal-care/accessories-and-cotton.html">Accessories and cotton</a>
                        </li>
                        <li>
                            <a class="estDynamic" href="../personal-care/feminine-care-incontinence-and-baby-diapers.html">Feminine incontinence and diapers</a>
                        </li>
                        <li>
                            <a class="estDynamic" href="../personal-care/shower-gel.html">Shower gel</a>
                        </li>
                        <li>
                            <a class="estDynamic" href="../personal-care/creams.html">Creams</a>
                        </li>
                        <li>
                            <a class="estDynamic" href="../personal-care/deodorant.html">Deodorant</a>
                        </li>
                        <li>
                            <a class="estDynamic" href="../personal-care/hair-removal.html">Hair removal</a>
                        </li>
                        <li>
                            <a class="estDynamic" href="../personal-care/disinfectants.html">Disinfectants</a>
                        </li>
                        <li>
                            <a class="estDynamic" href="../personal-care/oral-hygiene.html">Oral hygiene</a>
                        </li>
                        <li>
                            <a class="estDynamic" href="../personal-care/supplements-and-multivitamins.html">Supplements and multivitamins</a>
                        </li>
                        <li>
                            <a class="estDynamic" href="../personal-care/first-aid.html">First aid label</a>
                        </li>
                        <li>
                            <a class="estDynamic" href="../personal-care/beard-products.html">Beard products</a>
                        </li>
                        <li>
                            <a class="estDynamic" href="../personal-care/hairs-products.html">Hair products</a>
                        </li>
                        <li>
                            <a class="estDynamic" href="../personal-care/perfume.html">Perfumes</a>
                        </li>
                        <li>
                            <a class="estDynamic" href="../personal-care/wipes.html">Wipes</a>
                        </li>
                        <li>
                            <a class="estDynamic" href="../personal-care/soaps-and-body-wash.html">Soaps and body wash</a>
                        </li>
                        <li>
                            <a class="estDynamic" href="../personal-care/shampoo-and-conditioner.html">Shampoo and conditioner</a>
                        </li>
                    </ul>
                </li>
                <li>
                    <img src="../../cdn.spesati.com/images/menu/pellet-and-home.png"/>
                    Home and outdoors                    <i class="fa fa-angle-down" aria-hidden="true"></i>
                    <ul class="sub-menu">
                        <li>
                            <a class="estDynamic" href="../household-and-outdoors/distilled-water.html">Distilled water</a>
                        </li>
                        <li>
                            <a class="estDynamic" href="../household-and-outdoors/car-products.html">Cars</a>
                        </li>
                        <li>
                            <a class="estDynamic" href="../household-and-outdoors/bin-bags-and-buckets.html">Bin bags and buckets</a>
                        </li>
                        <li>
                            <a class="estDynamic" href="../household-and-outdoors/bleach-and-stain-removers.html">Bleach and stain removers</a>
                        </li>
                        <li>
                            <a class="estDynamic" href="../household-and-outdoors/candles.html">Candles</a>
                        </li>
                        <li>
                            <a class="estDynamic" href="../household-and-outdoors/kitchen-roll.html">Kitchen roll</a>
                        </li>
                        <li>
                            <a class="estDynamic" href="../household-and-outdoors/air-fresheners.html">Air fresheners</a>
                        </li>
                        <li>
                            <a class="estDynamic" href="../household-and-outdoors/laundry-accessories-and-detergent.html">Laundry detergent</a>
                        </li>
                        <li>
                            <a class="estDynamic" href="../household-and-outdoors/dishwasher-and-washing-up.html">Dishwasher and washing up</a>
                        </li>
                        <li>
                            <a class="estDynamic" href="../household-and-outdoors/gardening.html">Gardening</a>
                        </li>
                        <li>
                            <a class="estDynamic" href="../household-and-outdoors/light-bulbs-and-batteries.html">Lightbulbs and batteries</a>
                        </li>
                        <li>
                            <a class="estDynamic" href="../household-and-outdoors/pellet-and-bbq.html">Pellet and BBQ</a>
                        </li>
                        <li>
                            <a class="estDynamic" href="../household-and-outdoors/bathroom-products.html">Bathroom products</a>
                        </li>
                        <li>
                            <a class="estDynamic" href="../household-and-outdoors/home-and-furniture-products.html">Home and furniture products</a>
                        </li>
                        <li>
                            <a class="estDynamic" href="../household-and-outdoors/kitchen-products.html">Kitchen products</a>
                        </li>
                        <li>
                            <a class="estDynamic" href="../household-and-outdoors/window-and-floor-cleaners.html">Window and floor cleaner</a>
                        </li>
                        <li>
                            <a class="estDynamic" href="../household-and-outdoors/repellents.html">Repellents</a>
                        </li>
                        <li>
                            <a class="estDynamic" href="../household-and-outdoors/disposable-tableware.html">Disposable tableware</a>
                        </li>
                    </ul>
                </li>
                <li>
                    <img src="../../cdn.spesati.com/images/menu/animals.png"/>
                    Pets                    <i class="fa fa-angle-down" aria-hidden="true"></i>
                    <ul class="sub-menu">
                        <li>
                            <a class="estDynamic" href="../pets/pet-food-other-animals.html">Other animals pet food</a>
                        </li>
                        <li>
                            <a class="estDynamic" href="../pets/pet-food-dogs.html">Pet food dogs</a>
                        </li>
                        <li>
                            <a class="estDynamic" href="../pets/pet-food-cats.html">Pet food cats</a>
                        </li>
                        <li>
                            <a class="estDynamic" href="../pets/hygiene-and-cleaning.html">Hygiene and cleaning</a>
                        </li>
                    </ul>
                </li>
                <li>
                    <img src="../../cdn.spesati.com/images/menu/technology.png"/>
                    Technology                    <i class="fa fa-angle-down" aria-hidden="true"></i>
                    <ul class="sub-menu">
                        <li>
                            <a class="estDynamic" href="../technology/accessories.html">Accessories</a>
                        </li>
                        <li>
                            <a class="estDynamic" href="../technology/computer.html">Computer</a>
                        </li>
                        <li>
                            <a class="estDynamic" href="../technology/telephones.html">Telephones</a>
                        </li>
                        <li>
                            <a class="estDynamic" href="../technology/tv.html">TV</a>
                        </li>
                    </ul>
                </li>
                <li>
                    <img src="../../cdn.spesati.com/images/menu/gluten-free.png"/>
                    Gluten free                    <i class="fa fa-angle-down" aria-hidden="true"></i>
                    <ul class="sub-menu">
                        <li>
                            <a class="estDynamic" href="../gluten-free/frozen-foods.html">Frozen foods</a>
                        </li>
                        <li>
                            <a class="estDynamic" href="../gluten-free/beer.html">Beer</a>
                        </li>
                        <li>
                            <a class="estDynamic" href="../gluten-free/sweets.html">Sweets</a>
                        </li>
                        <li>
                            <a class="estDynamic" href="../gluten-free/bread-and-pasta.html">Bread and pasta</a>
                        </li>
                        <li>
                            <a class="estDynamic" href="../gluten-free/shelf.html">Cupboard</a>
                        </li>
                    </ul>
                </li>
                <li>
                    <img src="../../cdn.spesati.com/images/menu/lactose-free.png"/>
                    Lactose free                    <i class="fa fa-angle-down" aria-hidden="true"></i>
                    <ul class="sub-menu">
                        <li>
                            <a class="estDynamic" href="../lactose-free/frozen-foods.html">Frozen foods</a>
                        </li>
                        <li>
                            <a class="estDynamic" href="../lactose-free/sweets.html">Sweets</a>
                        </li>
                        <li>
                            <a class="estDynamic" href="../lactose-free/dairy-product.html">Dairy product</a>
                        </li>
                        <li>
                            <a class="estDynamic" href="../lactose-free/shelf.html">Cupboard</a>
                        </li>
                    </ul>
                </li>
                <li>
                    <img src="../../cdn.spesati.com/images/menu/special.png"/>
                    Special                    <i class="fa fa-angle-down" aria-hidden="true"></i>
                    <ul class="sub-menu">
                        <li>
                            <a class="estDynamic" href="../special/alpro.html">Alpro</a>
                        </li>
                        <li>
                            <a class="estDynamic" href="../special/organic.html">Biological</a>
                        </li>
                        <li>
                            <a class="estDynamic" href="../special/meat.html">Meat</a>
                        </li>
                        <li>
                            <a class="estDynamic" href="../special/wholegrain.html">Wholegrain</a>
                        </li>
                        <li>
                            <a class="estDynamic" href="../special/bread-and-pasta.html">Bread and pasta</a>
                        </li>
                        <li>
                            <a class="estDynamic" href="../special/vegan.html">Vegan</a>
                        </li>
                    </ul>
                </li>
                <li>
                    <img src="../../cdn.spesati.com/images/menu/sardinian-products.png"/>
                    Sardinian products                    <i class="fa fa-angle-down" aria-hidden="true"></i>
                    <ul class="sub-menu">
                        <li>
                            <a class="estDynamic" href="../sardinian-products/drinks.html">Drinks</a>
                        </li>
                        <li>
                            <a class="estDynamic" href="../sardinian-products/meat.html">Meat</a>
                        </li>
                        <li>
                            <a class="estDynamic" href="../sardinian-products/sweets.html">Sweets</a>
                        </li>
                        <li>
                            <a class="estDynamic" href="../sardinian-products/fruit-and-vegetables.html">Fruit and vegetables</a>
                        </li>
                        <li>
                            <a class="estDynamic" href="../sardinian-products/ichnusa.html">Ichnusa</a>
                        </li>
                        <li>
                            <a class="estDynamic" href="../sardinian-products/dairy-product.html">Dairy product</a>
                        </li>
                        <li>
                            <a class="estDynamic" href="../sardinian-products/bread-and-pasta.html">Bread and pasta</a>
                        </li>
                        <li>
                            <a class="estDynamic" href="../sardinian-products/fish.html">Fish</a>
                        </li>
                        <li>
                            <a class="estDynamic" href="../sardinian-products/cured-meat.html">Cured meat</a>
                        </li>
                        <li>
                            <a class="estDynamic" href="../sardinian-products/shelf.html">Cupboard</a>
                        </li>
                        <li>
                            <a class="estDynamic" href="../sardinian-products/vermentino-wine.html">Vermentino wine</a>
                        </li>
                        <li>
                            <a class="estDynamic" href="../sardinian-products/wine-beer-and-spirits.html">Wine beer and spirits</a>
                        </li>
                    </ul>
                </li>
            </ul>
        </li>
        <li>
            <a href="../about.html">About</a>
        </li>
        <li>
            <a href="../faq.html">Faq</a>
        </li>
        <li>
            <a href="../customer-care.html">Support</a>
        </li>
        <li>
            <a href="../news.html">Blog</a>
        </li>
        <li>
            <a href="../terms-and-conditions.html">Conditions</a>
        </li>
        <li>
            <a href="../privacy-policy.html">Privacy policy</a>
        </li>
        <li>
            <a href="../login.html">Login</a>
        </li>
        <li>
             <a href="../sign-up.html">Sign up</a>
        </li>
    </ul>
</div><section class="first">
    <div id="menuCategories" class="colLeft">
    <ul id="main_nav" >
        <li>
            <a class="estDynamic" href="../on-offer.html">
               <img src="../../cdn.spesati.com/images/menu/on-sale.png"/>
               On sale            </a>
            <i class="fa fa-angle-right" aria-hidden="true"></i>
            <ul class="sub-menu">
                <li>
    <a href="../tacchino-fesa-a-fette.html" class="estDynamic">Tacchino Fesa A Fette</a>
</li><li>
    <a href="../amaro-montenegro-15lt.html" class="estDynamic">Amaro Montenegro 1,5lt</a>
</li><li>
    <a href="../carbone-di-legna-sacco-10kg.html" class="estDynamic">Carbone Di Legna Sacco 10Kg</a>
</li><li>
    <a href="../filu-e-ferru-silvio-carta-70cl.html" class="estDynamic">Filu E Ferru Silvio Carta 70Cl</a>
</li><li>
    <a href="../braciole-suino-con-cotenna.html" class="estDynamic">Braciole Suino Con Cotenna</a>
</li><li>
    <a href="../bovino-adulto-polpa.html" class="estDynamic">Bovino Adulto Polpa</a>
</li><li>
    <a href="../vino-la-palma-cannonau-le-bombarde.html" class="estDynamic">Vino La Palma Cannonau Le Bombarde</a>
</li><li>
    <a href="../fettine-sceltissime-bovino-adulto.html" class="estDynamic">Fettine Sceltissime Bovino Adulto</a>
</li><li>
    <a href="../suino-fettine-scelte.html" class="estDynamic">Suino Fettine Scelte</a>
</li><li>
    <a href="../lavazza-caffe-qualita-rossa-2x250gr.html" class="estDynamic">Lavazza Caffé Qualità Rossa 2x250gr</a>
</li>                <li>
                    <a class="estDynamic" href="../on-offer.html">All products on sale</a>
                </li>
            </ul>
        </li>
        <li>
            <a class="estDynamic" href="../gift.html">
               <img src="../../cdn.spesati.com/images/menu/gift.png"/>
               Gifts            </a>
            <i class="fa fa-angle-right" aria-hidden="true"></i>
            <ul class="sub-menu">
                <li>
    <a href="../gift-card-da-150.html" class="estDynamic">Gift Card Da 150</a>
</li><li>
    <a href="../gift-card-da-100.html" class="estDynamic">Gift Card Da 100</a>
</li><li>
    <a href="../gift-card-da-50.html" class="estDynamic">Gift Card Da 50</a>
</li><li>
    <a href="../gift-card-da-25.html" class="estDynamic">Gift Card Da 25</a>
</li>                <li>
                    <a class="estDynamic" href="../gift.html">All products in the gifts category</a>
                </li>
            </ul>
        </li>
        <li>
            <a class="estDynamic" href="../gift-card.html">
               <img src="../../cdn.spesati.com/images/menu/gift-card.png"/>
               Gift card and discounts            </a>
            <i class="fa fa-angle-right" aria-hidden="true"></i>
            <ul class="sub-menu">
                <li>
    <a href="../gift-card-da-150.html">Gift Card Da 150</a>
</li><li>
    <a href="../gift-card-da-100.html">Gift Card Da 100</a>
</li><li>
    <a href="../gift-card-da-50.html">Gift Card Da 50</a>
</li><li>
    <a href="../gift-card-da-25.html">Gift Card Da 25</a>
</li>            </ul>
        </li>
        <li>
            <a class="estDynamic" href="../fruit-and-vegetables.html">
               <img src="../../cdn.spesati.com/images/menu/fuit-and-vegetables.png"/>
               Fruit and vegetables           </a>
            <i class="fa fa-angle-right" aria-hidden="true"></i>
            <ul class="sub-menu">
                <li>
                    <a class="estDynamic" href="../fruit-and-vegetables/pulses-and-beans.html">Cereals and pulses and beans</a>
                </li>
                <li>
                    <a class="estDynamic" href="../fruit-and-vegetables/fruit.html">Fruit</a>
                </li>
                <li>
                    <a class="estDynamic" href="../fruit-and-vegetables/canned-fruit.html">Canned fruit</a>
                </li>
                <li>
                    <a class="estDynamic" href="../fruit-and-vegetables/dried-fruit.html">Dried fruit</a>
                </li>
                <li>
                    <a class="estDynamic" href="../fruit-and-vegetables/ready-salads.html">Ready salads</a>
                </li>
                <li>
                    <a class="estDynamic" href="../fruit-and-vegetables/fresh-spices.html">Fresh spices</a>
                </li>
                <li>
                    <a class="estDynamic" href="../fruit-and-vegetables/vegetables.html">Vegetables and soy</a>
                </li>
            </ul>
        </li>
        <li>
            <a class="estDynamic" href="../fresh-products.html">
                <img src="../../cdn.spesati.com/images/menu/fresh-products.png"/>
                Fresh products            </a>
            <i class="fa fa-angle-right" aria-hidden="true"></i>
            <ul class="sub-menu">
                <li>
                    <a class="estDynamic" href="../fresh-products/margarine-and-butter.html">Butter and margarine</a>
                </li>
                <li>
                    <a class="estDynamic" href="../fresh-products/danone.html">Danone</a>
                </li>
                <li>
                    <a class="estDynamic" href="../fresh-products/dessert.html">Dessert</a>
                </li>
                <li>
                    <a class="estDynamic" href="../fresh-products/sweets.html">Sweets</a>
                </li>
                <li>
                    <a class="estDynamic" href="../fresh-products/dairy-products.html">Dairy product</a>
                </li>
                <li>
                    <a class="estDynamic" href="../fresh-products/bakery.html">Yeast</a>
                </li>
                <li>
                    <a class="estDynamic" href="../fresh-products/mascarpone.html">Mascarpone</a>
                </li>
                <li>
                    <a class="estDynamic" href="../fresh-products/snacks.html">Snacks</a>
                </li>
                <li>
                    <a class="estDynamic" href="../fresh-products/mozzarella.html">Mozzarella</a>
                </li>
                <li>
                    <a class="estDynamic" href="../fresh-products/pasta.html">Pasta</a>
                </li>
                <li>
                    <a class="estDynamic" href="../fresh-products/pesto-and-sauces.html">Pesto and sauces</a>
                </li>
                <li>
                    <a class="estDynamic" href="../fresh-products/ricotta-and-cheese.html">Ricotta and cheese</a>
                </li>
                <li>
                    <a class="estDynamic" href="../fresh-products/cured-meat.html">Cured meat</a>
                </li>
                <li>
                    <a class="estDynamic" href="../fresh-products/wurstel.html">Würstel</a>
                </li>
                <li>
                    <a class="estDynamic" href="../fresh-products/yogurt.html">Yogurt</a>
                </li>
            </ul>
        </li>
        <li>
            <a class="estDynamic" href="../frozen-foods.html">
                <img src="../../cdn.spesati.com/images/menu/frozen-foods.png"/>
                Frozen foods            </a>
            <i class="fa fa-angle-right" aria-hidden="true"></i>
            <ul class="sub-menu">
                <li>
                    <a class="estDynamic" href="../frozen-foods/meat.html">Meat</a>
                </li>
                <li>
                    <a class="estDynamic" href="../frozen-foods/ice-creams.html">Ice cream and sweet</a>
                </li>
                <li>
                    <a class="estDynamic" href="../frozen-foods/pasta.html">Pasta</a>
                </li>
                <li>
                    <a class="estDynamic" href="../frozen-foods/fish.html">Fish</a>
                </li>
                <li>
                    <a class="estDynamic" href="../frozen-foods/ready-meals.html">Ready meals</a>
                </li>
                <li>
                    <a class="estDynamic" href="../frozen-foods/pizzas.html">Pizzas</a>
                </li>
                <li>
                    <a class="estDynamic" href="../frozen-foods/vegetables.html">Vegetables and soy</a>
                </li>
            </ul>
        </li>
        <li>
            <a class="estDynamic" href="../bread-and-pasta.html">
                <img src="../../cdn.spesati.com/images/menu/bread-and-pasta.png"/>
                Bread and pasta            </a>
            <i class="fa fa-angle-right" aria-hidden="true"></i>
            <ul class="sub-menu">
                <li>
                    <a class="estDynamic" href="../bread-and-pasta/crackers.html">Crackers</a>
                </li>
                <li>
                    <a class="estDynamic" href="../bread-and-pasta/rusks.html">Rusks</a>
                </li>
                <li>
                    <a class="estDynamic" href="../bread-and-pasta/white-bread.html">White bread</a>
                </li>
                <li>
                    <a class="estDynamic" href="../bread-and-pasta/local-bread.html">Local bread</a>
                </li>
                <li>
                    <a class="estDynamic" href="../bread-and-pasta/soft-bread.html">Soft bread</a>
                </li>
                <li>
                    <a class="estDynamic" href="../bread-and-pasta/sardinian-bread.html">Sardinian bread</a>
                </li>
                <li>
                    <a class="estDynamic" href="../bread-and-pasta/bakery.html">Bakery</a>
                </li>
                <li>
                    <a class="estDynamic" href="../bread-and-pasta/pasta.html">Pasta</a>
                </li>
                <li>
                    <a class="estDynamic" href="../bread-and-pasta/fresh-pasta.html">Fresh pasta</a>
                </li>
            </ul>
        </li>
        <li>
            <a class="estDynamic" href="../meat.html">
                <img src="../../cdn.spesati.com/images/menu/meat.png"/>
                Meat            </a>
            <i class="fa fa-angle-right" aria-hidden="true"></i>
            <ul class="sub-menu">
                <li>
                    <a class="estDynamic" href="../meat/beef.html">Beef</a>
                </li>
                <li>
                    <a class="estDynamic" href="../meat/goat.html">Goat</a>
                </li>
                <li>
                    <a class="estDynamic" href="../meat/packaged-meat.html">Packaged meat</a>
                </li>
                <li>
                    <a class="estDynamic" href="../meat/rabbit.html">Rabbit</a>
                </li>
                <li>
                    <a class="estDynamic" href="../meat/horse.html">Horse</a>
                </li>
                <li>
                    <a class="estDynamic" href="../meat/pork.html">Pork</a>
                </li>
                <li>
                    <a class="estDynamic" href="../meat/lamb.html">Lamb</a>
                </li>
                <li>
                    <a class="estDynamic" href="../meat/poultry.html">Poultry</a>
                </li>
            </ul>
        </li>
        <li>
            <a class="estDynamic" href="../fish.html">
                <img src="../../cdn.spesati.com/images/menu/fish.png"/>
                Fish            </a>
            <i class="fa fa-angle-right" aria-hidden="true"></i>
            <ul class="sub-menu">
                <li>
                    <a class="estDynamic" href="../fish/fresh-water.html">Fresh water</a>
                </li>
                <li>
                    <a class="estDynamic" href="../fish/salt-water.html">Salt water</a>
                </li>
                <li>
                    <a class="estDynamic" href="../fish/mussels.html">Mussels</a>
                </li>
                <li>
                    <a class="estDynamic" href="../fish/dried-and-salted.html">Dried and salted</a>
                </li>
                <li>
                    <a class="estDynamic" href="../fish/seafood-salad.html">Seafood salad</a>
                </li>
                <li>
                    <a class="estDynamic" href="../fish/prepared.html">Prepared</a>
                </li>
                <li>
                    <a class="estDynamic" href="../fish/specialty.html">Specialty</a>
                </li>   
                <li>
                    <a class="estDynamic" href="../fish/tuna-and-salmon.html">Tuna and salmon</a>
                </li>
            </ul>
        </li>
        <li>
            <a class="estDynamic" href="../wine-beer-and-spirits.html">
                <img src="../../cdn.spesati.com/images/menu/alcohol.png"/>
                Wine beer and spirits            </a>
            <i class="fa fa-angle-right" aria-hidden="true"></i>
            <ul class="sub-menu">
                <li>
                    <a class="estDynamic" href="../wine-beer-and-spirits/spirits-and-liquors.html">Alcohol</a>
                </li>
                <li>
                    <a class="estDynamic" href="../wine-beer-and-spirits/bitters.html">Bitters</a>
                </li>
                <li>
                    <a class="estDynamic" href="../wine-beer-and-spirits/aperatif.html">Aperatifs</a>
                </li>
                <li>
                    <a class="estDynamic" href="../wine-beer-and-spirits/beer.html">Beer</a>
                </li>
                <li>
                    <a class="estDynamic" href="../wine-beer-and-spirits/creams.html">Creams</a>
                </li>
                <li>
                    <a class="estDynamic" href="../wine-beer-and-spirits/spirits.html">Spirits</a>
                </li>
                <li>
                    <a class="estDynamic" href="../wine-beer-and-spirits/liquors.html">Liquors</a>
                </li>
                <li>
                    <a class="estDynamic" href="../wine-beer-and-spirits/white-wine.html">White wine</a>
                </li>
                <li>
                    <a class="estDynamic" href="../wine-beer-and-spirits/prosecco-wine.html">Prosecco wine</a>
                </li>
                <li>
                    <a class="estDynamic" href="../wine-beer-and-spirits/rose-wine.html">Rose wine</a>
                </li>
                <li>
                    <a class="estDynamic" href="../wine-beer-and-spirits/red-wine.html">Red wine</a>
                </li>
                <li>
                    <a class="estDynamic" href="../wine-beer-and-spirits/specialty-wine.html">Special wine</a>
                </li>
                <li>
                    <a class="estDynamic" href="../wine-beer-and-spirits/sparkling-wine.html">Sparkling wine</a>
                </li>
                <li>
                    <a class="estDynamic" href="../wine-beer-and-spirits/vermentino-wine.html">Vermentino wine</a>
                </li>
            </ul>
        </li>
        <li>
            <a class="estDynamic" href="../water-and-drinks.html">
                <img src="../../cdn.spesati.com/images/menu/water-and-drinks.png"/>
                Water and drinks            </a>
            <i class="fa fa-angle-right" aria-hidden="true"></i>
            <ul class="sub-menu">
                <li>
                    <a class="estDynamic" href="../water-and-drinks/san-martino.html">San Martino</a>
                </li>
                <li>
                    <a class="estDynamic" href="../water-and-drinks/water.html">Water</a>
                </li>
                <li>
                    <a class="estDynamic" href="../water-and-drinks/alpro.html">Alpro</a>
                </li>
                <li>
                    <a class="estDynamic" href="../water-and-drinks/fizzy-drinks.html">Fizzy drinks</a>
                </li>
                <li>
                    <a class="estDynamic" href="../water-and-drinks/coca-cola.html">Coca-Cola</a>
                </li>
                <li>
                    <a class="estDynamic" href="../water-and-drinks/energy-drink.html">Energy drink</a>
                </li>
                <li>
                    <a class="estDynamic" href="../water-and-drinks/syrups.html">Syrups</a>
                </li>
                <li>
                    <a class="estDynamic" href="../water-and-drinks/supplements.html">Supplements</a>
                </li>
                <li>
                    <a class="estDynamic" href="../water-and-drinks/instant-drinks.html">Instant drinks</a>
                </li>
                <li>
                    <a class="estDynamic" href="../water-and-drinks/juice.html">Juice</a>
                </li>
                <li>
                    <a class="estDynamic" href="../water-and-drinks/tea.html">Tea</a>
                </li>
            </ul>
        </li>
        <li>
            <a class="estDynamic" href="../sweets.html">
                <img src="../../cdn.spesati.com/images/menu/sweets.png"/>
                Sweets            </a>
            <i class="fa fa-angle-right" aria-hidden="true"></i>
            <ul class="sub-menu">
                <li>
                    <a class="estDynamic" href="../sweets/bars-and-snacks.html">Bars and snacks</a>
                </li>
                <li>
                    <a class="estDynamic" href="../sweets/biscuits.html">Biscuits</a>
                </li>
                <li>
                    <a class="estDynamic" href="../sweets/brioches.html">Brioches</a>
                </li>
                <li>
                    <a class="estDynamic" href="../sweets/candy-and-chewing-gum.html">Candy and chewing gum</a>
                </li>
                <li>
                    <a class="estDynamic" href="../sweets/cereals.html">Cereals</a>
                </li>
                <li>
                    <a class="estDynamic" href="../sweets/chocolate.html">Chocolate</a>
                </li>
                <li>
                    <a class="estDynamic" href="../sweets/spreadable-creams.html">Spreads</a>
                </li>
                <li>
                    <a class="estDynamic" href="../sweets/dessert-toppings.html">Dessert toppings</a>
                </li>
                <li>
                    <a class="estDynamic" href="../sweets/jam.html">Jam</a>
                </li>
                <li>
                    <a class="estDynamic" href="../sweets/honey.html">Honey</a>
                </li>
                <li>
                    <a class="estDynamic" href="../sweets/panettoni-and-pandoro.html">Panettone and pandoro</a>
                </li>
                <li>
                    <a class="estDynamic" href="../sweets/pastry.html">Pastry</a>
                </li>
                <li>
                    <a class="estDynamic" href="../sweets/instant-dessert.html">Prepared</a>
                </li>
                <li>
                    <a class="estDynamic" href="../sweets/cakes-and-pies.html">Cakes and pies</a>
                </li>
                <li>
                    <a class="estDynamic" href="../sweets/easter-eggs-and-doves.html">Easter eggs and doves</a>
                </li>
            </ul>
        </li>
        <li>
            <a class="estDynamic" href="../shelf.html">
                <img src="../../cdn.spesati.com/images/menu/shelf.png"/>
                Cupboard            </a>
            <i class="fa fa-angle-right" aria-hidden="true"></i>
            <ul class="sub-menu">
                <li>
                    <a class="estDynamic" href="coffee.html">Coffee</a>
                </li>
                <li>
                    <a class="estDynamic" href="gift-baskets.html">Gift baskets</a>
                </li>
                <li>
                    <a class="estDynamic" href="stock-cubes.html">Nuts and preparations</a>
                </li>
                <li>
                    <a class="estDynamic" href="flour-and-baking.html">Flour and baking</a>
                </li>
                <li>
                    <a class="estDynamic" href="milk.html">Milk</a>
                </li>
                <li>
                    <a class="estDynamic" href="oil-salt-vinegar.html">Oil, vinegar and salt</a>
                </li>
                <li>
                    <a class="estDynamic" href="cream-and-bechamel.html">Cream and bechamel</a>
                </li>
                <li>
                    <a class="estDynamic" href="crisps-and-pretzels.html">Crisps and pretzels</a>
                </li>
                <li>
                    <a class="estDynamic" href="baby-and-infants-products.html">Early childhood products</a>
                </li>
                <li>
                    <a class="estDynamic" href="rice.html">Rice</a>
                </li>
                <li>
                    <a class="estDynamic" href="tins-and-preserves.html">Tins and Preserves</a>
                </li>
                <li>
                    <a class="estDynamic" href="spices.html">Spices</a>
                </li>
                <li>
                    <a class="estDynamic" href="sauces.html">Sauces</a>
                </li>
                <li>
                    <a class="estDynamic" href="tea-and-infusions.html">Tea and infusions</a>
                </li>
                <li>
                    <a class="estDynamic" href="eggs.html">Eggs</a>
                </li>
                <li>
                    <a class="estDynamic" href="sugar-and-sweeteners.html">Sugar and sweeteners</a>
                </li>
            </ul>
        </li>
        <li>
            <a class="estDynamic" href="../personal-care.html">
                <img src="../../cdn.spesati.com/images/menu/personal-care.png"/>
                Personal care            </a>
            <i class="fa fa-angle-right" aria-hidden="true"></i>
            <ul class="sub-menu">
                <li>
                    <a class="estDynamic" href="../personal-care/accessories-and-cotton.html">Accessories and cotton</a>
                </li>
                <li>
                    <a class="estDynamic" href="../personal-care/feminine-care-incontinence-and-baby-diapers.html">Feminine incontinence and diapers</a>
                </li>
                <li>
                    <a class="estDynamic" href="../personal-care/shower-gel.html">Shower gel</a>
                </li>
                <li>
                    <a class="estDynamic" href="../personal-care/creams.html">Creams</a>
                </li>
                <li>
                    <a class="estDynamic" href="../personal-care/deodorant.html">Deodorant</a>
                </li>
                <li>
                    <a class="estDynamic" href="../personal-care/hair-removal.html">Hair removal</a>
                </li>
                <li>
                    <a class="estDynamic" href="../personal-care/disinfectants.html">Disinfectants</a>
                </li>
                <li>
                    <a class="estDynamic" href="../personal-care/oral-hygiene.html">Oral hygiene</a>
                </li>
                <li>
                    <a class="estDynamic" href="../personal-care/supplements-and-multivitamins.html">Supplements and multivitamins</a>
                </li>
                <li>
                    <a class="estDynamic" href="../personal-care/first-aid.html">First aid label</a>
                </li>
                <li>
                    <a class="estDynamic" href="../personal-care/beard-products.html">Beard products</a>
                </li>
                <li>
                    <a class="estDynamic" href="../personal-care/hairs-products.html">Hair products</a>
                </li>
                <li>
                    <a class="estDynamic" href="../personal-care/perfume.html">Perfumes</a>
                </li>
                <li>
                    <a class="estDynamic" href="../personal-care/wipes.html">Wipes</a>
                </li>
                <li>
                    <a class="estDynamic" href="../personal-care/soaps-and-body-wash.html">Soaps and body wash</a>
                </li>
                <li>
                    <a class="estDynamic" href="../personal-care/shampoo-and-conditioner.html">Shampoo and conditioner</a>
                </li>
            </ul>
        </li>
        <li>
            <a class="estDynamic" href="../household-and-outdoors.html">
                <img src="../../cdn.spesati.com/images/menu/pellet-and-home.png"/>
                Home and outdoors 
            </a>
            <i class="fa fa-angle-right" aria-hidden="true"></i>
            <ul class="sub-menu">
                <li>
                    <a class="estDynamic" href="../household-and-outdoors/distilled-water.html">Distilled water</a>
                </li>
                <li>
                    <a class="estDynamic" href="../household-and-outdoors/car-products.html">Cars</a>
                </li>
                <li>
                    <a class="estDynamic" href="../household-and-outdoors/bin-bags-and-buckets.html">Bin bags and buckets</a>
                </li>
                <li>
                    <a class="estDynamic" href="../household-and-outdoors/bleach-and-stain-removers.html">Bleach and stain removers</a>
                </li>
                <li>
                    <a class="estDynamic" href="../household-and-outdoors/candles.html">Candles</a>
                </li>
                <li>
                    <a class="estDynamic" href="../household-and-outdoors/kitchen-roll.html">Kitchen roll</a>
                </li>
                <li>
                    <a class="estDynamic" href="../household-and-outdoors/air-fresheners.html">Air fresheners</a>
                </li>
                <li>
                    <a class="estDynamic" href="../household-and-outdoors/laundry-accessories-and-detergent.html">Laundry detergent</a>
                </li>
                <li>
                    <a class="estDynamic" href="../household-and-outdoors/dishwasher-and-washing-up.html">Dishwasher and washing up</a>
                </li>
                <li>
                    <a class="estDynamic" href="../household-and-outdoors/gardening.html">Gardening</a>
                </li>
                <li>
                    <a class="estDynamic" href="../household-and-outdoors/light-bulbs-and-batteries.html">Lightbulbs and batteries</a>
                </li>
                <li>
                    <a class="estDynamic" href="../household-and-outdoors/pellet-and-bbq.html">Pellet and BBQ</a>
                </li>
                <li>
                    <a class="estDynamic" href="../household-and-outdoors/bathroom-products.html">Bathroom products</a>
                </li>
                <li>
                    <a class="estDynamic" href="../household-and-outdoors/home-and-furniture-products.html">Home and furniture products</a>
                </li>
                <li>
                    <a class="estDynamic" href="../household-and-outdoors/kitchen-products.html">Kitchen products</a>
                </li>
                <li>
                    <a class="estDynamic" href="../household-and-outdoors/window-and-floor-cleaners.html">Window and floor cleaner</a>
                </li>
                <li>
                    <a class="estDynamic" href="../household-and-outdoors/repellents.html">Repellents</a>
                </li>
                <li>
                    <a class="estDynamic" href="../household-and-outdoors/disposable-tableware.html">Disposable tableware</a>
                </li>
            </ul>
        </li>
        <li>
            <a class="estDynamic" href="../pet.html">
                <img src="../../cdn.spesati.com/images/menu/animals.png"/>
                Pets            </a>
            <i class="fa fa-angle-right" aria-hidden="true"></i>
            <ul class="sub-menu">
                <li>
                    <a class="estDynamic" href="../pets/pet-food-other-animals.html">Other animals pet food</a>
                </li>
                <li>
                    <a class="estDynamic" href="../pets/pet-food-dogs.html">Pet food dogs</a>
                </li>
                <li>
                    <a class="estDynamic" href="../pets/pet-food-cats.html">Pet food cats</a>
                </li>
                <li>
                    <a class="estDynamic" href="../pets/hygiene-and-cleaning.html">Hygiene and cleaning</a>
                </li>
            </ul>
        </li>
        <li>
            <a class="estDynamic" href="../technology.html">
                <img src="../../cdn.spesati.com/images/menu/technology.png"/>
                Technology            </a>
            <i class="fa fa-angle-right" aria-hidden="true"></i>
            <ul class="sub-menu">
                <li>
                    <a class="estDynamic" href="../technology/accessories.html">Accessories</a>
                </li>
                <li>
                    <a class="estDynamic" href="../technology/computer.html">Computer</a>
                </li>
                <li>
                    <a class="estDynamic" href="../technology/telephones.html">Telephones</a>
                </li>
                <li>
                    <a class="estDynamic" href="../technology/tv.html">TV</a>
                </li>
            </ul>
        </li>
        <li>
            <a class="estDynamic" href="../gluten-free.html">
                <img src="../../cdn.spesati.com/images/menu/gluten-free.png"/>
                Gluten free            </a>
            <i class="fa fa-angle-right" aria-hidden="true"></i>
            <ul class="sub-menu">
                <li>
                    <a class="estDynamic" href="../gluten-free/frozen-foods.html">Frozen foods</a>
                </li>
                <li>
                    <a class="estDynamic" href="../gluten-free/beer.html">Beer</a>
                </li>
                <li>
                    <a class="estDynamic" href="../gluten-free/sweets.html">Sweets</a>
                </li>
                <li>
                    <a class="estDynamic" href="../gluten-free/bread-and-pasta.html">Bread and pasta</a>
                </li>
                <li>
                    <a class="estDynamic" href="../gluten-free/shelf.html">Cupboard</a>
                </li>
            </ul>
        </li>
        <li>
            <a class="estDynamic" href="../lactose-free.html">
                <img src="../../cdn.spesati.com/images/menu/lactose-free.png"/>
                Lactose free            </a>
            <i class="fa fa-angle-right" aria-hidden="true"></i>
            <ul class="sub-menu">
                <li>
                    <a class="estDynamic" href="../lactose-free/frozen-foods.html">Frozen foods</a>
                </li>
                <li>
                    <a class="estDynamic" href="../lactose-free/sweets.html">Sweets</a>
                </li>
                <li>
                    <a class="estDynamic" href="../lactose-free/dairy-product.html">Dairy product</a>
                </li>
                <li>
                    <a class="estDynamic" href="../lactose-free/shelf.html">Cupboard</a>
                </li>
            </ul>
        </li>
        <li>
            <a class="estDynamic" href="../special.html">
                <img src="../../cdn.spesati.com/images/menu/special.png"/>
                Special            </a>
            <i class="fa fa-angle-right" aria-hidden="true"></i>
            <ul class="sub-menu">
                <li>
                    <a class="estDynamic" href="../special/alpro.html">Alpro</a>
                </li>
                <li>
                    <a class="estDynamic" href="../special/organic.html">Biological</a>
                </li>
                <li>
                    <a class="estDynamic" href="../special/meat.html">Meat</a>
                </li>
                <li>
                    <a class="estDynamic" href="../special/wholegrain.html">Wholegrain</a>
                </li>
                <li>
                    <a class="estDynamic" href="../special/bread-and-pasta.html">Bread and pasta</a>
                </li>
                <li>
                    <a class="estDynamic" href="../special/vegan.html">Vegan</a>
                </li>
            </ul>
        </li>
        <li>
            <a class="estDynamic" href="../sardinian-products.html">
                <img src="../../cdn.spesati.com/images/menu/sardinian-products.png"/>
                Sardinian products            </a>
            <i class="fa fa-angle-right" aria-hidden="true"></i>
            <ul class="sub-menu">
                <li>
                    <a class="estDynamic" href="../sardinian-products/drinks.html">Drinks</a>
                </li>
                <li>
                    <a class="estDynamic" href="../sardinian-products/meat.html">Meat</a>
                </li>
                <li>
                    <a class="estDynamic" href="../sardinian-products/sweets.html">Sweets</a>
                </li>
                <li>
                    <a class="estDynamic" href="../sardinian-products/fruit-and-vegetables.html">Fruit and vegetables</a>
                </li>
                <li>
                    <a class="estDynamic" href="../sardinian-products/ichnusa.html">Ichnusa</a>
                </li>
                <li>
                    <a class="estDynamic" href="../sardinian-products/dairy-product.html">Dairy product</a>
                </li>
                <li>
                    <a class="estDynamic" href="../sardinian-products/bread-and-pasta.html">Bread and pasta</a>
                </li>
                <li>
                    <a class="estDynamic" href="../sardinian-products/fish.html">Fish</a>
                </li>
                <li>
                    <a class="estDynamic" href="../sardinian-products/cured-meat.html">Cured meat</a>
                </li>
                <li>
                    <a class="estDynamic" href="../sardinian-products/shelf.html">Cupboard</a>
                </li>
                <li>
                    <a class="estDynamic" href="../sardinian-products/vermentino-wine.html">Vermentino wine</a>
                </li>
                <li>
                    <a class="estDynamic" href="../sardinian-products/wine-beer-and-spirits.html">Wine beer and spirits</a>
                </li>
            </ul>
        </li>
    </ul>
</div>    <div class="colRight">
        <div class="title mobile">
	<a href="../shelf.html"><i class="fa red fa-angle-left fa-3x mobile" aria-hidden="true"></i></a>
	<h2>
		<b>
			coffee		</b>
	</h2>
</div>

<div class="breadcrumb bgGrey internal">
	<p>
		<b>
			<a href="../index.html">Home</a>
												&gt; <a href="../shelf.html">Cupboard</a>
																&gt; Coffee									</b>
	</p>
	<div>
		<p>Order by</p>
		<select name="orderProd" id="orderProd">
			<option disabled="disabled" selected="selected">- Choose -</option>
			<option value="nameAsc">Name (A - Z)</option>
			<option value="nameDes">Name (Z - A)</option>
			<option value="priceHigh">Price - High to low</option>
			<option value="priceLow">Price - Low to high</option>
			<option value="soldAsc">Best Selling</option>
			<option value="available">Availability</option>
		</select>
	</div>
</div>
        <div class="containerProduct">
            <script type='text/javascript'>var track = '{"event":"ViewContent", "type":"category", "id":"Scaffale", "subids":["Caff\u00e8"], "url":"https://www.spesati.com/shelf/coffee"}';</script>
<script>
gtag('event', 'select_content', {content_type: 'category', item_id: 'Scaffale'});gtag('event', 'select_content', {content_type: 'category', item_id: 'Caffè'});
</script>
<div class="left product prod1"
        data-name="Caffe Illy Soft C Moka Cl 185g"
        data-price="5.95"
        data-id="78287"
        data-available="yes"
        data-category="1868"
        data-bestselling="">
    <a href="../caffe-illy-soft-c-moka-cl-185g.html">
        <div style="background-image: url('../../cdn.spesati.com/images/products/000472745/illy-tostato-classico-caffe-macinato-ideale-per-moka-185-g-01.png')">
            <div class="hover"></div>
            
            <div class="stickers"></div>
        </div>
    </a>
    <div>
        <h4><a href="../caffe-illy-soft-c-moka-cl-185g.html"><b>Caffe Illy Soft C Moka Cl 185g</b></a></h4>
        <p class="description">illy Tostato Classico Caffè Macinato Ideale per Moka 185 g</p>
        <p class="right price"><b>5.95 €</b></p>
        <p class="right unitPrice">31.32 € per kg</p>
    </div>
    <div class="contButton">
    <a class="button bgRed white addToCart" href="#">Add</a>
</div>
</div><div class="left product prod2"
        data-name="Caps Foodness Comp Dg Gin 10pz"
        data-price="3.95"
        data-id="78717"
        data-available="yes"
        data-category="1868"
        data-bestselling="">
    <a href="../caps-foodness-comp-dg-gin-10pz.html">
        <div style="background-image: url('../../cdn.spesati.com/images/products/000472703/foodness-caffe-al-ginseng-dolcegusto-compatibile-10-x-14-g-01.png')">
            <div class="hover"></div>
            
            <div class="stickers"></div>
        </div>
    </a>
    <div>
        <h4><a href="../caps-foodness-comp-dg-gin-10pz.html"><b>Caps Foodness Comp Dg Gin 10pz</b></a></h4>
        <p class="description">foodNess Caffè al Ginseng Dolcegusto Compatibile 10 x 14 g</p>
        <p class="right price"><b>3.95 €</b></p>
        <p class="right unitPrice">17.95 € per kg</p>
    </div>
    <div class="contButton">
    <a class="button bgRed white addToCart" href="#">Add</a>
</div>
</div><div class="left product prod3"
        data-name="Caffe Hag Espresso Arabica 250"
        data-price="4.09"
        data-id="71084"
        data-available="yes"
        data-category="1868"
        data-bestselling="">
    <a href="../caffe-hag-espresso-arabica-250.html">
        <div style="background-image: url('../../cdn.spesati.com/images/products/000472083/caffe-hag-espresso-decaffeinato-250-g-01.png')">
            <div class="hover"></div>
            
            <div class="stickers"></div>
        </div>
    </a>
    <div>
        <h4><a href="../caffe-hag-espresso-arabica-250.html"><b>Caffe Hag Espresso Arabica 250</b></a></h4>
        <p class="description">Caffè HAG Espresso Decaffeinato 250 g</p>
        <p class="right price"><b>4.09 €</b></p>
        <p class="right unitPrice">16.36 € per kg</p>
    </div>
    <div class="contButton">
    <a class="button bgRed white addToCart" href="#">Add</a>
</div>
</div><div class="left product prod4"
        data-name="Caffe Hag Classico Arabica 250"
        data-price="3.45"
        data-id="71081"
        data-available="yes"
        data-category="1868"
        data-bestselling="">
    <a href="../caffe-hag-classico-arabica-250.html">
        <div style="background-image: url('../../cdn.spesati.com/images/products/000472082/caffe-hag-classico-decaffeinato-250-g-01.png')">
            <div class="hover"></div>
            
            <div class="stickers"></div>
        </div>
    </a>
    <div>
        <h4><a href="../caffe-hag-classico-arabica-250.html"><b>Caffe Hag Classico Arabica 250</b></a></h4>
        <p class="description">Caffè HAG Classico Decaffeinato 250 g</p>
        <p class="right price"><b>3.45 €</b></p>
        <p class="right unitPrice">13.80 € per kg</p>
    </div>
    <div class="contButton">
    <a class="button bgRed white addToCart" href="#">Add</a>
</div>
</div><div class="left product prod5"
        data-name="Caps Lav Comp Nespr Q Rossa 10"
        data-price="3.75"
        data-id="69984"
        data-available="yes"
        data-category="1868"
        data-bestselling="">
    <a href="../caps-lav-comp-nespr-q-rossa-10.html">
        <div style="background-image: url('../../cdn.spesati.com/images/products/000438478/lavazza-qualita-rossa-compatibile-con-nespresso-original-10-capsule-57-g-01.png')">
            <div class="hover"></div>
            
            <div class="stickers"></div>
        </div>
    </a>
    <div>
        <h4><a href="../caps-lav-comp-nespr-q-rossa-10.html"><b>Caps Lav Comp Nespr Q Rossa 10</b></a></h4>
        <p class="description">Lavazza Qualità Rossa Compatibile con Nespresso Original 10 Capsule 57 g</p>
        <p class="right price"><b>3.75 €</b></p>
        <p class="right unitPrice">62.50 € per kg</p>
    </div>
    <div class="contButton">
    <a class="button bgRed white addToCart" href="#">Add</a>
</div>
</div><div class="left product prod6"
        data-name="Caps Lav Comp Nespr C&g 10pz"
        data-price="3.75"
        data-id="69981"
        data-available="yes"
        data-category="1868"
        data-bestselling="">
    <a href="../caps-lav-comp-nespr-cg-10pz.html">
        <div style="background-image: url('../../cdn.spesati.com/images/products/000438477/lavazza-crema-e-gusto-classico-compatibile-con-nespresso-original-10-capsule-57-g-01.png')">
            <div class="hover"></div>
            
            <div class="stickers"></div>
        </div>
    </a>
    <div>
        <h4><a href="../caps-lav-comp-nespr-cg-10pz.html"><b>Caps Lav Comp Nespr C&g 10pz</b></a></h4>
        <p class="description">Lavazza crema e gusto Classico Compatibile con Nespresso Original 10 Capsule 57 g</p>
        <p class="right price"><b>3.75 €</b></p>
        <p class="right unitPrice">62.50 € per kg</p>
    </div>
    <div class="contButton">
    <a class="button bgRed white addToCart" href="#">Add</a>
</div>
</div><div class="left product prod7"
        data-name="Caps Lav Comp Nespr Deca 10pz"
        data-price="3.75"
        data-id="69978"
        data-available="yes"
        data-category="1868"
        data-bestselling="">
    <a href="../caps-lav-comp-nespr-deca-10pz.html">
        <div style="background-image: url('../../cdn.spesati.com/images/products/000438476/lavazza-dek-compatibile-con-nespresso-original-10-capsule-58-g-01.png')">
            <div class="hover"></div>
            
            <div class="stickers"></div>
        </div>
    </a>
    <div>
        <h4><a href="../caps-lav-comp-nespr-deca-10pz.html"><b>Caps Lav Comp Nespr Deca 10pz</b></a></h4>
        <p class="description">Lavazza Dek Compatibile con Nespresso Original 10 Capsule 58 g</p>
        <p class="right price"><b>3.75 €</b></p>
        <p class="right unitPrice">62.50 € per kg</p>
    </div>
    <div class="contButton">
    <a class="button bgRed white addToCart" href="#">Add</a>
</div>
</div><div class="left product prod8"
        data-name="Caps Lav Comp Nespr Oro 10pz"
        data-price="4.69"
        data-id="69975"
        data-available="yes"
        data-category="1868"
        data-bestselling="">
    <a href="../caps-lav-comp-nespr-oro-10pz.html">
        <div style="background-image: url('../../cdn.spesati.com/images/products/000438475/lavazza-qualita-oro-compatibile-con-nespresso-original-10-capsule-55-g-01.png')">
            <div class="hover"></div>
            
            <div class="stickers"></div>
        </div>
    </a>
    <div>
        <h4><a href="../caps-lav-comp-nespr-oro-10pz.html"><b>Caps Lav Comp Nespr Oro 10pz</b></a></h4>
        <p class="description">Lavazza Qualità Oro Compatibile con Nespresso Original 10 Capsule 55 g</p>
        <p class="right price"><b>4.69 €</b></p>
        <p class="right unitPrice">78.17 € per kg</p>
    </div>
    <div class="contButton">
    <a class="button bgRed white addToCart" href="#">Add</a>
</div>
</div><div class="left product prod9"
        data-name="Latte Cond Nestle S/latt 387gr"
        data-price="4.69"
        data-id="69960"
        data-available="yes"
        data-category="1868"
        data-bestselling="">
    <a href="../latte-cond-nestle-slatt-387gr.html">
        <div style="background-image: url('../../cdn.spesati.com/images/products/000438442/nestle-il-latte-condensato-senza-lattosio-latte-concentrato-zuccherato-senza-lattosio-latta-387-g-01.png')">
            <div class="hover"></div>
            
            <div class="stickers"></div>
        </div>
    </a>
    <div>
        <h4><a href="../latte-cond-nestle-slatt-387gr.html"><b>Latte Cond Nestle S/latt 387gr</b></a></h4>
        <p class="description">NESTLÉ il Latte Condensato Senza Lattosio Latte concentrato zuccherato senza lattosio latta 387 g</p>
        <p class="right price"><b>4.69 €</b></p>
        <p class="right unitPrice">12.02 € per kg</p>
    </div>
    <div class="contButton">
    <a class="button bgRed white addToCart" href="#">Add</a>
</div>
</div><div class="left product prod10"
        data-name="Caffe'kimbo Gusto Napoli 2x250"
        data-price="6.89"
        data-id="61329"
        data-available="yes"
        data-category="1868"
        data-bestselling="">
    <a href="../caffekimbo-gusto-napoli-2x250.html">
        <div style="background-image: url('../../cdn.spesati.com/images/products/000437746/kimbo-gusto-di-napoli-2-x-250-g-01.png')">
            <div class="hover"></div>
            
            <div class="stickers"></div>
        </div>
    </a>
    <div>
        <h4><a href="../caffekimbo-gusto-napoli-2x250.html"><b>Caffe'kimbo Gusto Napoli 2x250</b></a></h4>
        <p class="description">Kimbo Gusto di Napoli 2 x 250 g</p>
        <p class="right price"><b>6.89 €</b></p>
        <p class="right unitPrice">13.79 € per kg</p>
    </div>
    <div class="contButton">
    <a class="button bgRed white addToCart" href="#">Add</a>
</div>
</div><div class="left product prod11"
        data-name="Caps Nesc Dolc G Espr Milan 16"
        data-price="6.35"
        data-id="62931"
        data-available="yes"
        data-category="1868"
        data-bestselling="">
    <a href="../caps-nesc-dolc-g-espr-milan-16.html">
        <div style="background-image: url('../../cdn.spesati.com/images/products/000437413/nescafe-dolce-gusto-espresso-milano-caffe-16-capsule-992-g-01.png')">
            <div class="hover"></div>
            
            <div class="stickers"></div>
        </div>
    </a>
    <div>
        <h4><a href="../caps-nesc-dolc-g-espr-milan-16.html"><b>Caps Nesc Dolc G Espr Milan 16</b></a></h4>
        <p class="description">NESCAFÉ DOLCE GUSTO Espresso Milano Caffè 16 capsule 99,2 g</p>
        <p class="right price"><b>6.35 €</b></p>
        <p class="right unitPrice">57.73 € per kg</p>
    </div>
    <div class="contButton">
    <a class="button bgRed white addToCart" href="#">Add</a>
</div>
</div><div class="left product prod12"
        data-name="Caps Nesc Dolc G Ginseng 16"
        data-price="7.12"
        data-id="62928"
        data-available="yes"
        data-category="1868"
        data-bestselling="1">
    <a href="../caps-nesc-dolc-g-ginseng-16.html">
        <div style="background-image: url('../../cdn.spesati.com/images/products/000437412/nescafe-dolce-gusto-caffe-ginseng-caffe-al-ginseng-16-capsule-1088-g-01.png')">
            <div class="hover"></div>
            <p class="arrow bgRed white">Best Seller</p>
            <div class="stickers"></div>
        </div>
    </a>
    <div>
        <h4><a href="../caps-nesc-dolc-g-ginseng-16.html"><b>Caps Nesc Dolc G Ginseng 16</b></a></h4>
        <p class="description">NESCAFÉ DOLCE GUSTO Caffè Ginseng Caffè al Ginseng 16 capsule 108,8 g</p>
        <p class="right price"><b>7.12 €</b></p>
        <p class="right unitPrice">64.74 € per kg</p>
    </div>
    <div class="contButton">
    <a class="button bgRed white addToCart" href="#">Add</a>
</div>
</div><div class="left product prod13"
        data-name="Caps Vergn Comp Amm Crem 16pz"
        data-price="4.95"
        data-id="32831"
        data-available="yes"
        data-category="1868"
        data-bestselling="">
    <a href="../caps-vergn-comp-amm-crem-16pz.html">
        <div style="background-image: url('../../cdn.spesati.com/images/products/000437034/caffe-vergnano-1882-cremoso-capsule-compatibili-lavazza-a-modo-mio-16-x-75-g-01.png')">
            <div class="hover"></div>
            
            <div class="stickers"></div>
        </div>
    </a>
    <div>
        <h4><a href="../caps-vergn-comp-amm-crem-16pz.html"><b>Caps Vergn Comp Amm Crem 16pz</b></a></h4>
        <p class="description">Caffè Vergnano 1882 Cremoso Capsule Compatibili Lavazza a Modo Mio* 16 x 7,5 g</p>
        <p class="right price"><b>4.95 €</b></p>
        <p class="right unitPrice">41.25 € per kg</p>
    </div>
    <div class="contButton">
    <a class="button bgRed white addToCart" href="#">Add</a>
</div>
</div><div class="left product prod14"
        data-name="Caps Nesc Dolc G Barista 16pz"
        data-price="6.79"
        data-id="26890"
        data-available="yes"
        data-category="1868"
        data-bestselling="3">
    <a href="../caps-nesc-dolc-g-barista-16pz.html">
        <div style="background-image: url('../../cdn.spesati.com/images/products/000119318/nescafe-dolce-gusto-espresso-barista-caffe-16-capsule-112-g-01.png')">
            <div class="hover"></div>
            <p class="arrow bgRed white">Best Seller</p>
            <div class="stickers"></div>
        </div>
    </a>
    <div>
        <h4><a href="../caps-nesc-dolc-g-barista-16pz.html"><b>Caps Nesc Dolc G Barista 16pz</b></a></h4>
        <p class="description">NESCAFÉ DOLCE GUSTO Espresso Barista Caffè 16 capsule 112 g</p>
        <p class="right price"><b>6.79 €</b></p>
        <p class="right unitPrice">60.63 € per kg</p>
    </div>
    <div class="contButton">
    <a class="button bgRed white addToCart" href="#">Add</a>
</div>
</div><div class="left product prod15"
        data-name="Caps Nesc Dolc G Intenso 16pz"
        data-price="6.79"
        data-id="26889"
        data-available="yes"
        data-category="1868"
        data-bestselling="1">
    <a href="../caps-nesc-dolc-g-intenso-16pz.html">
        <div style="background-image: url('../../cdn.spesati.com/images/products/000119317/nescafe-dolce-gusto-espresso-intenso-caffe-16-capsule-112-g-01.png')">
            <div class="hover"></div>
            <p class="arrow bgRed white">Best Seller</p>
            <div class="stickers"></div>
        </div>
    </a>
    <div>
        <h4><a href="../caps-nesc-dolc-g-intenso-16pz.html"><b>Caps Nesc Dolc G Intenso 16pz</b></a></h4>
        <p class="description">NESCAFÉ DOLCE GUSTO Espresso Intenso Caffè 16 capsule 112 g</p>
        <p class="right price"><b>6.79 €</b></p>
        <p class="right unitPrice">60.63 € per kg</p>
    </div>
    <div class="contButton">
    <a class="button bgRed white addToCart" href="#">Add</a>
</div>
</div><div class="left product prod16"
        data-name="Caps Nesc Dolc G Espr Napol 16"
        data-price="6.39"
        data-id="26880"
        data-available="yes"
        data-category="1868"
        data-bestselling="">
    <a href="../caps-nesc-dolc-g-espr-napol-16.html">
        <div style="background-image: url('../../cdn.spesati.com/images/products/000119289/nescafe-dolce-gusto-espresso-napoli-caffe-16-capsule-128-g-01.png')">
            <div class="hover"></div>
            
            <div class="stickers"></div>
        </div>
    </a>
    <div>
        <h4><a href="../caps-nesc-dolc-g-espr-napol-16.html"><b>Caps Nesc Dolc G Espr Napol 16</b></a></h4>
        <p class="description">NESCAFÉ DOLCE GUSTO Espresso Napoli Caffè 16 capsule 128 g</p>
        <p class="right price"><b>6.39 €</b></p>
        <p class="right unitPrice">49.92 € per kg</p>
    </div>
    <div class="contButton">
    <a class="button bgRed white addToCart" href="#">Add</a>
</div>
</div><div class="left product prod17"
        data-name="Caffe Ginseng Ristora 1kg"
        data-price="20.53"
        data-id="26414"
        data-available="yes"
        data-category="1868"
        data-bestselling="">
    <a href="../caffe-ginseng-ristora-1kg.html">
        <div style="background-image: url('../../cdn.spesati.com/images/products/000116365/ristora-preparato-istantaneo-per-bevanda-al-gusto-caffe-ginseng-1-kg-01.png')">
            <div class="hover"></div>
            
            <div class="stickers"></div>
        </div>
    </a>
    <div>
        <h4><a href="../caffe-ginseng-ristora-1kg.html"><b>Caffe Ginseng Ristora 1kg</b></a></h4>
        <p class="description">ristora Preparato Istantaneo per Bevanda al Gusto Caffè & Ginseng 1 kg</p>
        <p class="right price"><b>20.53 €</b></p>
        <p class="right unitPrice">20.54 € per kg</p>
    </div>
    <div class="contButton">
    <a class="button bgRed white addToCart" href="#">Add</a>
</div>
</div><div class="left product prod18"
        data-name="Caffe Miscela 60% Ristora 500g"
        data-price="15.99"
        data-id="26408"
        data-available="yes"
        data-category="1868"
        data-bestselling="">
    <a href="../caffe-miscela-60-ristora-500g.html">
        <div style="background-image: url('../../cdn.spesati.com/images/products/000116359/ristora-professional-miscela-istantanea-di-caffe-e-tostati-naturali-500-g-01.png')">
            <div class="hover"></div>
            
            <div class="stickers"></div>
        </div>
    </a>
    <div>
        <h4><a href="../caffe-miscela-60-ristora-500g.html"><b>Caffe Miscela 60% Ristora 500g</b></a></h4>
        <p class="description">ristora Professional miscela istantanea di Caffè e tostati naturali 500 g</p>
        <p class="right price"><b>15.99 €</b></p>
        <p class="right unitPrice">31.98 € per kg</p>
    </div>
    <div class="contButton">
    <a class="button bgRed white addToCart" href="#">Add</a>
</div>
</div><div class="left product prod19"
        data-name="Orzoro Solub.120gr."
        data-price="2.69"
        data-id="26275"
        data-available="yes"
        data-category="1868"
        data-bestselling="2">
    <a href="../orzoro-solub120gr.html">
        <div style="background-image: url('../../cdn.spesati.com/images/products/000115416/nestle-orzoro-orzo-solubile-barattolo-120-g-01.png')">
            <div class="hover"></div>
            <p class="arrow bgRed white">Best Seller</p>
            <div class="stickers"></div>
        </div>
    </a>
    <div>
        <h4><a href="../orzoro-solub120gr.html"><b>Orzoro Solub.120gr.</b></a></h4>
        <p class="description">NESTLÉ ORZORO Orzo Solubile barattolo 120 g</p>
        <p class="right price"><b>2.69 €</b></p>
        <p class="right unitPrice">22.42 € per kg</p>
    </div>
    <div class="contButton">
    <a class="button bgRed white addToCart" href="#">Add</a>
</div>
</div><div class="left product prod20"
        data-name="Nescafe Ginseng Coffee Caffe"
        data-price="3.70"
        data-id="2850"
        data-available="yes"
        data-category="1868"
        data-bestselling="">
    <a href="../nescafe-ginseng-coffee-caffe.html">
        <div style="background-image: url('../../cdn.spesati.com/images/products/000115384/nescafe-gold-ginseng-preparato-solubile-per-caffe-al-ginseng-astuccio-10-bustine-70g-01.png')">
            <div class="hover"></div>
            
            <div class="stickers"></div>
        </div>
    </a>
    <div>
        <h4><a href="../nescafe-ginseng-coffee-caffe.html"><b>Nescafe Ginseng Coffee Caffe</b></a></h4>
        <p class="description">NESCAFÉ Gold Ginseng Preparato solubile per caffè al ginseng astuccio 10 bustine 70g</p>
        <p class="right price"><b>3.70 €</b></p>
        <p class="right unitPrice">52.90 € per kg</p>
    </div>
    <div class="contButton">
    <a class="button bgRed white addToCart" href="#">Add</a>
</div>
</div><div class="left product prod21"
        data-name="Ginseng Caffe'crastan 500gr"
        data-price="8.93"
        data-id="26268"
        data-available="yes"
        data-category="1868"
        data-bestselling="">
    <a href="../ginseng-caffecrastan-500gr.html">
        <div style="background-image: url('../../cdn.spesati.com/images/products/000115374/crastan-preparato-solubile-per-bevanda-a-base-di-ginseng-caffe-500-g-01.png')">
            <div class="hover"></div>
            
            <div class="stickers"></div>
        </div>
    </a>
    <div>
        <h4><a href="../ginseng-caffecrastan-500gr.html"><b>Ginseng Caffe'crastan 500gr</b></a></h4>
        <p class="description">Crastan preparato solubile per bevanda a base di Ginseng & Caffè 500 g</p>
        <p class="right price"><b>8.93 €</b></p>
        <p class="right unitPrice">17.86 € per kg</p>
    </div>
    <div class="contButton">
    <a class="button bgRed white addToCart" href="#">Add</a>
</div>
</div><div class="left product prod22"
        data-name="Nescafe Dolcegusto Cappuccino 16 Capsule"
        data-price="7.29"
        data-id="22969"
        data-available="yes"
        data-category="1868"
        data-bestselling="">
    <a href="../nescafe-dolcegusto-cappuccino-16-capsule.html">
        <div style="background-image: url('../../cdn.spesati.com/images/products/000114419/nescafe-dolce-gusto-cappuccino-16-capsule-1864-g-01.png')">
            <div class="hover"></div>
            
            <div class="stickers"></div>
        </div>
    </a>
    <div>
        <h4><a href="../nescafe-dolcegusto-cappuccino-16-capsule.html"><b>Nescafe Dolcegusto Cappuccino 16 Capsule</b></a></h4>
        <p class="description">NESCAFÉ DOLCE GUSTO Cappuccino 16 capsule 186,4 g</p>
        <p class="right price"><b>7.29 €</b></p>
        <p class="right unitPrice">7.30 € per piece</p>
    </div>
    <div class="contButton">
    <a class="button bgRed white addToCart" href="#">Add</a>
</div>
</div><div class="left product prod23"
        data-name="Nescafe Dolcegusto Cortado Espresso Macchiato 16 Capsule"
        data-price="8.08"
        data-id="22966"
        data-available="yes"
        data-category="1868"
        data-bestselling="">
    <a href="../nescafe-dolcegusto-cortado-espresso-macchiato-16-capsule.html">
        <div style="background-image: url('../../cdn.spesati.com/images/products/000114380/nescafe-dolce-gusto-cortado-espresso-macchiato-caffe-macchiato-16-capsule-16-tazze-01.png')">
            <div class="hover"></div>
            
            <div class="stickers"></div>
        </div>
    </a>
    <div>
        <h4><a href="../nescafe-dolcegusto-cortado-espresso-macchiato-16-capsule.html"><b>Nescafe Dolcegusto Cortado Espresso Macchiato 16 Capsule</b></a></h4>
        <p class="description">NESCAFÉ DOLCE GUSTO Cortado Espresso Macchiato caffè macchiato 16 capsule (16 tazze)</p>
        <p class="right price"><b>8.08 €</b></p>
        <p class="right unitPrice">8.09 € per piece</p>
    </div>
    <div class="contButton">
    <a class="button bgRed white addToCart" href="#">Add</a>
</div>
</div><div class="left product prod24"
        data-name="Caps Lav A Modo Mio Cr&gust 36"
        data-price="12.90"
        data-id="24641"
        data-available="yes"
        data-category="1868"
        data-bestselling="">
    <a href="../caps-lav-a-modo-mio-crgust-36.html">
        <div style="background-image: url('../../cdn.spesati.com/images/products/000104526/lavazza-a-modo-mio-crema-e-gusto-36-capsule-270-g-01.png')">
            <div class="hover"></div>
            
            <div class="stickers"></div>
        </div>
    </a>
    <div>
        <h4><a href="../caps-lav-a-modo-mio-crgust-36.html"><b>Caps Lav A Modo Mio Cr&gust 36</b></a></h4>
        <p class="description">Lavazza A Modo Mio crema e gusto 36 Capsule 270 g</p>
        <p class="right price"><b>12.90 €</b></p>
        <p class="right unitPrice">47.78 € per kg</p>
    </div>
    <div class="contButton">
    <a class="button bgRed white addToCart" href="#">Add</a>
</div>
</div><div class="left product prod25"
        data-name="Caps Lav A Modo Mio Q-rossa 36"
        data-price="12.90"
        data-id="24640"
        data-available="yes"
        data-category="1868"
        data-bestselling="3">
    <a href="../caps-lav-a-modo-mio-q-rossa-36.html">
        <div style="background-image: url('../../cdn.spesati.com/images/products/000104525/lavazza-a-modo-mio-qualita-rossa-36-capsule-270-g-01.png')">
            <div class="hover"></div>
            <p class="arrow bgRed white">Best Seller</p>
            <div class="stickers"></div>
        </div>
    </a>
    <div>
        <h4><a href="../caps-lav-a-modo-mio-q-rossa-36.html"><b>Caps Lav A Modo Mio Q-rossa 36</b></a></h4>
        <p class="description">Lavazza A Modo Mio Qualità Rossa 36 Capsule 270 g</p>
        <p class="right price"><b>12.90 €</b></p>
        <p class="right unitPrice">47.78 € per kg</p>
    </div>
    <div class="contButton">
    <a class="button bgRed white addToCart" href="#">Add</a>
</div>
</div><div class="left product prod26"
        data-name="Caffe'lav Cr Gusto Espr 2x250g"
        data-price="8.55"
        data-id="24628"
        data-available="yes"
        data-category="1868"
        data-bestselling="">
    <a href="../caffelav-cr-gusto-espr-2x250g.html">
        <div style="background-image: url('../../cdn.spesati.com/images/products/000104489/lavazza-crema-e-gusto-espresso-classico-caffe-macinato-2-x-250-g-01.png')">
            <div class="hover"></div>
            
            <div class="stickers"></div>
        </div>
    </a>
    <div>
        <h4><a href="../caffelav-cr-gusto-espr-2x250g.html"><b>Caffe'lav Cr Gusto Espr 2x250g</b></a></h4>
        <p class="description">Lavazza Crema e Gusto Espresso Classico Caffè Macinato 2 x 250 g</p>
        <p class="right price"><b>8.55 €</b></p>
        <p class="right unitPrice">17.10 € per kg</p>
    </div>
    <div class="contButton">
    <a class="button bgRed white addToCart" href="#">Add</a>
</div>
</div><div class="left product prod27"
        data-name="Caps Vergn Comp Nesp Crem 10pz"
        data-price="3.75"
        data-id="24626"
        data-available="yes"
        data-category="1868"
        data-bestselling="">
    <a href="../caps-vergn-comp-nesp-crem-10pz.html">
        <div style="background-image: url('../../cdn.spesati.com/images/products/000104484/caffe-vergnano-1882-espresso1882-cremoso-compostabile-capsule-compatibili-nespresso-10-x-5-g-01.png')">
            <div class="hover"></div>
            
            <div class="stickers"></div>
        </div>
    </a>
    <div>
        <h4><a href="../caps-vergn-comp-nesp-crem-10pz.html"><b>Caps Vergn Comp Nesp Crem 10pz</b></a></h4>
        <p class="description">Caffè Vergnano 1882 Èspresso1882 Cremoso Compostabile** Capsule Compatibili Nespresso* 10 x 5 g</p>
        <p class="right price"><b>3.75 €</b></p>
        <p class="right unitPrice">75.01 € per kg</p>
    </div>
    <div class="contButton">
    <a class="button bgRed white addToCart" href="#">Add</a>
</div>
</div><div class="left product prod28"
        data-name="Suerte Caffe 0.5 kg"
        data-price="4.49"
        data-id="2858"
        data-available="yes"
        data-category="1868"
        data-bestselling="1">
    <a href="../suerte-caffe-05-kg.html">
        <div style="background-image: url('../../cdn.spesati.com/images/products/000104471/lavazza-suerte-caffe-macinato-2-x-250-g-01.png')">
            <div class="hover"></div>
            <p class="arrow bgRed white">Best Seller</p>
            <div class="stickers"></div>
        </div>
    </a>
    <div>
        <h4><a href="../suerte-caffe-05-kg.html"><b>Suerte Caffe 0.5 kg</b></a></h4>
        <p class="description">Lavazza Suerte Caffè Macinato 2 x 250 g</p>
        <p class="right price"><b>4.49 €</b></p>
        <p class="right unitPrice">8.98 € per kg</p>
    </div>
    <div class="contButton">
    <a class="button bgRed white addToCart" href="#">Add</a>
</div>
</div><div class="left product prod29"
        data-name="Suerte Caffe 250Gr"
        data-price="2.35"
        data-id="2857"
        data-available="yes"
        data-category="1868"
        data-bestselling="">
    <a href="../suerte-caffe-250gr.html">
        <div style="background-image: url('../../cdn.spesati.com/images/products/000104470/lavazza-suerte-caffe-macinato-250-g-01.png')">
            <div class="hover"></div>
            
            <div class="stickers"></div>
        </div>
    </a>
    <div>
        <h4><a href="../suerte-caffe-250gr.html"><b>Suerte Caffe 250Gr</b></a></h4>
        <p class="description">Lavazza, Suerte Caffè Macinato - 250 g</p>
        <p class="right price"><b>2.35 €</b></p>
        <p class="right unitPrice">9.39 € per kg</p>
    </div>
    <div class="contButton">
    <a class="button bgRed white addToCart" href="#">Add</a>
</div>
</div><div class="left product prod30"
        data-name="Latte Condens Nestle'latta 397"
        data-price="4.88"
        data-id="65754"
        data-available="yes"
        data-category="1868"
        data-bestselling="">
    <a href="../latte-condens-nestlelatta-397.html">
        <div style="background-image: url('../../cdn.spesati.com/images/products/000104468/nestle-il-latte-condensato-latte-concentrato-zuccherato-latta-397g-01.png')">
            <div class="hover"></div>
            
            <div class="stickers"></div>
        </div>
    </a>
    <div>
        <h4><a href="../latte-condens-nestlelatta-397.html"><b>Latte Condens Nestle'latta 397</b></a></h4>
        <p class="description">NESTLÉ IL LATTE CONDENSATO Latte concentrato zuccherato latta 397g</p>
        <p class="right price"><b>4.88 €</b></p>
        <p class="right unitPrice">12.21 € per kg</p>
    </div>
    <div class="contButton">
    <a class="button bgRed white addToCart" href="#">Add</a>
</div>
</div><div class="left product prod31"
        data-name="Caffe'pellini Aroma&gusto Kg 1"
        data-price="8.93"
        data-id="24624"
        data-available="yes"
        data-category="1868"
        data-bestselling="">
    <a href="../caffepellini-aromagusto-kg-1.html">
        <div style="background-image: url('../../cdn.spesati.com/images/products/000104403/la-crema-del-caffe-aroma-e-gusto-1000-g-01.png')">
            <div class="hover"></div>
            
            <div class="stickers"></div>
        </div>
    </a>
    <div>
        <h4><a href="../caffepellini-aromagusto-kg-1.html"><b>Caffe'pellini Aroma&gusto Kg 1</b></a></h4>
        <p class="description">La Crema del Caffè Aroma e Gusto 1000 g</p>
        <p class="right price"><b>8.93 €</b></p>
        <p class="right unitPrice">8.93 € per kg</p>
    </div>
    <div class="contButton">
    <a class="button bgRed white addToCart" href="#">Add</a>
</div>
</div><div class="left product prod32"
        data-name="Nescafe Dolcegusto Decaffeinato 16 Capsule"
        data-price="6.79"
        data-id="22960"
        data-available="yes"
        data-category="1868"
        data-bestselling="1">
    <a href="../nescafe-dolcegusto-decaffeinato-16-capsule.html">
        <div style="background-image: url('../../cdn.spesati.com/images/products/000104375/nescafe-dolce-gusto-espresso-decaffeinato-caffe-16-capsule-88-g-01.png')">
            <div class="hover"></div>
            <p class="arrow bgRed white">Best Seller</p>
            <div class="stickers"></div>
        </div>
    </a>
    <div>
        <h4><a href="../nescafe-dolcegusto-decaffeinato-16-capsule.html"><b>Nescafe Dolcegusto Decaffeinato 16 Capsule</b></a></h4>
        <p class="description">NESCAFÉ DOLCE GUSTO Espresso Decaffeinato Caffè 16 capsule 88 g</p>
        <p class="right price"><b>6.79 €</b></p>
        <p class="right unitPrice">6.80 € per piece</p>
    </div>
    <div class="contButton">
    <a class="button bgRed white addToCart" href="#">Add</a>
</div>
</div><div class="left product prod33"
        data-name="Nescafe Caffe Classic"
        data-price="5.29"
        data-id="2849"
        data-available="yes"
        data-category="1868"
        data-bestselling="1">
    <a href="../nescafe-caffe-classic.html">
        <div style="background-image: url('../../cdn.spesati.com/images/products/000104366/nescafe-classic-caffe-solubile-barattolo-100g-01.png')">
            <div class="hover"></div>
            <p class="arrow bgRed white">Best Seller</p>
            <div class="stickers"></div>
        </div>
    </a>
    <div>
        <h4><a href="../nescafe-caffe-classic.html"><b>Nescafe Caffe Classic</b></a></h4>
        <p class="description">NESCAFÉ Classic Caffè solubile barattolo 100g</p>
        <p class="right price"><b>5.29 €</b></p>
        <p class="right unitPrice">52.90 € per kg</p>
    </div>
    <div class="contButton">
    <a class="button bgRed white addToCart" href="#">Add</a>
</div>
</div><div class="left product prod34"
        data-name="Nescafe'cappuccino Baratt 250g"
        data-price="5.35"
        data-id="24623"
        data-available="yes"
        data-category="1868"
        data-bestselling="">
    <a href="../nescafecappuccino-baratt-250g.html">
        <div style="background-image: url('../../cdn.spesati.com/images/products/000104363/nescafe-gold-cappuccino-preparato-solubile-per-cappuccino-barattolo-250g-01.png')">
            <div class="hover"></div>
            
            <div class="stickers"></div>
        </div>
    </a>
    <div>
        <h4><a href="../nescafecappuccino-baratt-250g.html"><b>Nescafe'cappuccino Baratt 250g</b></a></h4>
        <p class="description">NESCAFÉ Gold Cappuccino Preparato solubile per cappuccino barattolo 250g</p>
        <p class="right price"><b>5.35 €</b></p>
        <p class="right unitPrice">21.41 € per kg</p>
    </div>
    <div class="contButton">
    <a class="button bgRed white addToCart" href="#">Add</a>
</div>
</div><div class="left product prod35"
        data-name="Caffe' Nescafe' Gold 100gr"
        data-price="6.55"
        data-id="24622"
        data-available="yes"
        data-category="1868"
        data-bestselling="">
    <a href="../caffe-nescafe-gold-100gr.html">
        <div style="background-image: url('../../cdn.spesati.com/images/products/000104362/nescafe-gold-caffe-solubile-barattolo-100g-01.png')">
            <div class="hover"></div>
            
            <div class="stickers"></div>
        </div>
    </a>
    <div>
        <h4><a href="../caffe-nescafe-gold-100gr.html"><b>Caffe' Nescafe' Gold 100gr</b></a></h4>
        <p class="description">NESCAFÉ Gold Caffè solubile barattolo 100g</p>
        <p class="right price"><b>6.55 €</b></p>
        <p class="right unitPrice">65.51 € per kg</p>
    </div>
    <div class="contButton">
    <a class="button bgRed white addToCart" href="#">Add</a>
</div>
</div><div class="left product prod36"
        data-name="Nescafe' Caffe Per Latte 100gr"
        data-price="5.35"
        data-id="24621"
        data-available="yes"
        data-category="1868"
        data-bestselling="">
    <a href="../nescafe-caffe-per-latte-100gr.html">
        <div style="background-image: url('../../cdn.spesati.com/images/products/000104356/nescafe-per-latte-caffe-solubile-barattolo-100-g-01.png')">
            <div class="hover"></div>
            
            <div class="stickers"></div>
        </div>
    </a>
    <div>
        <h4><a href="../nescafe-caffe-per-latte-100gr.html"><b>Nescafe' Caffe Per Latte 100gr</b></a></h4>
        <p class="description">NESCAFÉ Per Latte Caffè solubile barattolo 100 g</p>
        <p class="right price"><b>5.35 €</b></p>
        <p class="right unitPrice">53.50 € per kg</p>
    </div>
    <div class="contButton">
    <a class="button bgRed white addToCart" href="#">Add</a>
</div>
</div><div class="left product prod37"
        data-name="Nescafe' Cappuccino 140gr"
        data-price="4.49"
        data-id="24620"
        data-available="yes"
        data-category="1868"
        data-bestselling="">
    <a href="../nescafe-cappuccino-140gr.html">
        <div style="background-image: url('../../cdn.spesati.com/images/products/000104355/nescafe-gold-cappuccino-preparato-solubile-per-cappuccino-astuccio-10-bustine-140g-01.png')">
            <div class="hover"></div>
            
            <div class="stickers"></div>
        </div>
    </a>
    <div>
        <h4><a href="../nescafe-cappuccino-140gr.html"><b>Nescafe' Cappuccino 140gr</b></a></h4>
        <p class="description">NESCAFÉ Gold Cappuccino Preparato solubile per cappuccino astuccio 10 bustine 140g</p>
        <p class="right price"><b>4.49 €</b></p>
        <p class="right unitPrice">32.08 € per kg</p>
    </div>
    <div class="contButton">
    <a class="button bgRed white addToCart" href="#">Add</a>
</div>
</div><div class="left product prod38"
        data-name="Orzoro Solub C-caffe' 120gr"
        data-price="3.25"
        data-id="24618"
        data-available="yes"
        data-category="1868"
        data-bestselling="1">
    <a href="../orzoro-solub-c-caffe-120gr.html">
        <div style="background-image: url('../../cdn.spesati.com/images/products/000104351/nestle-orzoro-orzo-e-caffe-solubile-barattolo-120-g-01.png')">
            <div class="hover"></div>
            <p class="arrow bgRed white">Best Seller</p>
            <div class="stickers"></div>
        </div>
    </a>
    <div>
        <h4><a href="../orzoro-solub-c-caffe-120gr.html"><b>Orzoro Solub C-caffe' 120gr</b></a></h4>
        <p class="description">NESTLÉ ORZORO Orzo e Caffè Solubile barattolo 120 g</p>
        <p class="right price"><b>3.25 €</b></p>
        <p class="right unitPrice">27.09 € per kg</p>
    </div>
    <div class="contButton">
    <a class="button bgRed white addToCart" href="#">Add</a>
</div>
</div><div class="left product prod39"
        data-name="Caps Borb Comp A Mod Nob C-car"
        data-price="16.60"
        data-id="24617"
        data-available="yes"
        data-category="1868"
        data-bestselling="">
    <a href="../caps-borb-comp-a-mod-nob-c-car.html">
        <div style="background-image: url('../../cdn.spesati.com/images/products/000104276/caffe-borbone-miscela-nobile-capsule-compatibili-lavazza-a-modo-mio-50-x-72-g-01.png')">
            <div class="hover"></div>
            
            <div class="stickers"></div>
        </div>
    </a>
    <div>
        <h4><a href="../caps-borb-comp-a-mod-nob-c-car.html"><b>Caps Borb Comp A Mod Nob C-car</b></a></h4>
        <p class="description">Caffè Borbone Miscela Nobile Capsule Compatibili Lavazza* A modo Mio* 50 x 7,2 g</p>
        <p class="right price"><b>16.60 €</b></p>
        <p class="right unitPrice">46.12 € per kg</p>
    </div>
    <div class="contButton">
    <a class="button bgRed white addToCart" href="#">Add</a>
</div>
</div><div class="left product prod40"
        data-name="Caps Borb Comp Nesp Nob C-car"
        data-price="15.62"
        data-id="24616"
        data-available="yes"
        data-category="1868"
        data-bestselling="1">
    <a href="../caps-borb-comp-nesp-nob-c-car.html">
        <div style="background-image: url('../../cdn.spesati.com/images/products/000104275/caffe-borbone-miscela-nobile-capsule-compatibili-nespresso-50-x-5-g-01.png')">
            <div class="hover"></div>
            <p class="arrow bgRed white">Best Seller</p>
            <div class="stickers"></div>
        </div>
    </a>
    <div>
        <h4><a href="../caps-borb-comp-nesp-nob-c-car.html"><b>Caps Borb Comp Nesp Nob C-car</b></a></h4>
        <p class="description">Caffè Borbone Miscela Nobile Capsule Compatibili Nespresso* 50 x 5 g</p>
        <p class="right price"><b>15.62 €</b></p>
        <p class="right unitPrice">62.46 € per kg</p>
    </div>
    <div class="contButton">
    <a class="button bgRed white addToCart" href="#">Add</a>
</div>
</div><div class="left product prod41"
        data-name="Caffe Borbone In Grani 1kg"
        data-price="15.36"
        data-id="24615"
        data-available="yes"
        data-category="1868"
        data-bestselling="1">
    <a href="../caffe-borbone-in-grani-1kg.html">
        <div style="background-image: url('../../cdn.spesati.com/images/products/000104274/caffe-borbone-miscela-nobile-caffe-in-grani-1000-g-01.png')">
            <div class="hover"></div>
            <p class="arrow bgRed white">Best Seller</p>
            <div class="stickers"></div>
        </div>
    </a>
    <div>
        <h4><a href="../caffe-borbone-in-grani-1kg.html"><b>Caffe Borbone In Grani 1kg</b></a></h4>
        <p class="description">Caffè Borbone Miscela Nobile Caffè in Grani 1000 g</p>
        <p class="right price"><b>15.36 €</b></p>
        <p class="right unitPrice">15.36 € per kg</p>
    </div>
    <div class="contButton">
    <a class="button bgRed white addToCart" href="#">Add</a>
</div>
</div><div class="left product prod42"
        data-name="Caps Borbon Comp Amm Decis 10p"
        data-price="3.15"
        data-id="76568"
        data-available="yes"
        data-category="1868"
        data-bestselling="">
    <a href="../caps-borbon-comp-amm-decis-10p.html">
        <div style="background-image: url('../../cdn.spesati.com/images/products/000104270/caffe-borbone-miscela-decisa-capsule-compatibili-lavazza-a-modo-mio-10-x-72-g-01.png')">
            <div class="hover"></div>
            
            <div class="stickers"></div>
        </div>
    </a>
    <div>
        <h4><a href="../caps-borbon-comp-amm-decis-10p.html"><b>Caps Borbon Comp Amm Decis 10p</b></a></h4>
        <p class="description">Caffè Borbone Miscela Decisa Capsule Compatibili Lavazza* A modo Mio* 10 x 7,2 g</p>
        <p class="right price"><b>3.15 €</b></p>
        <p class="right unitPrice">45.01 € per kg</p>
    </div>
    <div class="contButton">
    <a class="button bgRed white addToCart" href="#">Add</a>
</div>
</div><div class="left product prod43"
        data-name="Caps Borbon Comp Amm Nobil 10p 2"
        data-price="3.19"
        data-id="76065"
        data-available="yes"
        data-category="1868"
        data-bestselling="">
    <a href="../caps-borbon-comp-amm-nobil-10p-2.html">
        <div style="background-image: url('../../cdn.spesati.com/images/products/000104269/caffe-borbone-miscela-nobile-capsule-compatibili-lavazza-a-modo-mio-10-x-72-g-01.png')">
            <div class="hover"></div>
            
            <div class="stickers"></div>
        </div>
    </a>
    <div>
        <h4><a href="../caps-borbon-comp-amm-nobil-10p-2.html"><b>Caps Borbon Comp Amm Nobil 10p 2</b></a></h4>
        <p class="description">Caffè Borbone Miscela Nobile Capsule Compatibili Lavazza* A modo Mio* 10 x 7,2 g</p>
        <p class="right price"><b>3.19 €</b></p>
        <p class="right unitPrice">45.58 € per kg</p>
    </div>
    <div class="contButton">
    <a class="button bgRed white addToCart" href="#">Add</a>
</div>
</div><div class="left product prod44"
        data-name="Lavazza Caffè  Capsule Qualità Rossa"
        data-price="6.95"
        data-id="2837"
        data-available="yes"
        data-category="1868"
        data-bestselling="">
    <a href="../lavazza-caffe-capsule-qualita-rossa.html">
        <div style="background-image: url('../../cdn.spesati.com/images/products/000104246/lavazza-a-modo-mio-qualita-rossa-16-capsule-120-g-01.png')">
            <div class="hover"></div>
            
            <div class="stickers"></div>
        </div>
    </a>
    <div>
        <h4><a href="../lavazza-caffe-capsule-qualita-rossa.html"><b>Lavazza Caffè  Capsule Qualità Rossa</b></a></h4>
        <p class="description">Lavazza A Modo Mio Qualità Rossa 16 Capsule 120 g</p>
        <p class="right price"><b>6.95 €</b></p>
        <p class="right unitPrice">0.44 € per kg</p>
    </div>
    <div class="contButton">
    <a class="button bgRed white addToCart" href="#">Add</a>
</div>
</div><div class="left product prod45"
        data-name="Capsule Lav A Modo Mio Pass 36"
        data-price="12.90"
        data-id="24613"
        data-available="yes"
        data-category="1868"
        data-bestselling="">
    <a href="../capsule-lav-a-modo-mio-pass-36.html">
        <div style="background-image: url('../../cdn.spesati.com/images/products/000104245/lavazza-a-modo-mio-espresso-passionale-36-capsule-270-g-01.png')">
            <div class="hover"></div>
            
            <div class="stickers"></div>
        </div>
    </a>
    <div>
        <h4><a href="../capsule-lav-a-modo-mio-pass-36.html"><b>Capsule Lav A Modo Mio Pass 36</b></a></h4>
        <p class="description">Lavazza A Modo Mio Espresso Passionale 36 Capsule 270 g</p>
        <p class="right price"><b>12.90 €</b></p>
        <p class="right unitPrice">47.78 € per kg</p>
    </div>
    <div class="contButton">
    <a class="button bgRed white addToCart" href="#">Add</a>
</div>
</div><div class="left product prod46"
        data-name="Lavazza 12 Capsule Ginseng"
        data-price="6.53"
        data-id="2859"
        data-available="yes"
        data-category="1868"
        data-bestselling="">
    <a href="../lavazza-12-capsule-ginseng.html">
        <div style="background-image: url('../../cdn.spesati.com/images/products/000104241/lavazza-a-modo-mio-caffe-ginseng-12-capsule-72-g-01.png')">
            <div class="hover"></div>
            
            <div class="stickers"></div>
        </div>
    </a>
    <div>
        <h4><a href="../lavazza-12-capsule-ginseng.html"><b>Lavazza 12 Capsule Ginseng</b></a></h4>
        <p class="description">Lavazza A Modo Mio Caffè Ginseng 12 Capsule 72 g</p>
        <p class="right price"><b>6.53 €</b></p>
        <p class="right unitPrice">0.55 € per kg</p>
    </div>
    <div class="contButton">
    <a class="button bgRed white addToCart" href="#">Add</a>
</div>
</div><div class="left product prod47"
        data-name="Capsule Lavazz A Modo Mio Orzo"
        data-price="6.29"
        data-id="24612"
        data-available="yes"
        data-category="1868"
        data-bestselling="">
    <a href="../capsule-lavazz-a-modo-mio-orzo.html">
        <div style="background-image: url('../../cdn.spesati.com/images/products/000104240/lavazza-a-modo-mio-orzo-12-capsule-24-g-01.png')">
            <div class="hover"></div>
            
            <div class="stickers"></div>
        </div>
    </a>
    <div>
        <h4><a href="../capsule-lavazz-a-modo-mio-orzo.html"><b>Capsule Lavazz A Modo Mio Orzo</b></a></h4>
        <p class="description">Lavazza A Modo Mio Orzo 12 Capsule 24 g</p>
        <p class="right price"><b>6.29 €</b></p>
        <p class="right unitPrice">262.08 € per kg</p>
    </div>
    <div class="contButton">
    <a class="button bgRed white addToCart" href="#">Add</a>
</div>
</div><div class="left product prod48"
        data-name="Caffe'lavazza Dek Grani 500g"
        data-price="8.89"
        data-id="84439"
        data-available="yes"
        data-category="1868"
        data-bestselling="">
    <a href="../caffelavazza-dek-grani-500g.html">
        <div style="background-image: url('../../cdn.spesati.com/images/products/000104227/lavazza-caffe-decaffeinato-in-grani-500-g-01.png')">
            <div class="hover"></div>
            
            <div class="stickers"></div>
        </div>
    </a>
    <div>
        <h4><a href="../caffelavazza-dek-grani-500g.html"><b>Caffe'lavazza Dek Grani 500g</b></a></h4>
        <p class="description">Lavazza Caffè Decaffeinato in Grani 500 g</p>
        <p class="right price"><b>8.89 €</b></p>
        <p class="right unitPrice">17.78 € per kg</p>
    </div>
    <div class="contButton">
    <a class="button bgRed white addToCart" href="#">Add</a>
</div>
</div><div class="left product prod49"
        data-name="Lavazza Caffe Cialde Crema &amp"
        data-price="4.38"
        data-id="2840"
        data-available="yes"
        data-category="1868"
        data-bestselling="3">
    <a href="../lavazza-caffe-cialde-crema-amp.html">
        <div style="background-image: url('../../cdn.spesati.com/images/products/000104224/lavazza-crema-e-gusto-classico-18-cialde-125-g-01.png')">
            <div class="hover"></div>
            <p class="arrow bgRed white">Best Seller</p>
            <div class="stickers"></div>
        </div>
    </a>
    <div>
        <h4><a href="../lavazza-caffe-cialde-crema-amp.html"><b>Lavazza Caffe Cialde Crema &amp</b></a></h4>
        <p class="description">Lavazza Crema e Gusto Classico 18 Cialde 125 g</p>
        <p class="right price"><b>4.38 €</b></p>
        <p class="right unitPrice">35.08 € per kg</p>
    </div>
    <div class="contButton">
    <a class="button bgRed white addToCart" href="#">Add</a>
</div>
</div><div class="left product prod50"
        data-name="Lavazza caffe espresso 250gr"
        data-price="4.25"
        data-id="5068"
        data-available="yes"
        data-category="1868"
        data-bestselling="">
    <a href="../lavazza-caffe-espresso-250gr.html">
        <div style="background-image: url('../../cdn.spesati.com/images/products/000104218/lavazza-crema-e-gusto-espresso-classico-caffe-macinato-250-g-01.png')">
            <div class="hover"></div>
            
            <div class="stickers"></div>
        </div>
    </a>
    <div>
        <h4><a href="../lavazza-caffe-espresso-250gr.html"><b>Lavazza caffe espresso 250gr</b></a></h4>
        <p class="description">Lavazza Crema e Gusto Espresso Classico Caffè Macinato 250 g</p>
        <p class="right price"><b>4.25 €</b></p>
        <p class="right unitPrice">8.50 € per kg</p>
    </div>
    <div class="contButton">
    <a class="button bgRed white addToCart" href="#">Add</a>
</div>
</div><div class="left product prod51"
        data-name="Caffe Lavazza Crema E Gusto Dolce"
        data-price="3.75"
        data-id="2809"
        data-available="yes"
        data-category="1868"
        data-bestselling="">
    <a href="../caffe-lavazza-crema-e-gusto-dolce.html">
        <div style="background-image: url('../../cdn.spesati.com/images/products/000104216/lavazza-crema-e-gusto-dolce-caffe-macinato-250-g-01.png')">
            <div class="hover"></div>
            
            <div class="stickers"></div>
        </div>
    </a>
    <div>
        <h4><a href="../caffe-lavazza-crema-e-gusto-dolce.html"><b>Caffe Lavazza Crema E Gusto Dolce</b></a></h4>
        <p class="description">Lavazza crema e gusto Dolce Caffè Macinato 250 g</p>
        <p class="right price"><b>3.75 €</b></p>
        <p class="right unitPrice">15.01 € per kg</p>
    </div>
    <div class="contButton">
    <a class="button bgRed white addToCart" href="#">Add</a>
</div>
</div><div class="left product prod52"
        data-name="Lavazza Crema Gusto 2x250Gr"
        data-price="6.85"
        data-id="4153"
        data-available="yes"
        data-category="1868"
        data-bestselling="1">
    <a href="../lavazza-crema-gusto-2x250gr.html">
        <div style="background-image: url('../../cdn.spesati.com/images/products/000104208/lavazza-crema-e-gusto-classico-caffe-macinato-2-x-250-g-01.png')">
            <div class="hover"></div>
            <p class="arrow bgRed white">Best Seller</p>
            <div class="stickers"></div>
        </div>
    </a>
    <div>
        <h4><a href="../lavazza-crema-gusto-2x250gr.html"><b>Lavazza Crema Gusto 2x250Gr</b></a></h4>
        <p class="description">Lavazza crema e gusto Classico Caffè Macinato 2 x 250 g</p>
        <p class="right price"><b>6.85 €</b></p>
        <p class="right unitPrice">13.70 € per kg</p>
    </div>
    <div class="contButton">
    <a class="button bgRed white addToCart" href="#">Add</a>
</div>
</div><div class="left product prod53"
        data-name="Lavazza Crema Gusto 250Gr"
        data-price="3.85"
        data-id="4152"
        data-available="yes"
        data-category="1868"
        data-bestselling="">
    <a href="../lavazza-crema-gusto-250gr.html">
        <div style="background-image: url('../../cdn.spesati.com/images/products/000104205/lavazza-crema-e-gusto-classico-caffe-macinato-250-g-01.png')">
            <div class="hover"></div>
            
            <div class="stickers"></div>
        </div>
    </a>
    <div>
        <h4><a href="../lavazza-crema-gusto-250gr.html"><b>Lavazza Crema Gusto 250Gr</b></a></h4>
        <p class="description">Lavazza crema e gusto Classico Caffè Macinato 250 g</p>
        <p class="right price"><b>3.85 €</b></p>
        <p class="right unitPrice">15.40 € per kg</p>
    </div>
    <div class="contButton">
    <a class="button bgRed white addToCart" href="#">Add</a>
</div>
</div><div class="left product prod54"
        data-name="Lavazza Caffe Dek"
        data-price="3.55"
        data-id="2841"
        data-available="yes"
        data-category="1868"
        data-bestselling="">
    <a href="../lavazza-caffe-dek.html">
        <div style="background-image: url('../../cdn.spesati.com/images/products/000104194/lavazza-dek-classico-caffe-macinato-decaffeinato-250-g-01.png')">
            <div class="hover"></div>
            
            <div class="stickers"></div>
        </div>
    </a>
    <div>
        <h4><a href="../lavazza-caffe-dek.html"><b>Lavazza Caffe Dek</b></a></h4>
        <p class="description">Lavazza, Dek Classico Caffè Macinato Decaffeinato - 250 g</p>
        <p class="right price"><b>3.55 €</b></p>
        <p class="right unitPrice">14.20 € per kg</p>
    </div>
    <div class="contButton">
    <a class="button bgRed white addToCart" href="#">Add</a>
</div>
</div><div class="left product prod55"
        data-name="Lavazza Caffe Oro 2x250 Gr"
        data-price="11.50"
        data-id="2844"
        data-available="yes"
        data-category="1868"
        data-bestselling="1">
    <a href="../lavazza-caffe-oro-2x250-gr.html">
        <div style="background-image: url('../../cdn.spesati.com/images/products/000104185/lavazza-qualita-oro-sinfonia-perfetta-caffe-macinato-2-x-250-g-01.png')">
            <div class="hover"></div>
            <p class="arrow bgRed white">Best Seller</p>
            <div class="stickers"></div>
        </div>
    </a>
    <div>
        <h4><a href="../lavazza-caffe-oro-2x250-gr.html"><b>Lavazza Caffe Oro 2x250 Gr</b></a></h4>
        <p class="description">Lavazza, Qualità Oro Sinfonia Perfetta Caffè Macinato - 2 x 250 g</p>
        <p class="right price"><b>11.50 €</b></p>
        <p class="right unitPrice">23.00 € per kg</p>
    </div>
    <div class="contButton">
    <a class="button bgRed white addToCart" href="#">Add</a>
</div>
</div><div class="left product prod56"
        data-name="Lavazza Caffe Espresso Oro"
        data-price="6.35"
        data-id="2843"
        data-available="yes"
        data-category="1868"
        data-bestselling="">
    <a href="../lavazza-caffe-espresso-oro.html">
        <div style="background-image: url('../../cdn.spesati.com/images/products/000104182/lavazza-qualita-oro-sinfonia-perfetta-caffe-macinato-250-g-01.png')">
            <div class="hover"></div>
            
            <div class="stickers"></div>
        </div>
    </a>
    <div>
        <h4><a href="../lavazza-caffe-espresso-oro.html"><b>Lavazza Caffe Espresso Oro</b></a></h4>
        <p class="description">Lavazza, Qualità Oro Sinfonia Perfetta Caffè Macinato - 250 g</p>
        <p class="right price"><b>6.35 €</b></p>
        <p class="right unitPrice">25.40 € per kg</p>
    </div>
    <div class="contButton">
    <a class="button bgRed white addToCart" href="#">Add</a>
</div>
</div><div class="left product prod57"
        data-name="Lavazza Caffe Crema & Gusto Espresso Grani 1Kg"
        data-price="13.50"
        data-id="6220"
        data-available="yes"
        data-category="1868"
        data-bestselling="">
    <a href="../lavazza-caffe-crema-gusto-espresso-grani-1kg.html">
        <div style="background-image: url('../../cdn.spesati.com/images/products/000104181/lavazza-crema-e-gusto-espresso-classico-caffe-in-grani-1000-g-01.png')">
            <div class="hover"></div>
            
            <div class="stickers"></div>
        </div>
    </a>
    <div>
        <h4><a href="../lavazza-caffe-crema-gusto-espresso-grani-1kg.html"><b>Lavazza Caffe Crema & Gusto Espresso Grani 1Kg</b></a></h4>
        <p class="description">Lavazza Crema e Gusto Espresso Classico Caffè in Grani 1000 g</p>
        <p class="right price"><b>13.50 €</b></p>
        <p class="right unitPrice">13.51 € per kg</p>
    </div>
    <div class="contButton">
    <a class="button bgRed white addToCart" href="#">Add</a>
</div>
</div><div class="left product prod58"
        data-name="Caffe'lavazza Barista Perf 1k"
        data-price="31.70"
        data-id="79615"
        data-available="yes"
        data-category="1868"
        data-bestselling="">
    <a href="../caffelavazza-barista-perf-1k.html">
        <div style="background-image: url('../../cdn.spesati.com/images/products/000104170/lavazza-espresso-barista-perfetto-1000-g-01.png')">
            <div class="hover"></div>
            
            <div class="stickers"></div>
        </div>
    </a>
    <div>
        <h4><a href="../caffelavazza-barista-perf-1k.html"><b>Caffe'lavazza Barista Perf 1k</b></a></h4>
        <p class="description">Lavazza espresso Barista Perfetto 1000 g</p>
        <p class="right price"><b>31.70 €</b></p>
        <p class="right unitPrice">31.70 € per kg</p>
    </div>
    <div class="contButton">
    <a class="button bgRed white addToCart" href="#">Add</a>
</div>
</div><div class="left product prod59"
        data-name="Caffe'lavazza Oro Grani 1kg"
        data-price="28.65"
        data-id="24607"
        data-available="yes"
        data-category="1868"
        data-bestselling="">
    <a href="../caffelavazza-oro-grani-1kg.html">
        <div style="background-image: url('../../cdn.spesati.com/images/products/000104169/lavazza-qualita-oro-espresso-caffe-in-grani-1000-g-01.png')">
            <div class="hover"></div>
            
            <div class="stickers"></div>
        </div>
    </a>
    <div>
        <h4><a href="../caffelavazza-oro-grani-1kg.html"><b>Caffe'lavazza Oro Grani 1kg</b></a></h4>
        <p class="description">Lavazza Qualità Oro Espresso Caffè in Grani 1000 g</p>
        <p class="right price"><b>28.65 €</b></p>
        <p class="right unitPrice">28.65 € per kg</p>
    </div>
    <div class="contButton">
    <a class="button bgRed white addToCart" href="#">Add</a>
</div>
</div><div class="left product prod60"
        data-name="Lavazza Caffè Capsule Passionale"
        data-price="6.09"
        data-id="2839"
        data-available="yes"
        data-category="1868"
        data-bestselling="2">
    <a href="../lavazza-caffe-capsule-passionale.html">
        <div style="background-image: url('../../cdn.spesati.com/images/products/000104163/lavazza-a-modo-mio-espresso-passionale-16-capsule-120-g-01.png')">
            <div class="hover"></div>
            <p class="arrow bgRed white">Best Seller</p>
            <div class="stickers"></div>
        </div>
    </a>
    <div>
        <h4><a href="../lavazza-caffe-capsule-passionale.html"><b>Lavazza Caffè Capsule Passionale</b></a></h4>
        <p class="description">Lavazza A Modo Mio Espresso Passionale 16 Capsule 120 g</p>
        <p class="right price"><b>6.09 €</b></p>
        <p class="right unitPrice">6.09 € per kg</p>
    </div>
    <div class="contButton">
    <a class="button bgRed white addToCart" href="#">Add</a>
</div>
</div><div class="left product prod61"
        data-name="Lavazza Caffe Rossa 250 Gr"
        data-price="3.69"
        data-id="4845"
        data-available="yes"
        data-category="1868"
        data-bestselling="1">
    <a href="../lavazza-caffe-rossa-250-gr.html">
        <div style="background-image: url('../../cdn.spesati.com/images/products/000104162/lavazza-qualita-rossa-caffe-macinato-250-g-01.png')">
            <div class="hover"></div>
            <p class="arrow bgRed white">Best Seller</p>
            <div class="stickers"></div>
        </div>
    </a>
    <div>
        <h4><a href="../lavazza-caffe-rossa-250-gr.html"><b>Lavazza Caffe Rossa 250 Gr</b></a></h4>
        <p class="description">Lavazza Qualità Rossa Caffè Macinato 250 g</p>
        <p class="right price"><b>3.69 €</b></p>
        <p class="right unitPrice">14.75 € per kg</p>
    </div>
    <div class="contButton">
    <a class="button bgRed white addToCart" href="#">Add</a>
</div>
</div><div class="left product prod62"
        data-name="Lavazza Dek A Modo Mio 18 Cialde"
        data-price="6.09"
        data-id="2848"
        data-available="yes"
        data-category="1868"
        data-bestselling="">
    <a href="../lavazza-dek-a-modo-mio-18-cialde.html">
        <div style="background-image: url('../../cdn.spesati.com/images/products/000104159/lavazza-a-modo-mio-dek-16-capsule-120-g-01.png')">
            <div class="hover"></div>
            
            <div class="stickers"></div>
        </div>
    </a>
    <div>
        <h4><a href="../lavazza-dek-a-modo-mio-18-cialde.html"><b>Lavazza Dek A Modo Mio 18 Cialde</b></a></h4>
        <p class="description">Lavazza A Modo Mio Dek 16 Capsule 120 g</p>
        <p class="right price"><b>6.09 €</b></p>
        <p class="right unitPrice">50.75 € per kg</p>
    </div>
    <div class="contButton">
    <a class="button bgRed white addToCart" href="#">Add</a>
</div>
</div><div class="left product prod63"
        data-name="Lavazza Caffé Qualità Rossa 2x250gr"
        data-price="5.69"
        data-id="2845"
        data-available="yes"
        data-category="1868"
        data-bestselling="3">
    <a href="../lavazza-caffe-qualita-rossa-2x250gr.html">
        <div style="background-image: url('../../cdn.spesati.com/images/products/000104155/lavazza-qualita-rossa-caffe-macinato-2-x-250-g-01.png')">
            <div class="hover"></div>
            <p class="arrow bgRed white">Offer</p>
            <div class="stickers"></div>
        </div>
    </a>
    <div>
        <h4><a href="../lavazza-caffe-qualita-rossa-2x250gr.html"><b>Lavazza Caffé Qualità Rossa 2x250gr</b></a></h4>
        <p class="description">Lavazza Qualità Rossa Caffè Macinato 2 x 250 g</p>
        <p class="left offer red">7.79 €</p>
<p class="right price"><b>5.69 €</b></p>
        <p class="right unitPrice">11.38 € per kg</p>
    </div>
    <div class="contButton">
    <a class="button bgRed white addToCart" href="#">Add</a>
</div>
</div><div class="left product prod64"
        data-name="Caffe'hag Espresso Cialde"
        data-price="5.65"
        data-id="24605"
        data-available="yes"
        data-category="1868"
        data-bestselling="">
    <a href="../caffehag-espresso-cialde.html">
        <div style="background-image: url('../../cdn.spesati.com/images/products/000104126/caffe-hag-18-cialde-125-g-01.png')">
            <div class="hover"></div>
            
            <div class="stickers"></div>
        </div>
    </a>
    <div>
        <h4><a href="../caffehag-espresso-cialde.html"><b>Caffe'hag Espresso Cialde</b></a></h4>
        <p class="description">Caffè HAG 18 Cialde 125 g</p>
        <p class="right price"><b>5.65 €</b></p>
        <p class="right unitPrice">45.19 € per kg</p>
    </div>
    <div class="contButton">
    <a class="button bgRed white addToCart" href="#">Add</a>
</div>
</div><div class="left product prod65"
        data-name="Caffe'hag Solubile Gr 100"
        data-price="4.69"
        data-id="24604"
        data-available="yes"
        data-category="1868"
        data-bestselling="">
    <a href="../caffehag-solubile-gr-100.html">
        <div style="background-image: url('../../cdn.spesati.com/images/products/000104123/caffe-hag-solubile-100-g-01.png')">
            <div class="hover"></div>
            
            <div class="stickers"></div>
        </div>
    </a>
    <div>
        <h4><a href="../caffehag-solubile-gr-100.html"><b>Caffe'hag Solubile Gr 100</b></a></h4>
        <p class="description">Caffè HAG Solubile 100 g</p>
        <p class="right price"><b>4.69 €</b></p>
        <p class="right unitPrice">46.90 € per kg</p>
    </div>
    <div class="contButton">
    <a class="button bgRed white addToCart" href="#">Add</a>
</div>
</div><div class="left product prod66"
        data-name="Caffe' illy espresso barattolo 250g"
        data-price="8.39"
        data-id="5160"
        data-available="yes"
        data-category="1868"
        data-bestselling="">
    <a href="../caffe-illy-espresso-barattolo-250g.html">
        <div style="background-image: url('../../cdn.spesati.com/images/products/000104086/illy-art-collection-classico-caffe-tostato-macinato-per-espresso-250-g-01.png')">
            <div class="hover"></div>
            
            <div class="stickers"></div>
        </div>
    </a>
    <div>
        <h4><a href="../caffe-illy-espresso-barattolo-250g.html"><b>Caffe' illy espresso barattolo 250g</b></a></h4>
        <p class="description">illy Art Collection Classico Caffè Tostato Macinato per Espresso 250 g</p>
        <p class="right price"><b>8.39 €</b></p>
        <p class="right unitPrice">33.56 € per kg</p>
    </div>
    <div class="contButton">
    <a class="button bgRed white addToCart" href="#">Add</a>
</div>
</div><div class="left product prod67"
        data-name="Caffe'illy Decaff Barat 250gr"
        data-price="8.82"
        data-id="24597"
        data-available="yes"
        data-category="1868"
        data-bestselling="">
    <a href="../caffeilly-decaff-barat-250gr.html">
        <div style="background-image: url('../../cdn.spesati.com/images/products/000104085/illy-decaffeinato-caffe-macinato-decaffeinato-per-tutte-le-preparazioni-250-g-01.png')">
            <div class="hover"></div>
            
            <div class="stickers"></div>
        </div>
    </a>
    <div>
        <h4><a href="../caffeilly-decaff-barat-250gr.html"><b>Caffe'illy Decaff Barat 250gr</b></a></h4>
        <p class="description">illy Decaffeinato Caffè Macinato Decaffeinato per Tutte le Preparazioni 250 g</p>
        <p class="right price"><b>8.82 €</b></p>
        <p class="right unitPrice">35.27 € per kg</p>
    </div>
    <div class="contButton">
    <a class="button bgRed white addToCart" href="#">Add</a>
</div>
</div><div class="left product prod68"
        data-name="Caffe'motta Espre Bar Grani 1k"
        data-price="15.40"
        data-id="24473"
        data-available="yes"
        data-category="1868"
        data-bestselling="">
    <a href="../caffemotta-espre-bar-grani-1k.html">
        <div style="background-image: url('../../cdn.spesati.com/images/products/000102827/caffe-motta-loungebar-espresso-1000-g-01.png')">
            <div class="hover"></div>
            
            <div class="stickers"></div>
        </div>
    </a>
    <div>
        <h4><a href="../caffemotta-espre-bar-grani-1k.html"><b>Caffe'motta Espre Bar Grani 1k</b></a></h4>
        <p class="description">caffè motta LoungeBar Espresso 1000 g</p>
        <p class="right price"><b>15.40 €</b></p>
        <p class="right unitPrice">15.40 € per kg</p>
    </div>
    <div class="contButton">
    <a class="button bgRed white addToCart" href="#">Add</a>
</div>
</div><div class="left product prod69"
        data-name="Cialde Espresso Motta 50pz"
        data-price="12.34"
        data-id="24471"
        data-available="yes"
        data-category="1868"
        data-bestselling="">
    <a href="../cialde-espresso-motta-50pz.html">
        <div style="background-image: url('../../cdn.spesati.com/images/products/000102825/caffe-motta-espresso-cremoso-cialde-universali-compostabili-50-x-7-g-01.png')">
            <div class="hover"></div>
            
            <div class="stickers"></div>
        </div>
    </a>
    <div>
        <h4><a href="../cialde-espresso-motta-50pz.html"><b>Cialde Espresso Motta 50pz</b></a></h4>
        <p class="description">caffè motta Espresso Cremoso Cialde Universali Compostabili 50 x 7 g</p>
        <p class="right price"><b>12.34 €</b></p>
        <p class="right unitPrice">1.22 € per kg</p>
    </div>
    <div class="contButton">
    <a class="button bgRed white addToCart" href="#">Add</a>
</div>
</div><div class="left product prod70"
        data-name="Caffe'motta Gusto Bar 3kg"
        data-price="38.39"
        data-id="24470"
        data-available="yes"
        data-category="1868"
        data-bestselling="">
    <a href="../caffemotta-gusto-bar-3kg.html">
        <div style="background-image: url('../../cdn.spesati.com/images/products/000102822/caffe-motta-gusto-bar-aroma-intenso-3000-g-01.png')">
            <div class="hover"></div>
            
            <div class="stickers"></div>
        </div>
    </a>
    <div>
        <h4><a href="../caffemotta-gusto-bar-3kg.html"><b>Caffe'motta Gusto Bar 3kg</b></a></h4>
        <p class="description">caffè motta Gusto Bar Aroma Intenso 3000 g</p>
        <p class="right price"><b>38.39 €</b></p>
        <p class="right unitPrice">12.80 € per kg</p>
    </div>
    <div class="contButton">
    <a class="button bgRed white addToCart" href="#">Add</a>
</div>
</div><div class="left product prod71"
        data-name="Caffe Motta Classico Lounge Bar 1Kg"
        data-price="13.19"
        data-id="5887"
        data-available="yes"
        data-category="1868"
        data-bestselling="">
    <a href="../caffe-motta-classico-lounge-bar-1kg.html">
        <div style="background-image: url('../../cdn.spesati.com/images/products/000102821/caffe-motta-loungebar-classico-1000-g-01.png')">
            <div class="hover"></div>
            
            <div class="stickers"></div>
        </div>
    </a>
    <div>
        <h4><a href="../caffe-motta-classico-lounge-bar-1kg.html"><b>Caffe Motta Classico Lounge Bar 1Kg</b></a></h4>
        <p class="description">caffè motta LoungeBar Classico 1000 g</p>
        <p class="right price"><b>13.19 €</b></p>
        <p class="right unitPrice">13.19 € per kg</p>
    </div>
    <div class="contButton">
    <a class="button bgRed white addToCart" href="#">Add</a>
</div>
</div><div class="left product prod72"
        data-name="Caps Rdg Nesp 100% Arabica 10c"
        data-price="2.99"
        data-id="79048"
        data-available="yes"
        data-category="1868"
        data-bestselling="">
    <a href="../caps-rdg-nesp-100-arabica-10c.html">
        <div style="background-image: url('../../cdn.spesati.com/images/products/missing-image/missing-image.jpg')">
            <div class="hover"></div>
            
            <div class="stickers"></div>
        </div>
    </a>
    <div>
        <h4><a href="../caps-rdg-nesp-100-arabica-10c.html"><b>Caps Rdg Nesp 100% Arabica 10c</b></a></h4>
        <p class="description">0.06 Kg</p>
        <p class="right price"><b>2.99 €</b></p>
        <p class="right unitPrice">49.84 € per kg</p>
    </div>
    <div class="contButton">
    <a class="button bgRed white addToCart" href="#">Add</a>
</div>
</div><div class="left product prod73"
        data-name="Caps Rdg Nesp 20% Arabica 10c"
        data-price="2.99"
        data-id="79051"
        data-available="yes"
        data-category="1868"
        data-bestselling="">
    <a href="../caps-rdg-nesp-20-arabica-10c.html">
        <div style="background-image: url('../../cdn.spesati.com/images/products/missing-image/missing-image.jpg')">
            <div class="hover"></div>
            
            <div class="stickers"></div>
        </div>
    </a>
    <div>
        <h4><a href="../caps-rdg-nesp-20-arabica-10c.html"><b>Caps Rdg Nesp 20% Arabica 10c</b></a></h4>
        <p class="description">0.06 Kg</p>
        <p class="right price"><b>2.99 €</b></p>
        <p class="right unitPrice">49.84 € per kg</p>
    </div>
    <div class="contButton">
    <a class="button bgRed white addToCart" href="#">Add</a>
</div>
</div><div class="left product prod74"
        data-name="Caps Rdg Nesp Decaffeinato 10c"
        data-price="2.99"
        data-id="79054"
        data-available="yes"
        data-category="1868"
        data-bestselling="">
    <a href="../caps-rdg-nesp-decaffeinato-10c.html">
        <div style="background-image: url('../../cdn.spesati.com/images/products/missing-image/missing-image.jpg')">
            <div class="hover"></div>
            
            <div class="stickers"></div>
        </div>
    </a>
    <div>
        <h4><a href="../caps-rdg-nesp-decaffeinato-10c.html"><b>Caps Rdg Nesp Decaffeinato 10c</b></a></h4>
        <p class="description">0.06 Kg</p>
        <p class="right price"><b>2.99 €</b></p>
        <p class="right unitPrice">49.84 € per kg</p>
    </div>
    <div class="contButton">
    <a class="button bgRed white addToCart" href="#">Add</a>
</div>
</div><div class="left product prod75"
        data-name="Caps Rdg Nesp 50% Arabica 10c"
        data-price="2.99"
        data-id="79057"
        data-available="yes"
        data-category="1868"
        data-bestselling="">
    <a href="../caps-rdg-nesp-50-arabica-10c.html">
        <div style="background-image: url('../../cdn.spesati.com/images/products/missing-image/missing-image.jpg')">
            <div class="hover"></div>
            
            <div class="stickers"></div>
        </div>
    </a>
    <div>
        <h4><a href="../caps-rdg-nesp-50-arabica-10c.html"><b>Caps Rdg Nesp 50% Arabica 10c</b></a></h4>
        <p class="description">0.06 Kg</p>
        <p class="right price"><b>2.99 €</b></p>
        <p class="right unitPrice">49.84 € per kg</p>
    </div>
    <div class="contButton">
    <a class="button bgRed white addToCart" href="#">Add</a>
</div>
</div><div class="left product prod76"
        data-name="Caps Rdg Nesp 70% Arabica 10c"
        data-price="2.99"
        data-id="79060"
        data-available="yes"
        data-category="1868"
        data-bestselling="">
    <a href="../caps-rdg-nesp-70-arabica-10c.html">
        <div style="background-image: url('../../cdn.spesati.com/images/products/missing-image/missing-image.jpg')">
            <div class="hover"></div>
            
            <div class="stickers"></div>
        </div>
    </a>
    <div>
        <h4><a href="../caps-rdg-nesp-70-arabica-10c.html"><b>Caps Rdg Nesp 70% Arabica 10c</b></a></h4>
        <p class="description">0.06 Kg</p>
        <p class="right price"><b>2.99 €</b></p>
        <p class="right unitPrice">49.84 € per kg</p>
    </div>
    <div class="contButton">
    <a class="button bgRed white addToCart" href="#">Add</a>
</div>
</div><div class="left product prod77"
        data-name="Caffe'lavazza Dek Bar Copp 80p"
        data-price="36.28"
        data-id="24611"
        data-available="yes"
        data-category="1868"
        data-bestselling="">
    <a href="../caffelavazza-dek-bar-copp-80p.html">
        <div style="background-image: url('../../cdn.spesati.com/images/products/missing-image/missing-image.jpg')">
            <div class="hover"></div>
            
            <div class="stickers"></div>
        </div>
    </a>
    <div>
        <h4><a href="../caffelavazza-dek-bar-copp-80p.html"><b>Caffe'lavazza Dek Bar Copp 80p</b></a></h4>
        <p class="description">2.6 Kg</p>
        <p class="right price"><b>36.28 €</b></p>
        <p class="right unitPrice">13.96 € per kg</p>
    </div>
    <div class="contButton">
    <a class="button bgRed white addToCart" href="#">Add</a>
</div>
</div><div class="left product prod78"
        data-name="Nescafe'ginseng Amaro 500gr"
        data-price="20.54"
        data-id="25420"
        data-available="yes"
        data-category="1868"
        data-bestselling="">
    <a href="../nescafeginseng-amaro-500gr.html">
        <div style="background-image: url('../../cdn.spesati.com/images/products/missing-image/missing-image.jpg')">
            <div class="hover"></div>
            
            <div class="stickers"></div>
        </div>
    </a>
    <div>
        <h4><a href="../nescafeginseng-amaro-500gr.html"><b>Nescafe'ginseng Amaro 500gr</b></a></h4>
        <p class="description">0.5 Kg</p>
        <p class="right price"><b>20.54 €</b></p>
        <p class="right unitPrice">41.07 € per kg</p>
    </div>
    <div class="contButton">
    <a class="button bgRed white addToCart" href="#">Add</a>
</div>
</div><div class="left product prod79"
        data-name="Caffe Miscela 30% Ristora 150g"
        data-price="3.76"
        data-id="26409"
        data-available="yes"
        data-category="1868"
        data-bestselling="">
    <a href="../caffe-miscela-30-ristora-150g.html">
        <div style="background-image: url('../../cdn.spesati.com/images/products/missing-image/missing-image.jpg')">
            <div class="hover"></div>
            
            <div class="stickers"></div>
        </div>
    </a>
    <div>
        <h4><a href="../caffe-miscela-30-ristora-150g.html"><b>Caffe Miscela 30% Ristora 150g</b></a></h4>
        <p class="description">0.15 Kg</p>
        <p class="right price"><b>3.76 €</b></p>
        <p class="right unitPrice">25.07 € per kg</p>
    </div>
    <div class="contButton">
    <a class="button bgRed white addToCart" href="#">Add</a>
</div>
</div><div class="left product prod80"
        data-name="Latte Granulare Ristora 500 Gr"
        data-price="8.74"
        data-id="26420"
        data-available="yes"
        data-category="1868"
        data-bestselling="">
    <a href="../latte-granulare-ristora-500-gr.html">
        <div style="background-image: url('../../cdn.spesati.com/images/products/missing-image/missing-image.jpg')">
            <div class="hover"></div>
            
            <div class="stickers"></div>
        </div>
    </a>
    <div>
        <h4><a href="../latte-granulare-ristora-500-gr.html"><b>Latte Granulare Ristora 500 Gr</b></a></h4>
        <p class="description">0.5 Kg</p>
        <p class="right price"><b>8.74 €</b></p>
        <p class="right unitPrice">17.49 € per kg</p>
    </div>
    <div class="contButton">
    <a class="button bgRed white addToCart" href="#">Add</a>
</div>
</div><div class="left product prod81"
        data-name="Cappuccino Sol Crastan S/z 150"
        data-price="2.47"
        data-id="62946"
        data-available="no"
        data-category="1868"
        data-bestselling="">
    <a href="../cappuccino-sol-crastan-sz-150.html">
        <div style="background-image: url('../../cdn.spesati.com/images/products/000437815/crastan-preparato-solubile-per-cappuccino-da-zuccherare-150-g-01.png')">
            <div class="hover"></div>
            
            <div class="stickers"></div>
        </div>
    </a>
    <div>
        <h4><a href="../cappuccino-sol-crastan-sz-150.html"><b>Cappuccino Sol Crastan S/z 150</b></a></h4>
        <p class="description">Crastan preparato solubile per Cappuccino da Zuccherare 150 g</p>
        <p class="right price"><b>2.47 €</b></p>
        <p class="right unitPrice">16.49 € per kg</p>
    </div>
    <div class="notAvailable">
    <a class="button bgDarkGrey white" href="../cappuccino-sol-crastan-sz-150.html">Not available</a>
</div>
</div><div class="left product prod82"
        data-name="Caps Vergn Comp Nesp Inten 10p"
        data-price="3.65"
        data-id="32833"
        data-available="no"
        data-category="1868"
        data-bestselling="">
    <a href="../caps-vergn-comp-nesp-inten-10p.html">
        <div style="background-image: url('../../cdn.spesati.com/images/products/000437038/caffe-vergnano-1882-espresso1882-intenso-compostabile-capsule-compatibili-nespresso-10-x-5-g-01.png')">
            <div class="hover"></div>
            
            <div class="stickers"></div>
        </div>
    </a>
    <div>
        <h4><a href="../caps-vergn-comp-nesp-inten-10p.html"><b>Caps Vergn Comp Nesp Inten 10p</b></a></h4>
        <p class="description">Caffè Vergnano 1882 Èspresso1882 Intenso Compostabile** Capsule Compatibili Nespresso* 10 x 5 g</p>
        <p class="right price"><b>3.65 €</b></p>
        <p class="right unitPrice">27.66 € per kg</p>
    </div>
    <div class="notAvailable">
    <a class="button bgDarkGrey white" href="../caps-vergn-comp-nesp-inten-10p.html">Not available</a>
</div>
</div><div class="left product prod83"
        data-name="Caps Crastan Ginseng D/gus 10p"
        data-price="3.85"
        data-id="65556"
        data-available="no"
        data-category="1868"
        data-bestselling="">
    <a href="../caps-crastan-ginseng-dgus-10p.html">
        <div style="background-image: url('../../cdn.spesati.com/images/products/000117387/crastan-preparato-solubile-per-ginseng-caffe-capsule-compatibili-con-macchine-dolce-gusto-10x90g-01.png')">
            <div class="hover"></div>
            
            <div class="stickers"></div>
        </div>
    </a>
    <div>
        <h4><a href="../caps-crastan-ginseng-dgus-10p.html"><b>Caps Crastan Ginseng D/gus 10p</b></a></h4>
        <p class="description">Crastan Preparato Solubile per Ginseng & Caffè Capsule Compatibili con macchine Dolce Gusto* 10x9,0g</p>
        <p class="right price"><b>3.85 €</b></p>
        <p class="right unitPrice">42.78 € per kg</p>
    </div>
    <div class="notAvailable">
    <a class="button bgDarkGrey white" href="../caps-crastan-ginseng-dgus-10p.html">Not available</a>
</div>
</div><div class="left product prod84"
        data-name="Orzo Cream E Ginseng Ciald 30p"
        data-price="14.19"
        data-id="26264"
        data-available="no"
        data-category="1868"
        data-bestselling="">
    <a href="../orzo-cream-e-ginseng-ciald-30p.html">
        <div style="background-image: url('../../cdn.spesati.com/images/products/000115367/sirea-orzocrem--ginseng-30-cialde-filtro-180-g-01.png')">
            <div class="hover"></div>
            
            <div class="stickers"></div>
        </div>
    </a>
    <div>
        <h4><a href="../orzo-cream-e-ginseng-ciald-30p.html"><b>Orzo Cream E Ginseng Ciald 30p</b></a></h4>
        <p class="description">Sirea Orzocrem & Ginseng 30 cialde filtro 180 g</p>
        <p class="right price"><b>14.19 €</b></p>
        <p class="right unitPrice">78.86 € per kg</p>
    </div>
    <div class="notAvailable">
    <a class="button bgDarkGrey white" href="../orzo-cream-e-ginseng-ciald-30p.html">Not available</a>
</div>
</div><div class="left product prod85"
        data-name="Caffe' Nescafe' Gold Dec 100g"
        data-price="8.36"
        data-id="26074"
        data-available="no"
        data-category="1868"
        data-bestselling="">
    <a href="../caffe-nescafe-gold-dec-100g.html">
        <div style="background-image: url('../../cdn.spesati.com/images/products/000114358/nescafe-gold-decaf-caffe-solubile-decaffeinato-barattolo-100g-01.png')">
            <div class="hover"></div>
            
            <div class="stickers"></div>
        </div>
    </a>
    <div>
        <h4><a href="../caffe-nescafe-gold-dec-100g.html"><b>Caffe' Nescafe' Gold Dec 100g</b></a></h4>
        <p class="description">NESCAFÉ Gold Decaf Caffè solubile decaffeinato barattolo 100g</p>
        <p class="right price"><b>8.36 €</b></p>
        <p class="right unitPrice">83.58 € per kg</p>
    </div>
    <div class="notAvailable">
    <a class="button bgDarkGrey white" href="../caffe-nescafe-gold-dec-100g.html">Not available</a>
</div>
</div><div class="left product prod86"
        data-name="Caffe'corsini Ginseng 250 Gr"
        data-price="4.58"
        data-id="25908"
        data-available="no"
        data-category="1868"
        data-bestselling="">
    <a href="../caffecorsini-ginseng-250-gr.html">
        <div style="background-image: url('../../cdn.spesati.com/images/products/000112207/compagnia-dellarabica-puro-arabica-macinato-con-vero-estratto-al-ginseng-caffe-macinato-250-g-01.png')">
            <div class="hover"></div>
            
            <div class="stickers"></div>
        </div>
    </a>
    <div>
        <h4><a href="../caffecorsini-ginseng-250-gr.html"><b>Caffe'corsini Ginseng 250 Gr</b></a></h4>
        <p class="description">Compagnia dell'Arabica Puro Arabica Macinato con Vero Estratto al Ginseng caffè macinato 250 g</p>
        <p class="right price"><b>4.58 €</b></p>
        <p class="right unitPrice">18.30 € per kg</p>
    </div>
    <div class="notAvailable">
    <a class="button bgDarkGrey white" href="../caffecorsini-ginseng-250-gr.html">Not available</a>
</div>
</div><div class="left product prod87"
        data-name="Caps Lav A Modo Mio Suerte 36"
        data-price="9.69"
        data-id="24642"
        data-available="no"
        data-category="1868"
        data-bestselling="">
    <a href="../caps-lav-a-modo-mio-suerte-36.html">
        <div style="background-image: url('../../cdn.spesati.com/images/products/000104527/lavazza-a-modo-mio-suerte-36-capsule-270-g-01.png')">
            <div class="hover"></div>
            
            <div class="stickers"></div>
        </div>
    </a>
    <div>
        <h4><a href="../caps-lav-a-modo-mio-suerte-36.html"><b>Caps Lav A Modo Mio Suerte 36</b></a></h4>
        <p class="description">Lavazza A Modo Mio Suerte 36 Capsule 270 g</p>
        <p class="right price"><b>9.69 €</b></p>
        <p class="right unitPrice">35.89 € per kg</p>
    </div>
    <div class="notAvailable">
    <a class="button bgDarkGrey white" href="../caps-lav-a-modo-mio-suerte-36.html">Not available</a>
</div>
</div><div class="left product prod88"
        data-name="Caffè Splendid Classico 2X250Gr"
        data-price="5.35"
        data-id="6833"
        data-available="no"
        data-category="1868"
        data-bestselling="">
    <a href="../caffe-splendid-classico-2x250gr.html">
        <div style="background-image: url('../../cdn.spesati.com/images/products/000104312/splendid-classico-2-x-250-g-01.png')">
            <div class="hover"></div>
            
            <div class="stickers"></div>
        </div>
    </a>
    <div>
        <h4><a href="../caffe-splendid-classico-2x250gr.html"><b>Caffè Splendid Classico 2X250Gr</b></a></h4>
        <p class="description">Splendid Classico 2 x 250 g</p>
        <p class="right price"><b>5.35 €</b></p>
        <p class="right unitPrice">10.70 € per kg</p>
    </div>
    <div class="notAvailable">
    <a class="button bgDarkGrey white" href="../caffe-splendid-classico-2x250gr.html">Not available</a>
</div>
</div><div class="left product prod89"
        data-name="Lavazza Caffe Rossa Grani"
        data-price="19.29"
        data-id="2846"
        data-available="no"
        data-category="1868"
        data-bestselling="">
    <a href="../lavazza-caffe-rossa-grani.html">
        <div style="background-image: url('../../cdn.spesati.com/images/products/000104165/lavazza-qualita-rossa-espresso-caffe-in-grani-1000-g-01.png')">
            <div class="hover"></div>
            
            <div class="stickers"></div>
        </div>
    </a>
    <div>
        <h4><a href="../lavazza-caffe-rossa-grani.html"><b>Lavazza Caffe Rossa Grani</b></a></h4>
        <p class="description">Lavazza Qualità Rossa Espresso Caffè in Grani 1000 g</p>
        <p class="right price"><b>19.29 €</b></p>
        <p class="right unitPrice">19.29 € per kg</p>
    </div>
    <div class="notAvailable">
    <a class="button bgDarkGrey white" href="../lavazza-caffe-rossa-grani.html">Not available</a>
</div>
</div><div class="left product prod90"
        data-name="Lavazza Espresso Delizioso 16 Capsule"
        data-price="6.85"
        data-id="5891"
        data-available="no"
        data-category="1868"
        data-bestselling="">
    <a href="../lavazza-espresso-delizioso-16-capsule.html">
        <div style="background-image: url('../../cdn.spesati.com/images/products/000104160/lavazza-a-modo-mio-espresso-delizioso-16-capsule-120-g-01.png')">
            <div class="hover"></div>
            
            <div class="stickers"></div>
        </div>
    </a>
    <div>
        <h4><a href="../lavazza-espresso-delizioso-16-capsule.html"><b>Lavazza Espresso Delizioso 16 Capsule</b></a></h4>
        <p class="description">Lavazza A Modo Mio Espresso Delizioso 16 Capsule 120 g</p>
        <p class="right price"><b>6.85 €</b></p>
        <p class="right unitPrice">57.08 € per kg</p>
    </div>
    <div class="notAvailable">
    <a class="button bgDarkGrey white" href="../lavazza-espresso-delizioso-16-capsule.html">Not available</a>
</div>
</div><div class="left product prod91"
        data-name="Caffe'corsini Espresso 1 Kg"
        data-price="11.63"
        data-id="24466"
        data-available="no"
        data-category="1868"
        data-bestselling="">
    <a href="../caffecorsini-espresso-1-kg.html">
        <div style="background-image: url('../../cdn.spesati.com/images/products/000102814/caffe-corsini-caffe-in-grani-espresso-1000-g-01.png')">
            <div class="hover"></div>
            
            <div class="stickers"></div>
        </div>
    </a>
    <div>
        <h4><a href="../caffecorsini-espresso-1-kg.html"><b>Caffe'corsini Espresso 1 Kg</b></a></h4>
        <p class="description">Caffè Corsini Caffè in Grani Espresso 1000 g</p>
        <p class="right price"><b>11.63 €</b></p>
        <p class="right unitPrice">11.63 € per kg</p>
    </div>
    <div class="notAvailable">
    <a class="button bgDarkGrey white" href="../caffecorsini-espresso-1-kg.html">Not available</a>
</div>
</div><div class="left product prod92"
        data-name="Caffe'corsini Arabica 100% 1kg"
        data-price="19.99"
        data-id="24467"
        data-available="no"
        data-category="1868"
        data-bestselling="">
    <a href="../caffecorsini-arabica-100-1kg.html">
        <div style="background-image: url('../../cdn.spesati.com/images/products/missing-image/missing-image.jpg')">
            <div class="hover"></div>
            
            <div class="stickers"></div>
        </div>
    </a>
    <div>
        <h4><a href="../caffecorsini-arabica-100-1kg.html"><b>Caffe'corsini Arabica 100% 1kg</b></a></h4>
        <p class="description">1 Kg</p>
        <p class="right price"><b>19.99 €</b></p>
        <p class="right unitPrice">20.00 € per kg</p>
    </div>
    <div class="notAvailable">
    <a class="button bgDarkGrey white" href="../caffecorsini-arabica-100-1kg.html">Not available</a>
</div>
</div><div class="left product prod93"
        data-name="Caffe'corsini Gourmet Grani 1k"
        data-price="12.17"
        data-id="24469"
        data-available="no"
        data-category="1868"
        data-bestselling="">
    <a href="../caffecorsini-gourmet-grani-1k.html">
        <div style="background-image: url('../../cdn.spesati.com/images/products/missing-image/missing-image.jpg')">
            <div class="hover"></div>
            
            <div class="stickers"></div>
        </div>
    </a>
    <div>
        <h4><a href="../caffecorsini-gourmet-grani-1k.html"><b>Caffe'corsini Gourmet Grani 1k</b></a></h4>
        <p class="description">1 Kg</p>
        <p class="right price"><b>12.17 €</b></p>
        <p class="right unitPrice">12.16 € per kg</p>
    </div>
    <div class="notAvailable">
    <a class="button bgDarkGrey white" href="../caffecorsini-gourmet-grani-1k.html">Not available</a>
</div>
</div><div class="left product prod94"
        data-name="Caps Corsini Comp Modo Mio 50p"
        data-price="11.48"
        data-id="24643"
        data-available="no"
        data-category="1868"
        data-bestselling="">
    <a href="../caps-corsini-comp-modo-mio-50p.html">
        <div style="background-image: url('../../cdn.spesati.com/images/products/missing-image/missing-image.jpg')">
            <div class="hover"></div>
            
            <div class="stickers"></div>
        </div>
    </a>
    <div>
        <h4><a href="../caps-corsini-comp-modo-mio-50p.html"><b>Caps Corsini Comp Modo Mio 50p</b></a></h4>
        <p class="description">0.38 Kg</p>
        <p class="right price"><b>11.48 €</b></p>
        <p class="right unitPrice">30.61 € per kg</p>
    </div>
    <div class="notAvailable">
    <a class="button bgDarkGrey white" href="../caps-corsini-comp-modo-mio-50p.html">Not available</a>
</div>
</div><div class="left product prod95"
        data-name="Caps Corsini Comp Nespres 50pz"
        data-price="9.31"
        data-id="24644"
        data-available="no"
        data-category="1868"
        data-bestselling="">
    <a href="../caps-corsini-comp-nespres-50pz.html">
        <div style="background-image: url('../../cdn.spesati.com/images/products/missing-image/missing-image.jpg')">
            <div class="hover"></div>
            
            <div class="stickers"></div>
        </div>
    </a>
    <div>
        <h4><a href="../caps-corsini-comp-nespres-50pz.html"><b>Caps Corsini Comp Nespres 50pz</b></a></h4>
        <p class="description">0.26 Kg</p>
        <p class="right price"><b>9.31 €</b></p>
        <p class="right unitPrice">35.79 € per kg</p>
    </div>
    <div class="notAvailable">
    <a class="button bgDarkGrey white" href="../caps-corsini-comp-nespres-50pz.html">Not available</a>
</div>
</div><div class="left product prod96"
        data-name="Caps Corsini Compatibili Dolce Gusto 50pz"
        data-price="9.20"
        data-id="24645"
        data-available="no"
        data-category="1868"
        data-bestselling="">
    <a href="../caps-corsini-compatibili-dolce-gusto-50pz.html">
        <div style="background-image: url('../../cdn.spesati.com/images/products/missing-image/missing-image.jpg')">
            <div class="hover"></div>
            
            <div class="stickers"></div>
        </div>
    </a>
    <div>
        <h4><a href="../caps-corsini-compatibili-dolce-gusto-50pz.html"><b>Caps Corsini Compatibili Dolce Gusto 50pz</b></a></h4>
        <p class="description">0.35 Kg</p>
        <p class="right price"><b>9.20 €</b></p>
        <p class="right unitPrice">26.29 € per kg</p>
    </div>
    <div class="notAvailable">
    <a class="button bgDarkGrey white" href="../caps-corsini-compatibili-dolce-gusto-50pz.html">Not available</a>
</div>
</div><div class="left product prod97"
        data-name="Caps Corsini Espresso 50pz"
        data-price="17.02"
        data-id="24646"
        data-available="no"
        data-category="1868"
        data-bestselling="">
    <a href="../caps-corsini-espresso-50pz.html">
        <div style="background-image: url('../../cdn.spesati.com/images/products/missing-image/missing-image.jpg')">
            <div class="hover"></div>
            
            <div class="stickers"></div>
        </div>
    </a>
    <div>
        <h4><a href="../caps-corsini-espresso-50pz.html"><b>Caps Corsini Espresso 50pz</b></a></h4>
        <p class="description">0.35 Kg</p>
        <p class="right price"><b>17.02 €</b></p>
        <p class="right unitPrice">48.63 € per kg</p>
    </div>
    <div class="notAvailable">
    <a class="button bgDarkGrey white" href="../caps-corsini-espresso-50pz.html">Not available</a>
</div>
</div><div class="left product prod98"
        data-name="Cialde Caffe Cors Espres 150"
        data-price="30.77"
        data-id="25701"
        data-available="no"
        data-category="1868"
        data-bestselling="">
    <a href="../cialde-caffe-cors-espres-150.html">
        <div style="background-image: url('../../cdn.spesati.com/images/products/missing-image/missing-image.jpg')">
            <div class="hover"></div>
            
            <div class="stickers"></div>
        </div>
    </a>
    <div>
        <h4><a href="../cialde-caffe-cors-espres-150.html"><b>Cialde Caffe Cors Espres 150</b></a></h4>
        <p class="description">1.05 Kg</p>
        <p class="right price"><b>30.77 €</b></p>
        <p class="right unitPrice">29.30 € per kg</p>
    </div>
    <div class="notAvailable">
    <a class="button bgDarkGrey white" href="../cialde-caffe-cors-espres-150.html">Not available</a>
</div>
</div>        </div>
    </div>
</section>
<div class="footer">
    <div class="bgDarkGrey"></div>
    <footer>
        <div class="left bgDarkGrey">
            <a id="logoFooter" href="../index.html" class="estDynamic">
                <img src="../../cdn.spesati.com/images/layout/logo-eng.png" alt="Spesati.com" />
                <h2 class="red">Grocery Delivery</h2>
            </a>
            <a class="button bgRed white mobile" href="tel:390707968318">Phone order</a>
            <a class="button bgRed white desktop" href="../news/2020-04-07/news-on-spesati-the-telephone-order-service-is-active.html">Phone order</a>
            <a class="button bgRed white" href="../cdn-cgi/l/email-protection.html#9af3f4fcf5dae9eaffe9fbeef3b4f9f5f7">Send mail</a>
            <div id="social">
                <a class="left" href="https://www.facebook.com/spesati/" rel="external" target="_blank">
                    <span class="facebook bgRed fa-stack fa-lg">
                        <i class="fa fa-facebook fa-stack-1x "></i>
                    </span>
                </a>
                <a class="right" href="https://twitter.com/spesati" rel="external" target="_blank">
                    <span class="twitter bgRed fa-stack fa-lg">
                        <i class="fa fa-twitter fa-stack-1x "></i>
                    </span>
                </a>
            </div>
            <p>Copyright 2024 Spesati.com </p>
            
                    <p>All rights reserved</p>
                    <p>SPESATI SRL</p>
                    <p>Corso Vittorio Veneto 15/I, 07026, Olbia</p>
                    <p>CF e P.Iva: 02772380909</p>
                        </div>
        <div class="center bgRed">
            <div class="top">
                <h3>Categories</h3>
                <div class="col">
                    <ul>
                        <li>
                            <a href="#" class="estDynamic">On sale</a>
                        </li>
                        <li>
                            <a href="../fruit-and-vegetables.html" class="estDynamic">Fruit and vegetables</a>
                        </li>
                        <li>
                            <a href="../fresh-products.html" class="estDynamic">Fresh products</a>
                        </li>
                        <li>
                            <a href="../frozen-foods.html" class="estDynamic">Frozen foods</a>
                        </li>
                        <li>
                            <a href="../bread-and-pasta.html" class="estDynamic">Bread and pasta</a>
                        </li>
                        <li>
                            <a href="../meat.html" class="estDynamic">Meat</a>
                        </li>
                        <li>
                            <a href="../fish.html" class="estDynamic">Fish</a>
                        </li>
                    </ul>
                </div>
                <div class="col">
                    <ul>
                        <li>
                            <a href="../wine-beer-and-spirits.html" class="estDynamic">Wine beer and spirits</a>
                        </li>
                        <li>
                            <a href="../water-and-drinks.html" class="estDynamic">Water and drinks</a>
                        </li>
                        <li>
                            <a href="../sweets.html" class="estDynamic">Sweets</a>
                        </li>
                        <li>
                            <a href="../shelf.html" class="estDynamic">Cupboard</a>
                        </li>
                        <li>
                            <a href="../personal-care.html" class="estDynamic">Personal care</a>
                        </li>
                        <li>
                            <a href="../household-and-outdoors.html" class="estDynamic">Home and outdoors</a>
                        </li>
                        <li>
                            <a href="../pet.html" class="estDynamic">Pets</a>
                        </li>
                    </ul>
                </div>
                <div class="col">
                    <ul>
                        <li>
                            <a href="../technology.html" class="estDynamic">Technology</a>
                        </li>
                        <li>
                            <a href="../gluten-free.html" class="estDynamic">Gluten free</a>
                        </li>
                        <li>
                            <a href="../lactose-free.html" class="estDynamic">Lactose free</a>
                        </li>
                        <li>
                            <a href="../special.html" class="estDynamic">Special</a>
                        </li>
                        <li>
                            <a href="../sardinian-products.html" class="estDynamic">Sardinian products</a>
                        </li>
                    </ul>
                </div>
            </div>
            <div class="bottom bgRed">
                <div class="left">
                    <h3>Delivery payment</h3>
                    <div>
                        <i class="fa fa-money fa-3x" aria-hidden="true"></i>
                        <p>Cash</p>
                    </div>
                    <div>
                        <i class="fa fa-credit-card fa-3x" aria-hidden="true"></i>
                        <p>Bancomat or card</p>
                    </div>
                </div>
                <div class="right">
                    <h3>Online payment</h3>
                    <div>
                        <i class="fa fa-credit-card fa-3x" aria-hidden="true"></i>
                        <p>Credit or debit card <span class="red">online</span></p>
                    </div>
                    <div>
                        <i class="fa fa-paypal fa-3x" aria-hidden="true"></i>
                        <p>PayPal</p>
                    </div>
                    <div>
                        <i class="fa fa-university fa-3x" aria-hidden="true"></i>
                        <p>Bank transfer</p>
                    </div>
                </div>
            </div>
        </div>
        <div class="right bgRed">
            <div>
                <i class="fa fa-truck fa-flip-horizontal"></i>
                <a class="button bgYellow white" href="../delivery-prices.html">Delivery prices</a>
                
                    <h3>Home delivery:</h3>
                    <p><b>Monday to Saturday</b></p>
                    <p><b>9:00 to 20:00</b></p>
                    <p><b>Minimum order:</b> 29€</p>
                    <p><b>Delivery starting from:</b> 3,50€</p>
                            </div>
            <ul>
                <li>
                    <a href="../delivery-prices.html">Delivery prices</a>
                </li>
                <li>
                    <a href="../about.html">About</a>
                </li>
                <li>
                    <a href="../faq.html">Faq</a>
                </li>
                <li>
                    <a href="../customer-care.html">Support</a>
                </li>
                <li>
                    <a href="../news.html">Blog</a>
                </li>
                <li>
                    <a href="../terms-and-conditions.html">Conditions</a>
                </li>
                <li>
                    <a href="../privacy-policy.html">Privacy policy</a>
                </li>
                <li>
                    <a href="../legal-warranty.html">Legal guarantee</a>
                </li>
            </ul>
        </div>
    </footer>
    <div class="bgRed"></div>
</div>
<!--Start of Tawk.to Script-->
<script data-cfasync="false" src="../cdn-cgi/scripts/5c5dd728/cloudflare-static/email-decode.min.js"></script><script type="text/javascript">
var Tawk_API=Tawk_API||{}, Tawk_LoadStart=new Date();
(function(){
var s1=document.createElement("script"),s0=document.getElementsByTagName("script")[0];
s1.async=true;
s1.src='https://embed.tawk.to/59e86945c28eca75e4626ed9/default';
s1.charset='UTF-8';
s1.setAttribute('crossorigin','*');
s0.parentNode.insertBefore(s1,s0);
})();
</script>
<!--End of Tawk.to Script-->

<!-- Here are parked a few translatable strings, useful for Javascript rendering -->
<div id="js-texts" hidden>
    <input type="hidden" name="save_cart_notice" value="Saving your cart it will be possible to reload it next time you come for shopping">
    <input type="hidden" name="save_cart_notice_title" value="Want to save your cart?">
    <input type="hidden" name="save_cart_ok" value="Save">
    <input type="hidden" name="save_cart_ko" value="Don't Save">
    <input type="hidden" name="reload_cart" value="The Reload Order function allows you to top up your last cart to make a New Order. Warning: do not use this function to add products to the last order. At this time it is not possible to modify an order placed previously.">
</div>

<!-- new site and login popup -->
</body>
<!-- Mirrored from www.spesati.com/shelf/coffee by HTTrack Website Copier/3.x [XR&CO'2014], Fri, 23 Feb 2024 18:46:16 GMT -->
</html>