<!DOCTYPE html><html lang="en">
<!-- Mirrored from www.spesati.com/shelf/crisps-and-pretzels by HTTrack Website Copier/3.x [XR&CO'2014], Fri, 23 Feb 2024 18:50:09 GMT -->
<!-- Added by HTTrack --><meta http-equiv="content-type" content="text/html;charset=utf-8" /><!-- /Added by HTTrack -->
<head>
    <title>Crisps and pretzels - Cupboard - Spesati.com</title>
    <meta http-equiv="Content-Type" content="text/html; charset=UTF-8" />
    <meta name="description" content="" />
    <meta name="keywords" content="" />
    <link href="https://www.spesati.com/images/favicon.ico" rel="shortcut icon" type="image/x-icon" />
    <meta name="author" content="www.dodify.com" /><link rel="canonical" href="https://www.spesati.com/shelf/crisps-and-pretzels" /><link rel="alternate" hreflang="en" href="https://www.spesati.com/shelf/crisps-and-pretzels" /><link rel="alternate" hreflang="it" href="https://www.spesati.it/scaffale/patatine-e-salatini" /><link href="https://cdnjs.cloudflare.com/ajax/libs/meyer-reset/2.0/reset.min.css" rel="stylesheet" type="text/css" /><link href="https://cdnjs.cloudflare.com/ajax/libs/font-awesome/6.5.1/css/all.min.css" rel="stylesheet" type="text/css" /><link href="https://fonts.googleapis.com/css?family=Montserrat:400,700" rel="stylesheet" type="text/css" /><link href="http://cdnjs.cloudflare.com/ajax/libs/fancybox/2.1.5/jquery.fancybox.min.css" rel="stylesheet" type="text/css" /><link href="https://www.spesati.com/style/main.css?v=7" rel="stylesheet" type="text/css" /><link href="https://www.spesati.com/style/lightslider.css" rel="stylesheet" type="text/css" /><link href="https://www.spesati.com/style/categories.css" rel="stylesheet" type="text/css" /><script src="https://cdnjs.cloudflare.com/ajax/libs/jquery/3.6.1/jquery.min.js" type="text/javascript"></script><script src="http://ajax.googleapis.com/ajax/libs/jquery/1.11.0/jquery.min.js" type="text/javascript"></script><script src="http://unpkg.com/@floating-ui/core@0.4.0" type="text/javascript"></script><script src="http://unpkg.com/@floating-ui/dom@0.2.0" type="text/javascript"></script><script src="http://cdnjs.cloudflare.com/ajax/libs/fancybox/2.1.5/jquery.fancybox.min.js" type="text/javascript"></script><script src="https://www.spesati.com/js/menu.js" type="text/javascript"></script><script src="https://www.spesati.com/js/interface.js?v=10" type="text/javascript"></script><script src="https://www.spesati.com/js/spesati.lightslider.min.js" type="text/javascript"></script><meta name="viewport" content="width=device-width, initial-scale=1, maximum-scale=1" /><meta name = "format-detection" content = "telephone=no">
<!-- Facebook Pixel Code -->
<script>
  !function(f,b,e,v,n,t,s)
  {if(f.fbq)return;n=f.fbq=function(){n.callMethod?
  n.callMethod.apply(n,arguments):n.queue.push(arguments)};
  if(!f._fbq)f._fbq=n;n.push=n;n.loaded=!0;n.version='2.0';
  n.queue=[];t=b.createElement(e);t.async=!0;
  t.src=v;s=b.getElementsByTagName(e)[0];
  s.parentNode.insertBefore(t,s)}(window, document,'script',
  'https://connect.facebook.net/en_US/fbevents.js');
  fbq('init', '792335014180667');
  fbq('track', 'PageView');
</script>
<noscript>
    <img height="1" width="1" style="display:none" src="https://www.facebook.com/tr?id=792335014180667&amp;ev=PageView&amp;noscript=1" />
</noscript>
<!-- End Facebook Pixel Code -->

<!-- GA4 -->
<script async src="https://www.googletagmanager.com/gtag/js?id=G-SSS6NRNXL0"></script>
<script>
  window.dataLayer = window.dataLayer || [];
  function gtag(){dataLayer.push(arguments);}
  gtag('js', new Date());
  gtag('config', 'AW-976671669');
  gtag('config', 'G-SSS6NRNXL0');
</script>
<!-- Elements for PWA deploy -->
<link rel="manifest" href="https://www.spesati.com/manifest.json">
<meta name="theme-color" media="(prefers-color-scheme: light)" content="white">
<meta name="theme-color" media="(prefers-color-scheme: dark)"  content="black">
<link href=https://www.spesati.com/images/icon-192.png rel=apple-touch-icon sizes="192x192">
<!-- Establishment logic -->
<script>var pageEstablishment = "Olbia"; var estDefaultPages = true</script>
    <!--[if lt IE 9]>
        <script src="https://cdnjs.cloudflare.com/ajax/libs/html5shiv/3.7.3/html5shiv.min.js" type="text/javascript"></script>
    <![endif]--><script type="text/javascript">
$(document).ready(function() {
    // Check if exists cookie
    if(document.cookie.indexOf("cookieAccepted") < 0) {
        var cookieText = '<div id=\"cookie\"><p>This site uses cookies. Cookies are used for ads personalisation. <a href=\"/privacy-policy\">More info</a></p><button id=\"cookieConsent\" type=\"button\">Accept</button></div>';
        $("body").append($(
            cookieText
        ));
        $('#cookie').css({
            'width'           : '100%',
            'text-align'      : 'center',
            'color'           : '#FFFFFF',
            'background-color': '#000000', 
            'opacity'         : '.8', 
            'position'        : 'fixed', 
            'bottom'          : '0',
            'padding'         : '.5em 0',
            'z-index'         : '999'
        });
        $('#cookie > *').css({
            'display': 'inline'
        });
        $('#cookie a').css({
            'color'          : '#FFFFFF',
            'text-decoration': 'underline',
            'margin-right'   : '2%'
        });
        $('#cookieConsent').click(function() {
            // Set cookie
            var expiry = new Date();
            expiry.setTime(expiry.getTime() + (365 * 24 * 60 * 60 * 1000));
            document.cookie = "cookieAccepted=yes; expires=" + expiry.toGMTString() + "; path=/; domain=.spesati.com";
            $('#cookie').css({'display': 'none'});
        });
    }
});
</script></head><body><script type="text/javascript">
    var addText = "Add";
    var slider  = null;
    $(document).ready(function() {
        slider = $('#cartSlider').lightSlider({
            controls: false,
            item:13,
            loop:false,
            slideMove:1,
            easing: 'cubic-bezier(0.25, 0, 0.25, 1)',
            speed:600,
            responsive : [
                {
                    breakpoint:1400,
                    settings: {
                        item:12,
                        slideMove:1,
                    }
                },
                {
                    breakpoint:1200,
                    settings: {
                        item:11,
                        slideMove:1,
                    }
                },
                {
                    breakpoint:1080,
                    settings: {
                        item:14,
                        slideMove:1,
                    }
                },
                {
                    breakpoint:800,
                    settings: {
                        item:12,
                        slideMove:1,
                    }
                }
            ]
        });
        $('.lSPager').css("display","none");
        $('.lSAction').css("display","block");
        $('#goToPrevSlide').on('click', function () {
            slider.goToPrevSlide();
        });
        $('#goToNextSlide').on('click', function () {
            slider.goToNextSlide();
        });
    });

</script>
<div id="header" class="bgYellow">
    <header>
        <a class="menu" href="#"><i class="fa red fa-bars fa-2x"></i></a>
        <a id="logo" class="colLeft estDynamic" href="https://www.spesati.com/">
            <img src="http://cdn.spesati.com/images/layout/logo-eng.png" alt="Spesati.com" />
            <h2 class="red">Grocery Delivery</h2>
        </a>
        <div class="colRight">
            <div id="controls" class="right">
                <p id="establishmentControls">
                    <span class="establishmentWarning"><i class="fa-solid fa-triangle-exclamation red" title="Stai visualizzando i prodotti disponibili in una zona diversa. Se vuoi cambiare zona, cliccan qui"></i>&nbsp;&nbsp;</span>
                    Shopping from <b><a id="establishment" href="#"></a></b> <span id="estAddress">for </span> <a href="https://www.spesati.com/change-establishment">(<i class="fa-solid fa-pencil"></i> Change)</a> <span class="establishmentWarning">but viewing <b>Olbia</b></span>
                </p>
                <p><a href="https://www.spesati.it/scaffale/patatine-e-salatini" class="black switch-site">Versione italiana</a></p>                
            </div>
            <div>
                <form id="search" action="https://www.spesati.com/search" method="post" class="left">
                    <fieldset>
                        <div>
                            <input type="text" name="searchBox" id="searchBox" placeholder="Search for a product"></input>
                            <input id="searchButton" type="submit" name="searchButton" class="button bgRed white left" value="Find" />
                        </div>
                    </fieldset>
                </form>
                <div class="center left">
                    <a class="button bgRed white log-in" href="https://www.spesati.com/login">Login</a>
                    <a class="button bgRed white sign-up" href="https://www.spesati.com/sign-up">Sign up</a>
                    <a class="button bgRed white profile" href="https://www.spesati.com/profile">Profile</a>
                    <a class="button bgRed white log-out" href="https://www.spesati.com/logout" data-endpoint-check-cart="https://api.spesati.com/cart/check">Logout</a>
                </div>
                <div class="right user-function-icons">
                    <a class="red left account"><i class="fa fa-user fa-3x"></i></a>
                    <div id="dropdown">
                        <a class="log-in button bgRed white" href="https://www.spesati.com/login">Login</a>
                        <a class="sign-up button bgRed white" href="https://www.spesati.com/sign-up">Sign up</a>
                        <a class="profile button bgRed white" href="https://www.spesati.com/profile">Profile</a>
                        <a class="log-out button bgRed white" href="https://www.spesati.com/logout">Logout</a>
                    </div>

                    <div class="cart left">
                        <i class="fa fa-sm fa-shopping-cart red" aria-hidden="true" id="shipping-cart-button"></i>
                        <p id="cartQuantity"></p>
                    </div>

                    <a class="right" href="https://www.spesati.com/cart"><p class="black" id="cartTotal"></p></a>
                </div>
            </div>
                            <div id="previewCart">
                    <i id="goToPrevSlide" class="yellow fa fa-angle-left fa-2x" aria-hidden="true"></i>
                    <div><ul id="cartSlider"></ul></div>
                    <i id="goToNextSlide" class="yellow fa fa-angle-right fa-2x" aria-hidden="true"></i>
                </div>
                    </div>
    </header>

    <div id="shipping-cart-options" data-inited="false">
        <a href="https://www.spesati.com/cart" class="goto-cart">checkout</a>
        <a href="#" data-endpoint-auth="https://api.spesati.com/cart/save" data-endpoint-noauth="/login" class="save-cart">save</a>
        <a href="#" data-endpoint-auth="https://api.spesati.com/cart/load" class="load-cart">load</a>
    </div>
</div>
<div id="menuCategoriesMobile" class="mobile bgRed">
    <div class="closeMenu">
        <i class="fa fa-times fa-2x white"></i>
        Close
    </div>
    <ul class="bgRed white">
        <div id="langMobile" class="right">
        <a href="https://www.spesati.it/scaffale/patatine-e-salatini" class="white switch-site"><p>Versione italiana</p></a>    </div>
        <li><a>Categories</a>
            <ul class="bgWhite">
                <li>
                    <img src="http://cdn.spesati.com/images/menu/on-sale.png"/>
                    On sale                    <i class="fa fa-angle-down" aria-hidden="true"></i>
                    <ul class="sub-menu">
                    <li>
    <a href="https://www.spesati.com/tacchino-fesa-a-fette">Tacchino Fesa A Fette</a>
</li><li>
    <a href="https://www.spesati.com/amaro-montenegro-15lt">Amaro Montenegro 1,5lt</a>
</li><li>
    <a href="https://www.spesati.com/carbone-di-legna-sacco-10kg">Carbone Di Legna Sacco 10Kg</a>
</li><li>
    <a href="https://www.spesati.com/filu-e-ferru-silvio-carta-70cl">Filu E Ferru Silvio Carta 70Cl</a>
</li><li>
    <a href="https://www.spesati.com/braciole-suino-con-cotenna">Braciole Suino Con Cotenna</a>
</li><li>
    <a href="https://www.spesati.com/bovino-adulto-polpa">Bovino Adulto Polpa</a>
</li><li>
    <a href="https://www.spesati.com/vino-la-palma-cannonau-le-bombarde">Vino La Palma Cannonau Le Bombarde</a>
</li><li>
    <a href="https://www.spesati.com/fettine-sceltissime-bovino-adulto">Fettine Sceltissime Bovino Adulto</a>
</li><li>
    <a href="https://www.spesati.com/suino-fettine-scelte">Suino Fettine Scelte</a>
</li><li>
    <a href="https://www.spesati.com/lavazza-caffe-qualita-rossa-2x250gr">Lavazza Caffé Qualità Rossa 2x250gr</a>
</li>                        <li>
                            <a class="estDynamic" href="https://www.spesati.com/on-offer">All products on sale</a>
                        </li>
                    </ul>
                </li>
                <li>
                    <img src="http://cdn.spesati.com/images/menu/gift.png"/>
                    Gifts                    <i class="fa fa-angle-down" aria-hidden="true"></i>
                    <ul class="sub-menu">
                        <li>
    <a href="https://www.spesati.com/gift-card-da-150">Gift Card Da 150</a>
</li><li>
    <a href="https://www.spesati.com/gift-card-da-100">Gift Card Da 100</a>
</li><li>
    <a href="https://www.spesati.com/gift-card-da-50">Gift Card Da 50</a>
</li><li>
    <a href="https://www.spesati.com/gift-card-da-25">Gift Card Da 25</a>
</li>                        <li>
                            <a class="estDynamic" href="https://www.spesati.com/gift">All products in the gifts category</a>
                        </li>
                    </ul>
                </li>
                <li>
                    <img src="http://cdn.spesati.com/images/menu/gift-card.png"/>
                    Gift card and discounts                    <i class="fa fa-angle-down" aria-hidden="true"></i>
                    <ul class="sub-menu">
                        <li>
    <a href="https://www.spesati.com/gift-card-da-150">Gift Card Da 150</a>
</li><li>
    <a href="https://www.spesati.com/gift-card-da-100">Gift Card Da 100</a>
</li><li>
    <a href="https://www.spesati.com/gift-card-da-50">Gift Card Da 50</a>
</li><li>
    <a href="https://www.spesati.com/gift-card-da-25">Gift Card Da 25</a>
</li>                    </ul>
                </li>
                <li>
                    <img src="http://cdn.spesati.com/images/menu/fuit-and-vegetables.png"/>
                    Fruit and vegetables                    <i class="fa fa-angle-down" aria-hidden="true"></i>
                    <ul class="sub-menu">
                        <li>
                            <a class="estDynamic" href="https://www.spesati.com/fruit-and-vegetables/pulses-and-beans">Cereals and pulses and beans</a>
                        </li>
                        <li>
                            <a class="estDynamic" href="https://www.spesati.com/fruit-and-vegetables/fruit">Fruit</a>
                        </li>
                        <li>
                            <a class="estDynamic" href="https://www.spesati.com/fruit-and-vegetables/canned-fruit">Canned fruit</a>
                        </li>
                        <li>
                            <a class="estDynamic" href="https://www.spesati.com/fruit-and-vegetables/dried-fruit">Dried fruit</a>
                        </li>
                        <li>
                            <a class="estDynamic" href="https://www.spesati.com/fruit-and-vegetables/ready-salads">Ready salads</a>
                        </li>
                        <li>
                            <a class="estDynamic" href="https://www.spesati.com/fruit-and-vegetables/fresh-spices">Fresh spices</a>
                        </li>
                        <li>
                            <a class="estDynamic" href="https://www.spesati.com/fruit-and-vegetables/vegetables">Vegetables and soy</a>
                        </li>
                    </ul>
                </li>
                <li>
                    <img src="http://cdn.spesati.com/images/menu/fresh-products.png"/>
                    Fresh products                    <i class="fa fa-angle-down" aria-hidden="true"></i>
                    <ul class="sub-menu">
                        <li>
                            <a class="estDynamic" href="https://www.spesati.com/fresh-products/margarine-and-butter">Butter and margarine</a>
                        </li>
                        <li>
                            <a class="estDynamic" href="https://www.spesati.com/fresh-products/danone">Danone</a>
                        </li>
                        <li>
                            <a class="estDynamic" href="https://www.spesati.com/fresh-products/dessert">Dessert</a>
                        </li>
                        <li>
                            <a class="estDynamic" href="https://www.spesati.com/fresh-products/sweets">Sweets</a>
                        </li>
                        <li>
                            <a class="estDynamic" href="https://www.spesati.com/fresh-products/dairy-products">Dairy product</a>
                        </li>
                        <li>
                            <a class="estDynamic" href="https://www.spesati.com/fresh-products/bakery">Yeast</a>
                        </li>
                        <li>
                            <a class="estDynamic" href="https://www.spesati.com/fresh-products/mascarpone">Mascarpone</a>
                        </li>
                        <li>
                            <a class="estDynamic" href="https://www.spesati.com/fresh-products/snacks">Snacks</a>
                        </li>
                        <li>
                            <a class="estDynamic" href="https://www.spesati.com/fresh-products/mozzarella">Mozzarella</a>
                        </li>
                        <li>
                            <a class="estDynamic" href="https://www.spesati.com/fresh-products/pasta">Pasta</a>
                        </li>
                        <li>
                            <a class="estDynamic" href="https://www.spesati.com/fresh-products/pesto-and-sauces">Pesto and sauces</a>
                        </li>
                        <li>
                            <a class="estDynamic" href="https://www.spesati.com/fresh-products/ricotta-and-cheese">Ricotta and cheese</a>
                        </li>
                        <li>
                            <a class="estDynamic" href="https://www.spesati.com/fresh-products/cured-meat">Cured meat</a>
                        </li>
                        <li>
                            <a class="estDynamic" href="https://www.spesati.com/fresh-products/wurstel">Würstel</a>
                        </li>
                        <li>
                            <a class="estDynamic" href="https://www.spesati.com/fresh-products/yogurt">Yogurt</a>
                        </li>
                    </ul>
                </li>
                <li>
                    <img src="http://cdn.spesati.com/images/menu/frozen-foods.png"/>
                    Frozen foods                    <i class="fa fa-angle-down" aria-hidden="true"></i>
                    <ul class="sub-menu">
                        <li>
                            <a class="estDynamic" href="https://www.spesati.com/frozen-foods/meat">Meat</a>
                        </li>
                        <li>
                            <a class="estDynamic" href="https://www.spesati.com/frozen-foods/ice-creams">Ice cream and sweet</a>
                        </li>
                        <li>
                            <a class="estDynamic" href="https://www.spesati.com/frozen-foods/pasta">Pasta</a>
                        </li>
                        <li>
                            <a class="estDynamic" href="https://www.spesati.com/frozen-foods/fish">Fish</a>
                        </li>
                        <li>
                            <a class="estDynamic" href="https://www.spesati.com/frozen-foods/ready-meals">Ready meals</a>
                        </li>
                        <li>
                            <a class="estDynamic" href="https://www.spesati.com/frozen-foods/pizzas">Pizzas</a>
                        </li>
                        <li>
                            <a class="estDynamic" href="https://www.spesati.com/frozen-foods/vegetables">Vegetables and soy</a>
                        </li>
                    </ul>
                </li>
                <li>
                    <img src="http://cdn.spesati.com/images/menu/bread-and-pasta.png"/>
                    Bread and pasta                    <i class="fa fa-angle-down" aria-hidden="true"></i>
                    <ul class="sub-menu">
                        <li>
                            <a class="estDynamic" href="https://www.spesati.com/bread-and-pasta/crackers">Crackers</a>
                        </li>
                        <li>
                            <a class="estDynamic" href="https://www.spesati.com/bread-and-pasta/rusks">Rusks</a>
                        </li>
                        <li>
                            <a class="estDynamic" href="https://www.spesati.com/bread-and-pasta/white-bread">White bread</a>
                        </li>
                        <li>
                            <a class="estDynamic" href="https://www.spesati.com/bread-and-pasta/local-bread">Local bread</a>
                        </li>
                        <li>
                            <a class="estDynamic" href="https://www.spesati.com/bread-and-pasta/soft-bread">Soft bread</a>
                        </li>
                        <li>
                            <a class="estDynamic" href="https://www.spesati.com/bread-and-pasta/sardinian-bread">Sardinian bread</a>
                        </li>
                        <li>
                            <a class="estDynamic" href="https://www.spesati.com/bread-and-pasta/bakery">Bakery</a>
                        </li>
                        <li>
                            <a class="estDynamic" href="https://www.spesati.com/bread-and-pasta/pasta">Pasta</a>
                        </li>
                        <li>
                            <a class="estDynamic" href="https://www.spesati.com/bread-and-pasta/fresh-pasta">Fresh pasta</a>
                        </li>
                    </ul>
                </li>
                <li>
                    <img src="http://cdn.spesati.com/images/menu/meat.png"/>
                    Meat                    <i class="fa fa-angle-down" aria-hidden="true"></i>
                    <ul class="sub-menu">
                        <li>
                            <a class="estDynamic" href="https://www.spesati.com/meat/beef">Beef</a>
                        </li>
                        <li>
                            <a class="estDynamic" href="https://www.spesati.com/meat/goat">Goat</a>
                        </li>
                        <li>
                            <a class="estDynamic" href="https://www.spesati.com/meat/packaged-meat">Packaged meat</a>
                        </li>
                        <li>
                            <a class="estDynamic" href="https://www.spesati.com/meat/rabbit">Rabbit</a>
                        </li>
                        <li>
                            <a class="estDynamic" href="https://www.spesati.com/meat/horse">Horse</a>
                        </li>
                        <li>
                            <a class="estDynamic" href="https://www.spesati.com/meat/pork">Pork</a>
                        </li>
                        <li>
                            <a class="estDynamic" href="https://www.spesati.com/meat/lamb">Lamb</a>
                        </li>
                        <li>
                            <a class="estDynamic" href="https://www.spesati.com/meat/poultry">Poultry</a>
                        </li>
                    </ul>
                </li>
                <li>
                    <img src="http://cdn.spesati.com/images/menu/fish.png"/>
                    Fish                    <i class="fa fa-angle-down" aria-hidden="true"></i>
                    <ul class="sub-menu">
                        <li>
                            <a class="estDynamic" href="https://www.spesati.com/fish/fresh-water">Fresh water</a>
                        </li>
                        <li>
                            <a class="estDynamic" href="https://www.spesati.com/fish/salt-water">Salt water</a>
                        </li>
                        <li>
                            <a class="estDynamic" href="https://www.spesati.com/fish/mussels">Mussels</a>
                        </li>
                        <li>
                            <a class="estDynamic" href="https://www.spesati.com/fish/dried-and-salted">Dried and salted</a>
                        </li>
                        <li>
                            <a class="estDynamic" href="https://www.spesati.com/fish/seafood-salad">Seafood salad</a>
                        </li>
                        <li>
                            <a class="estDynamic" href="https://www.spesati.com/fish/prepared">Prepared</a>
                        </li>
                        <li>
                            <a class="estDynamic" href="https://www.spesati.com/fish/specialty">Specialty</a>
                        </li>   
                        <li>
                            <a class="estDynamic" href="https://www.spesati.com/fish/tuna-and-salmon">Tuna and salmon</a>
                        </li>
                    </ul>
                </li>
                <li>
                    <img src="http://cdn.spesati.com/images/menu/alcohol.png"/>
                    Wine beer and spirits                    <i class="fa fa-angle-down" aria-hidden="true"></i>
                    <ul class="sub-menu">
                        <li>
                            <a class="estDynamic" href="https://www.spesati.com/wine-beer-and-spirits/spirits-and-liquors">Alcohol</a>
                        </li>
                        <li>
                            <a class="estDynamic" href="https://www.spesati.com/wine-beer-and-spirits/bitters">Bitters</a>
                        </li>
                        <li>
                            <a class="estDynamic" href="https://www.spesati.com/wine-beer-and-spirits/aperatif">Aperatifs</a>
                        </li>
                        <li>
                            <a class="estDynamic" href="https://www.spesati.com/wine-beer-and-spirits/beer">Beer</a>
                        </li>
                        <li>
                            <a class="estDynamic" href="https://www.spesati.com/wine-beer-and-spirits/creams">Creams</a>
                        </li>
                        <li>
                            <a class="estDynamic" href="https://www.spesati.com/wine-beer-and-spirits/spirits">Spirits</a>
                        </li>
                        <li>
                            <a class="estDynamic" href="https://www.spesati.com/wine-beer-and-spirits/liquors">Liquors</a>
                        </li>
                        <li>
                            <a class="estDynamic" href="https://www.spesati.com/wine-beer-and-spirits/white-wine">White wine</a>
                        </li>
                        <li>
                            <a class="estDynamic" href="https://www.spesati.com/wine-beer-and-spirits/prosecco-wine">Prosecco wine</a>
                        </li>
                        <li>
                            <a class="estDynamic" href="https://www.spesati.com/wine-beer-and-spirits/rose-wine">Rose wine</a>
                        </li>
                        <li>
                            <a class="estDynamic" href="https://www.spesati.com/wine-beer-and-spirits/red-wine">Red wine</a>
                        </li>
                        <li>
                            <a class="estDynamic" href="https://www.spesati.com/wine-beer-and-spirits/specialty-wine">Special wine</a>
                        </li>
                        <li>
                            <a class="estDynamic" href="https://www.spesati.com/wine-beer-and-spirits/sparkling-wine">Sparkling wine</a>
                        </li>
                        <li>
                            <a class="estDynamic" href="https://www.spesati.com/wine-beer-and-spirits/vermentino-wine">Vermentino wine</a>
                        </li>
                    </ul>
                </li>
                <li>
                    <img src="http://cdn.spesati.com/images/menu/water-and-drinks.png"/>
                    Water and drinks                    <i class="fa fa-angle-down" aria-hidden="true"></i>
                    <ul class="sub-menu">
                        <li>
                            <a class="estDynamic" href="https://www.spesati.com/water-and-drinks/san-martino">San Martino</a>
                        </li>
                        <li>
                            <a class="estDynamic" href="https://www.spesati.com/water-and-drinks/water">Water</a>
                        </li>
                        <li>
                            <a class="estDynamic" href="https://www.spesati.com/water-and-drinks/alpro">Alpro</a>
                        </li>
                        <li>
                            <a class="estDynamic" href="https://www.spesati.com/water-and-drinks/fizzy-drinks">Fizzy drinks</a>
                        </li>
                        <li>
                            <a class="estDynamic" href="https://www.spesati.com/water-and-drinks/coca-cola">Coca-Cola</a>
                        </li>
                        <li>
                            <a class="estDynamic" href="https://www.spesati.com/water-and-drinks/energy-drink">Energy drink</a>
                        </li>
                        <li>
                            <a class="estDynamic" href="https://www.spesati.com/water-and-drinks/syrups">Syrups</a>
                        </li>
                        <li>
                            <a class="estDynamic" href="https://www.spesati.com/water-and-drinks/supplements">Supplements</a>
                        </li>
                        <li>
                            <a class="estDynamic" href="https://www.spesati.com/water-and-drinks/instant-drinks">Instant drinks</a>
                        </li>
                        <li>
                            <a class="estDynamic" href="https://www.spesati.com/water-and-drinks/juice">Juice</a>
                        </li>
                        <li>
                            <a class="estDynamic" href="https://www.spesati.com/water-and-drinks/tea">Tea</a>
                        </li>
                    </ul>
                </li>
                <li>
                    <img src="http://cdn.spesati.com/images/menu/sweets.png"/>
                    Sweets                    <i class="fa fa-angle-down" aria-hidden="true"></i>
                    <ul class="sub-menu">
                        <li>
                            <a class="estDynamic" href="https://www.spesati.com/sweets/bars-and-snacks">Bars and snacks</a>
                        </li>
                        <li>
                            <a class="estDynamic" href="https://www.spesati.com/sweets/biscuits">Biscuits</a>
                        </li>
                        <li>
                            <a class="estDynamic" href="https://www.spesati.com/sweets/brioches">Brioches</a>
                        </li>
                        <li>
                            <a class="estDynamic" href="https://www.spesati.com/sweets/candy-and-chewing-gum">Candy and chewing gum</a>
                        </li>
                        <li>
                            <a class="estDynamic" href="https://www.spesati.com/sweets/cereals">Cereals</a>
                        </li>
                        <li>
                            <a class="estDynamic" href="https://www.spesati.com/sweets/chocolate">Chocolate</a>
                        </li>
                        <li>
                            <a class="estDynamic" href="https://www.spesati.com/sweets/spreadable-creams">Spreads</a>
                        </li>
                        <li>
                            <a class="estDynamic" href="https://www.spesati.com/sweets/dessert-toppings">Dessert toppings</a>
                        </li>
                        <li>
                            <a class="estDynamic" href="https://www.spesati.com/sweets/jam">Jam</a>
                        </li>
                        <li>
                            <a class="estDynamic" href="https://www.spesati.com/sweets/honey">Honey</a>
                        </li>
                        <li>
                            <a class="estDynamic" href="https://www.spesati.com/sweets/panettoni-and-pandoro">Panettone and pandoro</a>
                        </li>
                        <li>
                            <a class="estDynamic" href="https://www.spesati.com/sweets/pastry">Pastry</a>
                        </li>
                        <li>
                            <a class="estDynamic" href="https://www.spesati.com/sweets/instant-dessert">Prepared</a>
                        </li>
                        <li>
                            <a class="estDynamic" href="https://www.spesati.com/sweets/cakes-and-pies">Cakes and pies</a>
                        </li>
                        <li>
                            <a class="estDynamic" href="https://www.spesati.com/sweets/easter-eggs-and-doves">Easter eggs and doves</a>
                        </li>
                    </ul>
                </li>
                <li>
                    <img src="http://cdn.spesati.com/images/menu/shelf.png"/>
                    Cupboard                    <i class="fa fa-angle-down" aria-hidden="true"></i>
                    <ul class="sub-menu">
                        <li>
                            <a class="estDynamic" href="https://www.spesati.com/shelf/coffee">Coffee</a>
                        </li>
                        <li>
                            <a class="estDynamic" href="https://www.spesati.com/shelf/gift-baskets">Gift baskets</a>
                        </li>
                        <li>
                            <a class="estDynamic" href="https://www.spesati.com/shelf/stock-cubes">Nuts and preparations</a>
                        </li>
                        <li>
                            <a class="estDynamic" href="https://www.spesati.com/shelf/flour-and-baking">Flour and baking</a>
                        </li>
                        <li>
                            <a class="estDynamic" href="https://www.spesati.com/shelf/milk">Milk</a>
                        </li>
                        <li>
                            <a class="estDynamic" href="https://www.spesati.com/shelf/oil-salt-vinegar">Oil, vinegar and salt</a>
                        </li>
                        <li>
                            <a class="estDynamic" href="https://www.spesati.com/shelf/cream-and-bechamel">Cream and bechamel</a>
                        </li>
                        <li>
                            <a class="estDynamic" href="https://www.spesati.com/shelf/crisps-and-pretzels">Crisps and pretzels</a>
                        </li>
                        <li>
                            <a class="estDynamic" href="https://www.spesati.com/shelf/baby-and-infants-products">Early childhood products</a>
                        </li>
                        <li>
                            <a class="estDynamic" href="https://www.spesati.com/shelf/rice">Rice</a>
                        </li>
                        <li>
                            <a class="estDynamic" href="https://www.spesati.com/shelf/tins-and-preserves">Tins and Preserves</a>
                        </li>
                        <li>
                            <a class="estDynamic" href="https://www.spesati.com/shelf/spices">Spices</a>
                        </li>
                        <li>
                            <a class="estDynamic" href="https://www.spesati.com/shelf/sauces">Sauces</a>
                        </li>
                        <li>
                            <a class="estDynamic" href="https://www.spesati.com/shelf/tea-and-infusions">Tea and infusions</a>
                        </li>
                        <li>
                            <a class="estDynamic" href="https://www.spesati.com/shelf/eggs">Eggs</a>
                        </li>
                        <li>
                            <a class="estDynamic" href="https://www.spesati.com/shelf/sugar-and-sweeteners">Sugar and sweeteners</a>
                        </li>
                    </ul>
                </li>
                <li>
                    <img src="http://cdn.spesati.com/images/menu/personal-care.png"/>
                    Personal care                    <i class="fa fa-angle-down" aria-hidden="true"></i>
                    <ul class="sub-menu">
                        <li>
                            <a class="estDynamic" href="https://www.spesati.com/personal-care/accessories-and-cotton">Accessories and cotton</a>
                        </li>
                        <li>
                            <a class="estDynamic" href="https://www.spesati.com/personal-care/feminine-care-incontinence-and-baby-diapers">Feminine incontinence and diapers</a>
                        </li>
                        <li>
                            <a class="estDynamic" href="https://www.spesati.com/personal-care/shower-gel">Shower gel</a>
                        </li>
                        <li>
                            <a class="estDynamic" href="https://www.spesati.com/personal-care/creams">Creams</a>
                        </li>
                        <li>
                            <a class="estDynamic" href="https://www.spesati.com/personal-care/deodorant">Deodorant</a>
                        </li>
                        <li>
                            <a class="estDynamic" href="https://www.spesati.com/personal-care/hair-removal">Hair removal</a>
                        </li>
                        <li>
                            <a class="estDynamic" href="https://www.spesati.com/personal-care/disinfectants">Disinfectants</a>
                        </li>
                        <li>
                            <a class="estDynamic" href="https://www.spesati.com/personal-care/oral-hygiene">Oral hygiene</a>
                        </li>
                        <li>
                            <a class="estDynamic" href="https://www.spesati.com/personal-care/supplements-and-multivitamins">Supplements and multivitamins</a>
                        </li>
                        <li>
                            <a class="estDynamic" href="https://www.spesati.com/personal-care/first-aid">First aid label</a>
                        </li>
                        <li>
                            <a class="estDynamic" href="https://www.spesati.com/personal-care/beard-products">Beard products</a>
                        </li>
                        <li>
                            <a class="estDynamic" href="https://www.spesati.com/personal-care/hairs-products">Hair products</a>
                        </li>
                        <li>
                            <a class="estDynamic" href="https://www.spesati.com/personal-care/perfume">Perfumes</a>
                        </li>
                        <li>
                            <a class="estDynamic" href="https://www.spesati.com/personal-care/wipes">Wipes</a>
                        </li>
                        <li>
                            <a class="estDynamic" href="https://www.spesati.com/personal-care/soaps-and-body-wash">Soaps and body wash</a>
                        </li>
                        <li>
                            <a class="estDynamic" href="https://www.spesati.com/personal-care/shampoo-and-conditioner">Shampoo and conditioner</a>
                        </li>
                    </ul>
                </li>
                <li>
                    <img src="http://cdn.spesati.com/images/menu/pellet-and-home.png"/>
                    Home and outdoors                    <i class="fa fa-angle-down" aria-hidden="true"></i>
                    <ul class="sub-menu">
                        <li>
                            <a class="estDynamic" href="https://www.spesati.com/household-and-outdoors/distilled-water">Distilled water</a>
                        </li>
                        <li>
                            <a class="estDynamic" href="https://www.spesati.com/household-and-outdoors/car-products">Cars</a>
                        </li>
                        <li>
                            <a class="estDynamic" href="https://www.spesati.com/household-and-outdoors/bin-bags-and-buckets">Bin bags and buckets</a>
                        </li>
                        <li>
                            <a class="estDynamic" href="https://www.spesati.com/household-and-outdoors/bleach-and-stain-removers">Bleach and stain removers</a>
                        </li>
                        <li>
                            <a class="estDynamic" href="https://www.spesati.com/household-and-outdoors/candles">Candles</a>
                        </li>
                        <li>
                            <a class="estDynamic" href="https://www.spesati.com/household-and-outdoors/kitchen-roll">Kitchen roll</a>
                        </li>
                        <li>
                            <a class="estDynamic" href="https://www.spesati.com/household-and-outdoors/air-fresheners">Air fresheners</a>
                        </li>
                        <li>
                            <a class="estDynamic" href="https://www.spesati.com/household-and-outdoors/laundry-accessories-and-detergent">Laundry detergent</a>
                        </li>
                        <li>
                            <a class="estDynamic" href="https://www.spesati.com/household-and-outdoors/dishwasher-and-washing-up">Dishwasher and washing up</a>
                        </li>
                        <li>
                            <a class="estDynamic" href="https://www.spesati.com/household-and-outdoors/gardening">Gardening</a>
                        </li>
                        <li>
                            <a class="estDynamic" href="https://www.spesati.com/household-and-outdoors/light-bulbs-and-batteries">Lightbulbs and batteries</a>
                        </li>
                        <li>
                            <a class="estDynamic" href="https://www.spesati.com/household-and-outdoors/pellet-and-bbq">Pellet and BBQ</a>
                        </li>
                        <li>
                            <a class="estDynamic" href="https://www.spesati.com/household-and-outdoors/bathroom-products">Bathroom products</a>
                        </li>
                        <li>
                            <a class="estDynamic" href="https://www.spesati.com/household-and-outdoors/home-and-furniture-products">Home and furniture products</a>
                        </li>
                        <li>
                            <a class="estDynamic" href="https://www.spesati.com/household-and-outdoors/kitchen-products">Kitchen products</a>
                        </li>
                        <li>
                            <a class="estDynamic" href="https://www.spesati.com/household-and-outdoors/window-and-floor-cleaners">Window and floor cleaner</a>
                        </li>
                        <li>
                            <a class="estDynamic" href="https://www.spesati.com/household-and-outdoors/repellents">Repellents</a>
                        </li>
                        <li>
                            <a class="estDynamic" href="https://www.spesati.com/household-and-outdoors/disposable-tableware">Disposable tableware</a>
                        </li>
                    </ul>
                </li>
                <li>
                    <img src="http://cdn.spesati.com/images/menu/animals.png"/>
                    Pets                    <i class="fa fa-angle-down" aria-hidden="true"></i>
                    <ul class="sub-menu">
                        <li>
                            <a class="estDynamic" href="https://www.spesati.com/pets/pet-food-other-animals">Other animals pet food</a>
                        </li>
                        <li>
                            <a class="estDynamic" href="https://www.spesati.com/pets/pet-food-dogs">Pet food dogs</a>
                        </li>
                        <li>
                            <a class="estDynamic" href="https://www.spesati.com/pets/pet-food-cats">Pet food cats</a>
                        </li>
                        <li>
                            <a class="estDynamic" href="https://www.spesati.com/pets/hygiene-and-cleaning">Hygiene and cleaning</a>
                        </li>
                    </ul>
                </li>
                <li>
                    <img src="http://cdn.spesati.com/images/menu/technology.png"/>
                    Technology                    <i class="fa fa-angle-down" aria-hidden="true"></i>
                    <ul class="sub-menu">
                        <li>
                            <a class="estDynamic" href="https://www.spesati.com/technology/accessories">Accessories</a>
                        </li>
                        <li>
                            <a class="estDynamic" href="https://www.spesati.com/technology/computer">Computer</a>
                        </li>
                        <li>
                            <a class="estDynamic" href="https://www.spesati.com/technology/telephones">Telephones</a>
                        </li>
                        <li>
                            <a class="estDynamic" href="https://www.spesati.com/technology/tv">TV</a>
                        </li>
                    </ul>
                </li>
                <li>
                    <img src="http://cdn.spesati.com/images/menu/gluten-free.png"/>
                    Gluten free                    <i class="fa fa-angle-down" aria-hidden="true"></i>
                    <ul class="sub-menu">
                        <li>
                            <a class="estDynamic" href="https://www.spesati.com/gluten-free/frozen-foods">Frozen foods</a>
                        </li>
                        <li>
                            <a class="estDynamic" href="https://www.spesati.com/gluten-free/beer">Beer</a>
                        </li>
                        <li>
                            <a class="estDynamic" href="https://www.spesati.com/gluten-free/sweets">Sweets</a>
                        </li>
                        <li>
                            <a class="estDynamic" href="https://www.spesati.com/gluten-free/bread-and-pasta">Bread and pasta</a>
                        </li>
                        <li>
                            <a class="estDynamic" href="https://www.spesati.com/gluten-free/shelf">Cupboard</a>
                        </li>
                    </ul>
                </li>
                <li>
                    <img src="http://cdn.spesati.com/images/menu/lactose-free.png"/>
                    Lactose free                    <i class="fa fa-angle-down" aria-hidden="true"></i>
                    <ul class="sub-menu">
                        <li>
                            <a class="estDynamic" href="https://www.spesati.com/lactose-free/frozen-foods">Frozen foods</a>
                        </li>
                        <li>
                            <a class="estDynamic" href="https://www.spesati.com/lactose-free/sweets">Sweets</a>
                        </li>
                        <li>
                            <a class="estDynamic" href="https://www.spesati.com/lactose-free/dairy-product">Dairy product</a>
                        </li>
                        <li>
                            <a class="estDynamic" href="https://www.spesati.com/lactose-free/shelf">Cupboard</a>
                        </li>
                    </ul>
                </li>
                <li>
                    <img src="http://cdn.spesati.com/images/menu/special.png"/>
                    Special                    <i class="fa fa-angle-down" aria-hidden="true"></i>
                    <ul class="sub-menu">
                        <li>
                            <a class="estDynamic" href="https://www.spesati.com/special/alpro">Alpro</a>
                        </li>
                        <li>
                            <a class="estDynamic" href="https://www.spesati.com/special/organic">Biological</a>
                        </li>
                        <li>
                            <a class="estDynamic" href="https://www.spesati.com/special/meat">Meat</a>
                        </li>
                        <li>
                            <a class="estDynamic" href="https://www.spesati.com/special/wholegrain">Wholegrain</a>
                        </li>
                        <li>
                            <a class="estDynamic" href="https://www.spesati.com/special/bread-and-pasta">Bread and pasta</a>
                        </li>
                        <li>
                            <a class="estDynamic" href="https://www.spesati.com/special/vegan">Vegan</a>
                        </li>
                    </ul>
                </li>
                <li>
                    <img src="http://cdn.spesati.com/images/menu/sardinian-products.png"/>
                    Sardinian products                    <i class="fa fa-angle-down" aria-hidden="true"></i>
                    <ul class="sub-menu">
                        <li>
                            <a class="estDynamic" href="https://www.spesati.com/sardinian-products/drinks">Drinks</a>
                        </li>
                        <li>
                            <a class="estDynamic" href="https://www.spesati.com/sardinian-products/meat">Meat</a>
                        </li>
                        <li>
                            <a class="estDynamic" href="https://www.spesati.com/sardinian-products/sweets">Sweets</a>
                        </li>
                        <li>
                            <a class="estDynamic" href="https://www.spesati.com/sardinian-products/fruit-and-vegetables">Fruit and vegetables</a>
                        </li>
                        <li>
                            <a class="estDynamic" href="https://www.spesati.com/sardinian-products/ichnusa">Ichnusa</a>
                        </li>
                        <li>
                            <a class="estDynamic" href="https://www.spesati.com/sardinian-products/dairy-product">Dairy product</a>
                        </li>
                        <li>
                            <a class="estDynamic" href="https://www.spesati.com/sardinian-products/bread-and-pasta">Bread and pasta</a>
                        </li>
                        <li>
                            <a class="estDynamic" href="https://www.spesati.com/sardinian-products/fish">Fish</a>
                        </li>
                        <li>
                            <a class="estDynamic" href="https://www.spesati.com/sardinian-products/cured-meat">Cured meat</a>
                        </li>
                        <li>
                            <a class="estDynamic" href="https://www.spesati.com/sardinian-products/shelf">Cupboard</a>
                        </li>
                        <li>
                            <a class="estDynamic" href="https://www.spesati.com/sardinian-products/vermentino-wine">Vermentino wine</a>
                        </li>
                        <li>
                            <a class="estDynamic" href="https://www.spesati.com/sardinian-products/wine-beer-and-spirits">Wine beer and spirits</a>
                        </li>
                    </ul>
                </li>
            </ul>
        </li>
        <li>
            <a href="https://www.spesati.com/about">About</a>
        </li>
        <li>
            <a href="https://www.spesati.com/faq">Faq</a>
        </li>
        <li>
            <a href="https://www.spesati.com/customer-care">Support</a>
        </li>
        <li>
            <a href="https://www.spesati.com/news">Blog</a>
        </li>
        <li>
            <a href="https://www.spesati.com/terms-and-conditions">Conditions</a>
        </li>
        <li>
            <a href="https://www.spesati.com/privacy-policy">Privacy policy</a>
        </li>
        <li>
            <a href="https://www.spesati.com/login">Login</a>
        </li>
        <li>
             <a href="https://www.spesati.com/sign-up">Sign up</a>
        </li>
    </ul>
</div><section class="first">
    <div id="menuCategories" class="colLeft">
    <ul id="main_nav" >
        <li>
            <a class="estDynamic" href="https://www.spesati.com/on-offer">
               <img src="http://cdn.spesati.com/images/menu/on-sale.png"/>
               On sale            </a>
            <i class="fa fa-angle-right" aria-hidden="true"></i>
            <ul class="sub-menu">
                <li>
    <a href="https://www.spesati.com/tacchino-fesa-a-fette" class="estDynamic">Tacchino Fesa A Fette</a>
</li><li>
    <a href="https://www.spesati.com/amaro-montenegro-15lt" class="estDynamic">Amaro Montenegro 1,5lt</a>
</li><li>
    <a href="https://www.spesati.com/carbone-di-legna-sacco-10kg" class="estDynamic">Carbone Di Legna Sacco 10Kg</a>
</li><li>
    <a href="https://www.spesati.com/filu-e-ferru-silvio-carta-70cl" class="estDynamic">Filu E Ferru Silvio Carta 70Cl</a>
</li><li>
    <a href="https://www.spesati.com/braciole-suino-con-cotenna" class="estDynamic">Braciole Suino Con Cotenna</a>
</li><li>
    <a href="https://www.spesati.com/bovino-adulto-polpa" class="estDynamic">Bovino Adulto Polpa</a>
</li><li>
    <a href="https://www.spesati.com/vino-la-palma-cannonau-le-bombarde" class="estDynamic">Vino La Palma Cannonau Le Bombarde</a>
</li><li>
    <a href="https://www.spesati.com/fettine-sceltissime-bovino-adulto" class="estDynamic">Fettine Sceltissime Bovino Adulto</a>
</li><li>
    <a href="https://www.spesati.com/suino-fettine-scelte" class="estDynamic">Suino Fettine Scelte</a>
</li><li>
    <a href="https://www.spesati.com/lavazza-caffe-qualita-rossa-2x250gr" class="estDynamic">Lavazza Caffé Qualità Rossa 2x250gr</a>
</li>                <li>
                    <a class="estDynamic" href="https://www.spesati.com/on-offer">All products on sale</a>
                </li>
            </ul>
        </li>
        <li>
            <a class="estDynamic" href="https://www.spesati.com/gift">
               <img src="http://cdn.spesati.com/images/menu/gift.png"/>
               Gifts            </a>
            <i class="fa fa-angle-right" aria-hidden="true"></i>
            <ul class="sub-menu">
                <li>
    <a href="https://www.spesati.com/gift-card-da-150" class="estDynamic">Gift Card Da 150</a>
</li><li>
    <a href="https://www.spesati.com/gift-card-da-100" class="estDynamic">Gift Card Da 100</a>
</li><li>
    <a href="https://www.spesati.com/gift-card-da-50" class="estDynamic">Gift Card Da 50</a>
</li><li>
    <a href="https://www.spesati.com/gift-card-da-25" class="estDynamic">Gift Card Da 25</a>
</li>                <li>
                    <a class="estDynamic" href="https://www.spesati.com/gift">All products in the gifts category</a>
                </li>
            </ul>
        </li>
        <li>
            <a class="estDynamic" href="https://www.spesati.com/gift-card">
               <img src="http://cdn.spesati.com/images/menu/gift-card.png"/>
               Gift card and discounts            </a>
            <i class="fa fa-angle-right" aria-hidden="true"></i>
            <ul class="sub-menu">
                <li>
    <a href="https://www.spesati.com/gift-card-da-150">Gift Card Da 150</a>
</li><li>
    <a href="https://www.spesati.com/gift-card-da-100">Gift Card Da 100</a>
</li><li>
    <a href="https://www.spesati.com/gift-card-da-50">Gift Card Da 50</a>
</li><li>
    <a href="https://www.spesati.com/gift-card-da-25">Gift Card Da 25</a>
</li>            </ul>
        </li>
        <li>
            <a class="estDynamic" href="https://www.spesati.com/fruit-and-vegetables">
               <img src="http://cdn.spesati.com/images/menu/fuit-and-vegetables.png"/>
               Fruit and vegetables           </a>
            <i class="fa fa-angle-right" aria-hidden="true"></i>
            <ul class="sub-menu">
                <li>
                    <a class="estDynamic" href="https://www.spesati.com/fruit-and-vegetables/pulses-and-beans">Cereals and pulses and beans</a>
                </li>
                <li>
                    <a class="estDynamic" href="https://www.spesati.com/fruit-and-vegetables/fruit">Fruit</a>
                </li>
                <li>
                    <a class="estDynamic" href="https://www.spesati.com/fruit-and-vegetables/canned-fruit">Canned fruit</a>
                </li>
                <li>
                    <a class="estDynamic" href="https://www.spesati.com/fruit-and-vegetables/dried-fruit">Dried fruit</a>
                </li>
                <li>
                    <a class="estDynamic" href="https://www.spesati.com/fruit-and-vegetables/ready-salads">Ready salads</a>
                </li>
                <li>
                    <a class="estDynamic" href="https://www.spesati.com/fruit-and-vegetables/fresh-spices">Fresh spices</a>
                </li>
                <li>
                    <a class="estDynamic" href="https://www.spesati.com/fruit-and-vegetables/vegetables">Vegetables and soy</a>
                </li>
            </ul>
        </li>
        <li>
            <a class="estDynamic" href="https://www.spesati.com/fresh-products">
                <img src="http://cdn.spesati.com/images/menu/fresh-products.png"/>
                Fresh products            </a>
            <i class="fa fa-angle-right" aria-hidden="true"></i>
            <ul class="sub-menu">
                <li>
                    <a class="estDynamic" href="https://www.spesati.com/fresh-products/margarine-and-butter">Butter and margarine</a>
                </li>
                <li>
                    <a class="estDynamic" href="https://www.spesati.com/fresh-products/danone">Danone</a>
                </li>
                <li>
                    <a class="estDynamic" href="https://www.spesati.com/fresh-products/dessert">Dessert</a>
                </li>
                <li>
                    <a class="estDynamic" href="https://www.spesati.com/fresh-products/sweets">Sweets</a>
                </li>
                <li>
                    <a class="estDynamic" href="https://www.spesati.com/fresh-products/dairy-products">Dairy product</a>
                </li>
                <li>
                    <a class="estDynamic" href="https://www.spesati.com/fresh-products/bakery">Yeast</a>
                </li>
                <li>
                    <a class="estDynamic" href="https://www.spesati.com/fresh-products/mascarpone">Mascarpone</a>
                </li>
                <li>
                    <a class="estDynamic" href="https://www.spesati.com/fresh-products/snacks">Snacks</a>
                </li>
                <li>
                    <a class="estDynamic" href="https://www.spesati.com/fresh-products/mozzarella">Mozzarella</a>
                </li>
                <li>
                    <a class="estDynamic" href="https://www.spesati.com/fresh-products/pasta">Pasta</a>
                </li>
                <li>
                    <a class="estDynamic" href="https://www.spesati.com/fresh-products/pesto-and-sauces">Pesto and sauces</a>
                </li>
                <li>
                    <a class="estDynamic" href="https://www.spesati.com/fresh-products/ricotta-and-cheese">Ricotta and cheese</a>
                </li>
                <li>
                    <a class="estDynamic" href="https://www.spesati.com/fresh-products/cured-meat">Cured meat</a>
                </li>
                <li>
                    <a class="estDynamic" href="https://www.spesati.com/fresh-products/wurstel">Würstel</a>
                </li>
                <li>
                    <a class="estDynamic" href="https://www.spesati.com/fresh-products/yogurt">Yogurt</a>
                </li>
            </ul>
        </li>
        <li>
            <a class="estDynamic" href="https://www.spesati.com/frozen-foods">
                <img src="http://cdn.spesati.com/images/menu/frozen-foods.png"/>
                Frozen foods            </a>
            <i class="fa fa-angle-right" aria-hidden="true"></i>
            <ul class="sub-menu">
                <li>
                    <a class="estDynamic" href="https://www.spesati.com/frozen-foods/meat">Meat</a>
                </li>
                <li>
                    <a class="estDynamic" href="https://www.spesati.com/frozen-foods/ice-creams">Ice cream and sweet</a>
                </li>
                <li>
                    <a class="estDynamic" href="https://www.spesati.com/frozen-foods/pasta">Pasta</a>
                </li>
                <li>
                    <a class="estDynamic" href="https://www.spesati.com/frozen-foods/fish">Fish</a>
                </li>
                <li>
                    <a class="estDynamic" href="https://www.spesati.com/frozen-foods/ready-meals">Ready meals</a>
                </li>
                <li>
                    <a class="estDynamic" href="https://www.spesati.com/frozen-foods/pizzas">Pizzas</a>
                </li>
                <li>
                    <a class="estDynamic" href="https://www.spesati.com/frozen-foods/vegetables">Vegetables and soy</a>
                </li>
            </ul>
        </li>
        <li>
            <a class="estDynamic" href="https://www.spesati.com/bread-and-pasta">
                <img src="http://cdn.spesati.com/images/menu/bread-and-pasta.png"/>
                Bread and pasta            </a>
            <i class="fa fa-angle-right" aria-hidden="true"></i>
            <ul class="sub-menu">
                <li>
                    <a class="estDynamic" href="https://www.spesati.com/bread-and-pasta/crackers">Crackers</a>
                </li>
                <li>
                    <a class="estDynamic" href="https://www.spesati.com/bread-and-pasta/rusks">Rusks</a>
                </li>
                <li>
                    <a class="estDynamic" href="https://www.spesati.com/bread-and-pasta/white-bread">White bread</a>
                </li>
                <li>
                    <a class="estDynamic" href="https://www.spesati.com/bread-and-pasta/local-bread">Local bread</a>
                </li>
                <li>
                    <a class="estDynamic" href="https://www.spesati.com/bread-and-pasta/soft-bread">Soft bread</a>
                </li>
                <li>
                    <a class="estDynamic" href="https://www.spesati.com/bread-and-pasta/sardinian-bread">Sardinian bread</a>
                </li>
                <li>
                    <a class="estDynamic" href="https://www.spesati.com/bread-and-pasta/bakery">Bakery</a>
                </li>
                <li>
                    <a class="estDynamic" href="https://www.spesati.com/bread-and-pasta/pasta">Pasta</a>
                </li>
                <li>
                    <a class="estDynamic" href="https://www.spesati.com/bread-and-pasta/fresh-pasta">Fresh pasta</a>
                </li>
            </ul>
        </li>
        <li>
            <a class="estDynamic" href="https://www.spesati.com/meat">
                <img src="http://cdn.spesati.com/images/menu/meat.png"/>
                Meat            </a>
            <i class="fa fa-angle-right" aria-hidden="true"></i>
            <ul class="sub-menu">
                <li>
                    <a class="estDynamic" href="https://www.spesati.com/meat/beef">Beef</a>
                </li>
                <li>
                    <a class="estDynamic" href="https://www.spesati.com/meat/goat">Goat</a>
                </li>
                <li>
                    <a class="estDynamic" href="https://www.spesati.com/meat/packaged-meat">Packaged meat</a>
                </li>
                <li>
                    <a class="estDynamic" href="https://www.spesati.com/meat/rabbit">Rabbit</a>
                </li>
                <li>
                    <a class="estDynamic" href="https://www.spesati.com/meat/horse">Horse</a>
                </li>
                <li>
                    <a class="estDynamic" href="https://www.spesati.com/meat/pork">Pork</a>
                </li>
                <li>
                    <a class="estDynamic" href="https://www.spesati.com/meat/lamb">Lamb</a>
                </li>
                <li>
                    <a class="estDynamic" href="https://www.spesati.com/meat/poultry">Poultry</a>
                </li>
            </ul>
        </li>
        <li>
            <a class="estDynamic" href="https://www.spesati.com/fish">
                <img src="http://cdn.spesati.com/images/menu/fish.png"/>
                Fish            </a>
            <i class="fa fa-angle-right" aria-hidden="true"></i>
            <ul class="sub-menu">
                <li>
                    <a class="estDynamic" href="https://www.spesati.com/fish/fresh-water">Fresh water</a>
                </li>
                <li>
                    <a class="estDynamic" href="https://www.spesati.com/fish/salt-water">Salt water</a>
                </li>
                <li>
                    <a class="estDynamic" href="https://www.spesati.com/fish/mussels">Mussels</a>
                </li>
                <li>
                    <a class="estDynamic" href="https://www.spesati.com/fish/dried-and-salted">Dried and salted</a>
                </li>
                <li>
                    <a class="estDynamic" href="https://www.spesati.com/fish/seafood-salad">Seafood salad</a>
                </li>
                <li>
                    <a class="estDynamic" href="https://www.spesati.com/fish/prepared">Prepared</a>
                </li>
                <li>
                    <a class="estDynamic" href="https://www.spesati.com/fish/specialty">Specialty</a>
                </li>   
                <li>
                    <a class="estDynamic" href="https://www.spesati.com/fish/tuna-and-salmon">Tuna and salmon</a>
                </li>
            </ul>
        </li>
        <li>
            <a class="estDynamic" href="https://www.spesati.com/wine-beer-and-spirits">
                <img src="http://cdn.spesati.com/images/menu/alcohol.png"/>
                Wine beer and spirits            </a>
            <i class="fa fa-angle-right" aria-hidden="true"></i>
            <ul class="sub-menu">
                <li>
                    <a class="estDynamic" href="https://www.spesati.com/wine-beer-and-spirits/spirits-and-liquors">Alcohol</a>
                </li>
                <li>
                    <a class="estDynamic" href="https://www.spesati.com/wine-beer-and-spirits/bitters">Bitters</a>
                </li>
                <li>
                    <a class="estDynamic" href="https://www.spesati.com/wine-beer-and-spirits/aperatif">Aperatifs</a>
                </li>
                <li>
                    <a class="estDynamic" href="https://www.spesati.com/wine-beer-and-spirits/beer">Beer</a>
                </li>
                <li>
                    <a class="estDynamic" href="https://www.spesati.com/wine-beer-and-spirits/creams">Creams</a>
                </li>
                <li>
                    <a class="estDynamic" href="https://www.spesati.com/wine-beer-and-spirits/spirits">Spirits</a>
                </li>
                <li>
                    <a class="estDynamic" href="https://www.spesati.com/wine-beer-and-spirits/liquors">Liquors</a>
                </li>
                <li>
                    <a class="estDynamic" href="https://www.spesati.com/wine-beer-and-spirits/white-wine">White wine</a>
                </li>
                <li>
                    <a class="estDynamic" href="https://www.spesati.com/wine-beer-and-spirits/prosecco-wine">Prosecco wine</a>
                </li>
                <li>
                    <a class="estDynamic" href="https://www.spesati.com/wine-beer-and-spirits/rose-wine">Rose wine</a>
                </li>
                <li>
                    <a class="estDynamic" href="https://www.spesati.com/wine-beer-and-spirits/red-wine">Red wine</a>
                </li>
                <li>
                    <a class="estDynamic" href="https://www.spesati.com/wine-beer-and-spirits/specialty-wine">Special wine</a>
                </li>
                <li>
                    <a class="estDynamic" href="https://www.spesati.com/wine-beer-and-spirits/sparkling-wine">Sparkling wine</a>
                </li>
                <li>
                    <a class="estDynamic" href="https://www.spesati.com/wine-beer-and-spirits/vermentino-wine">Vermentino wine</a>
                </li>
            </ul>
        </li>
        <li>
            <a class="estDynamic" href="https://www.spesati.com/water-and-drinks">
                <img src="http://cdn.spesati.com/images/menu/water-and-drinks.png"/>
                Water and drinks            </a>
            <i class="fa fa-angle-right" aria-hidden="true"></i>
            <ul class="sub-menu">
                <li>
                    <a class="estDynamic" href="https://www.spesati.com/water-and-drinks/san-martino">San Martino</a>
                </li>
                <li>
                    <a class="estDynamic" href="https://www.spesati.com/water-and-drinks/water">Water</a>
                </li>
                <li>
                    <a class="estDynamic" href="https://www.spesati.com/water-and-drinks/alpro">Alpro</a>
                </li>
                <li>
                    <a class="estDynamic" href="https://www.spesati.com/water-and-drinks/fizzy-drinks">Fizzy drinks</a>
                </li>
                <li>
                    <a class="estDynamic" href="https://www.spesati.com/water-and-drinks/coca-cola">Coca-Cola</a>
                </li>
                <li>
                    <a class="estDynamic" href="https://www.spesati.com/water-and-drinks/energy-drink">Energy drink</a>
                </li>
                <li>
                    <a class="estDynamic" href="https://www.spesati.com/water-and-drinks/syrups">Syrups</a>
                </li>
                <li>
                    <a class="estDynamic" href="https://www.spesati.com/water-and-drinks/supplements">Supplements</a>
                </li>
                <li>
                    <a class="estDynamic" href="https://www.spesati.com/water-and-drinks/instant-drinks">Instant drinks</a>
                </li>
                <li>
                    <a class="estDynamic" href="https://www.spesati.com/water-and-drinks/juice">Juice</a>
                </li>
                <li>
                    <a class="estDynamic" href="https://www.spesati.com/water-and-drinks/tea">Tea</a>
                </li>
            </ul>
        </li>
        <li>
            <a class="estDynamic" href="https://www.spesati.com/sweets">
                <img src="http://cdn.spesati.com/images/menu/sweets.png"/>
                Sweets            </a>
            <i class="fa fa-angle-right" aria-hidden="true"></i>
            <ul class="sub-menu">
                <li>
                    <a class="estDynamic" href="https://www.spesati.com/sweets/bars-and-snacks">Bars and snacks</a>
                </li>
                <li>
                    <a class="estDynamic" href="https://www.spesati.com/sweets/biscuits">Biscuits</a>
                </li>
                <li>
                    <a class="estDynamic" href="https://www.spesati.com/sweets/brioches">Brioches</a>
                </li>
                <li>
                    <a class="estDynamic" href="https://www.spesati.com/sweets/candy-and-chewing-gum">Candy and chewing gum</a>
                </li>
                <li>
                    <a class="estDynamic" href="https://www.spesati.com/sweets/cereals">Cereals</a>
                </li>
                <li>
                    <a class="estDynamic" href="https://www.spesati.com/sweets/chocolate">Chocolate</a>
                </li>
                <li>
                    <a class="estDynamic" href="https://www.spesati.com/sweets/spreadable-creams">Spreads</a>
                </li>
                <li>
                    <a class="estDynamic" href="https://www.spesati.com/sweets/dessert-toppings">Dessert toppings</a>
                </li>
                <li>
                    <a class="estDynamic" href="https://www.spesati.com/sweets/jam">Jam</a>
                </li>
                <li>
                    <a class="estDynamic" href="https://www.spesati.com/sweets/honey">Honey</a>
                </li>
                <li>
                    <a class="estDynamic" href="https://www.spesati.com/sweets/panettoni-and-pandoro">Panettone and pandoro</a>
                </li>
                <li>
                    <a class="estDynamic" href="https://www.spesati.com/sweets/pastry">Pastry</a>
                </li>
                <li>
                    <a class="estDynamic" href="https://www.spesati.com/sweets/instant-dessert">Prepared</a>
                </li>
                <li>
                    <a class="estDynamic" href="https://www.spesati.com/sweets/cakes-and-pies">Cakes and pies</a>
                </li>
                <li>
                    <a class="estDynamic" href="https://www.spesati.com/sweets/easter-eggs-and-doves">Easter eggs and doves</a>
                </li>
            </ul>
        </li>
        <li>
            <a class="estDynamic" href="https://www.spesati.com/shelf">
                <img src="http://cdn.spesati.com/images/menu/shelf.png"/>
                Cupboard            </a>
            <i class="fa fa-angle-right" aria-hidden="true"></i>
            <ul class="sub-menu">
                <li>
                    <a class="estDynamic" href="https://www.spesati.com/shelf/coffee">Coffee</a>
                </li>
                <li>
                    <a class="estDynamic" href="https://www.spesati.com/shelf/gift-baskets">Gift baskets</a>
                </li>
                <li>
                    <a class="estDynamic" href="https://www.spesati.com/shelf/stock-cubes">Nuts and preparations</a>
                </li>
                <li>
                    <a class="estDynamic" href="https://www.spesati.com/shelf/flour-and-baking">Flour and baking</a>
                </li>
                <li>
                    <a class="estDynamic" href="https://www.spesati.com/shelf/milk">Milk</a>
                </li>
                <li>
                    <a class="estDynamic" href="https://www.spesati.com/shelf/oil-salt-vinegar">Oil, vinegar and salt</a>
                </li>
                <li>
                    <a class="estDynamic" href="https://www.spesati.com/shelf/cream-and-bechamel">Cream and bechamel</a>
                </li>
                <li>
                    <a class="estDynamic" href="https://www.spesati.com/shelf/crisps-and-pretzels">Crisps and pretzels</a>
                </li>
                <li>
                    <a class="estDynamic" href="https://www.spesati.com/shelf/baby-and-infants-products">Early childhood products</a>
                </li>
                <li>
                    <a class="estDynamic" href="https://www.spesati.com/shelf/rice">Rice</a>
                </li>
                <li>
                    <a class="estDynamic" href="https://www.spesati.com/shelf/tins-and-preserves">Tins and Preserves</a>
                </li>
                <li>
                    <a class="estDynamic" href="https://www.spesati.com/shelf/spices">Spices</a>
                </li>
                <li>
                    <a class="estDynamic" href="https://www.spesati.com/shelf/sauces">Sauces</a>
                </li>
                <li>
                    <a class="estDynamic" href="https://www.spesati.com/shelf/tea-and-infusions">Tea and infusions</a>
                </li>
                <li>
                    <a class="estDynamic" href="https://www.spesati.com/shelf/eggs">Eggs</a>
                </li>
                <li>
                    <a class="estDynamic" href="https://www.spesati.com/shelf/sugar-and-sweeteners">Sugar and sweeteners</a>
                </li>
            </ul>
        </li>
        <li>
            <a class="estDynamic" href="https://www.spesati.com/personal-care">
                <img src="http://cdn.spesati.com/images/menu/personal-care.png"/>
                Personal care            </a>
            <i class="fa fa-angle-right" aria-hidden="true"></i>
            <ul class="sub-menu">
                <li>
                    <a class="estDynamic" href="https://www.spesati.com/personal-care/accessories-and-cotton">Accessories and cotton</a>
                </li>
                <li>
                    <a class="estDynamic" href="https://www.spesati.com/personal-care/feminine-care-incontinence-and-baby-diapers">Feminine incontinence and diapers</a>
                </li>
                <li>
                    <a class="estDynamic" href="https://www.spesati.com/personal-care/shower-gel">Shower gel</a>
                </li>
                <li>
                    <a class="estDynamic" href="https://www.spesati.com/personal-care/creams">Creams</a>
                </li>
                <li>
                    <a class="estDynamic" href="https://www.spesati.com/personal-care/deodorant">Deodorant</a>
                </li>
                <li>
                    <a class="estDynamic" href="https://www.spesati.com/personal-care/hair-removal">Hair removal</a>
                </li>
                <li>
                    <a class="estDynamic" href="https://www.spesati.com/personal-care/disinfectants">Disinfectants</a>
                </li>
                <li>
                    <a class="estDynamic" href="https://www.spesati.com/personal-care/oral-hygiene">Oral hygiene</a>
                </li>
                <li>
                    <a class="estDynamic" href="https://www.spesati.com/personal-care/supplements-and-multivitamins">Supplements and multivitamins</a>
                </li>
                <li>
                    <a class="estDynamic" href="https://www.spesati.com/personal-care/first-aid">First aid label</a>
                </li>
                <li>
                    <a class="estDynamic" href="https://www.spesati.com/personal-care/beard-products">Beard products</a>
                </li>
                <li>
                    <a class="estDynamic" href="https://www.spesati.com/personal-care/hairs-products">Hair products</a>
                </li>
                <li>
                    <a class="estDynamic" href="https://www.spesati.com/personal-care/perfume">Perfumes</a>
                </li>
                <li>
                    <a class="estDynamic" href="https://www.spesati.com/personal-care/wipes">Wipes</a>
                </li>
                <li>
                    <a class="estDynamic" href="https://www.spesati.com/personal-care/soaps-and-body-wash">Soaps and body wash</a>
                </li>
                <li>
                    <a class="estDynamic" href="https://www.spesati.com/personal-care/shampoo-and-conditioner">Shampoo and conditioner</a>
                </li>
            </ul>
        </li>
        <li>
            <a class="estDynamic" href="https://www.spesati.com/household-and-outdoors">
                <img src="http://cdn.spesati.com/images/menu/pellet-and-home.png"/>
                Home and outdoors 
            </a>
            <i class="fa fa-angle-right" aria-hidden="true"></i>
            <ul class="sub-menu">
                <li>
                    <a class="estDynamic" href="https://www.spesati.com/household-and-outdoors/distilled-water">Distilled water</a>
                </li>
                <li>
                    <a class="estDynamic" href="https://www.spesati.com/household-and-outdoors/car-products">Cars</a>
                </li>
                <li>
                    <a class="estDynamic" href="https://www.spesati.com/household-and-outdoors/bin-bags-and-buckets">Bin bags and buckets</a>
                </li>
                <li>
                    <a class="estDynamic" href="https://www.spesati.com/household-and-outdoors/bleach-and-stain-removers">Bleach and stain removers</a>
                </li>
                <li>
                    <a class="estDynamic" href="https://www.spesati.com/household-and-outdoors/candles">Candles</a>
                </li>
                <li>
                    <a class="estDynamic" href="https://www.spesati.com/household-and-outdoors/kitchen-roll">Kitchen roll</a>
                </li>
                <li>
                    <a class="estDynamic" href="https://www.spesati.com/household-and-outdoors/air-fresheners">Air fresheners</a>
                </li>
                <li>
                    <a class="estDynamic" href="https://www.spesati.com/household-and-outdoors/laundry-accessories-and-detergent">Laundry detergent</a>
                </li>
                <li>
                    <a class="estDynamic" href="https://www.spesati.com/household-and-outdoors/dishwasher-and-washing-up">Dishwasher and washing up</a>
                </li>
                <li>
                    <a class="estDynamic" href="https://www.spesati.com/household-and-outdoors/gardening">Gardening</a>
                </li>
                <li>
                    <a class="estDynamic" href="https://www.spesati.com/household-and-outdoors/light-bulbs-and-batteries">Lightbulbs and batteries</a>
                </li>
                <li>
                    <a class="estDynamic" href="https://www.spesati.com/household-and-outdoors/pellet-and-bbq">Pellet and BBQ</a>
                </li>
                <li>
                    <a class="estDynamic" href="https://www.spesati.com/household-and-outdoors/bathroom-products">Bathroom products</a>
                </li>
                <li>
                    <a class="estDynamic" href="https://www.spesati.com/household-and-outdoors/home-and-furniture-products">Home and furniture products</a>
                </li>
                <li>
                    <a class="estDynamic" href="https://www.spesati.com/household-and-outdoors/kitchen-products">Kitchen products</a>
                </li>
                <li>
                    <a class="estDynamic" href="https://www.spesati.com/household-and-outdoors/window-and-floor-cleaners">Window and floor cleaner</a>
                </li>
                <li>
                    <a class="estDynamic" href="https://www.spesati.com/household-and-outdoors/repellents">Repellents</a>
                </li>
                <li>
                    <a class="estDynamic" href="https://www.spesati.com/household-and-outdoors/disposable-tableware">Disposable tableware</a>
                </li>
            </ul>
        </li>
        <li>
            <a class="estDynamic" href="https://www.spesati.com/pet">
                <img src="http://cdn.spesati.com/images/menu/animals.png"/>
                Pets            </a>
            <i class="fa fa-angle-right" aria-hidden="true"></i>
            <ul class="sub-menu">
                <li>
                    <a class="estDynamic" href="https://www.spesati.com/pets/pet-food-other-animals">Other animals pet food</a>
                </li>
                <li>
                    <a class="estDynamic" href="https://www.spesati.com/pets/pet-food-dogs">Pet food dogs</a>
                </li>
                <li>
                    <a class="estDynamic" href="https://www.spesati.com/pets/pet-food-cats">Pet food cats</a>
                </li>
                <li>
                    <a class="estDynamic" href="https://www.spesati.com/pets/hygiene-and-cleaning">Hygiene and cleaning</a>
                </li>
            </ul>
        </li>
        <li>
            <a class="estDynamic" href="https://www.spesati.com/technology">
                <img src="http://cdn.spesati.com/images/menu/technology.png"/>
                Technology            </a>
            <i class="fa fa-angle-right" aria-hidden="true"></i>
            <ul class="sub-menu">
                <li>
                    <a class="estDynamic" href="https://www.spesati.com/technology/accessories">Accessories</a>
                </li>
                <li>
                    <a class="estDynamic" href="https://www.spesati.com/technology/computer">Computer</a>
                </li>
                <li>
                    <a class="estDynamic" href="https://www.spesati.com/technology/telephones">Telephones</a>
                </li>
                <li>
                    <a class="estDynamic" href="https://www.spesati.com/technology/tv">TV</a>
                </li>
            </ul>
        </li>
        <li>
            <a class="estDynamic" href="https://www.spesati.com/gluten-free">
                <img src="http://cdn.spesati.com/images/menu/gluten-free.png"/>
                Gluten free            </a>
            <i class="fa fa-angle-right" aria-hidden="true"></i>
            <ul class="sub-menu">
                <li>
                    <a class="estDynamic" href="https://www.spesati.com/gluten-free/frozen-foods">Frozen foods</a>
                </li>
                <li>
                    <a class="estDynamic" href="https://www.spesati.com/gluten-free/beer">Beer</a>
                </li>
                <li>
                    <a class="estDynamic" href="https://www.spesati.com/gluten-free/sweets">Sweets</a>
                </li>
                <li>
                    <a class="estDynamic" href="https://www.spesati.com/gluten-free/bread-and-pasta">Bread and pasta</a>
                </li>
                <li>
                    <a class="estDynamic" href="https://www.spesati.com/gluten-free/shelf">Cupboard</a>
                </li>
            </ul>
        </li>
        <li>
            <a class="estDynamic" href="https://www.spesati.com/lactose-free">
                <img src="http://cdn.spesati.com/images/menu/lactose-free.png"/>
                Lactose free            </a>
            <i class="fa fa-angle-right" aria-hidden="true"></i>
            <ul class="sub-menu">
                <li>
                    <a class="estDynamic" href="https://www.spesati.com/lactose-free/frozen-foods">Frozen foods</a>
                </li>
                <li>
                    <a class="estDynamic" href="https://www.spesati.com/lactose-free/sweets">Sweets</a>
                </li>
                <li>
                    <a class="estDynamic" href="https://www.spesati.com/lactose-free/dairy-product">Dairy product</a>
                </li>
                <li>
                    <a class="estDynamic" href="https://www.spesati.com/lactose-free/shelf">Cupboard</a>
                </li>
            </ul>
        </li>
        <li>
            <a class="estDynamic" href="https://www.spesati.com/special">
                <img src="http://cdn.spesati.com/images/menu/special.png"/>
                Special            </a>
            <i class="fa fa-angle-right" aria-hidden="true"></i>
            <ul class="sub-menu">
                <li>
                    <a class="estDynamic" href="https://www.spesati.com/special/alpro">Alpro</a>
                </li>
                <li>
                    <a class="estDynamic" href="https://www.spesati.com/special/organic">Biological</a>
                </li>
                <li>
                    <a class="estDynamic" href="https://www.spesati.com/special/meat">Meat</a>
                </li>
                <li>
                    <a class="estDynamic" href="https://www.spesati.com/special/wholegrain">Wholegrain</a>
                </li>
                <li>
                    <a class="estDynamic" href="https://www.spesati.com/special/bread-and-pasta">Bread and pasta</a>
                </li>
                <li>
                    <a class="estDynamic" href="https://www.spesati.com/special/vegan">Vegan</a>
                </li>
            </ul>
        </li>
        <li>
            <a class="estDynamic" href="https://www.spesati.com/sardinian-products">
                <img src="http://cdn.spesati.com/images/menu/sardinian-products.png"/>
                Sardinian products            </a>
            <i class="fa fa-angle-right" aria-hidden="true"></i>
            <ul class="sub-menu">
                <li>
                    <a class="estDynamic" href="https://www.spesati.com/sardinian-products/drinks">Drinks</a>
                </li>
                <li>
                    <a class="estDynamic" href="https://www.spesati.com/sardinian-products/meat">Meat</a>
                </li>
                <li>
                    <a class="estDynamic" href="https://www.spesati.com/sardinian-products/sweets">Sweets</a>
                </li>
                <li>
                    <a class="estDynamic" href="https://www.spesati.com/sardinian-products/fruit-and-vegetables">Fruit and vegetables</a>
                </li>
                <li>
                    <a class="estDynamic" href="https://www.spesati.com/sardinian-products/ichnusa">Ichnusa</a>
                </li>
                <li>
                    <a class="estDynamic" href="https://www.spesati.com/sardinian-products/dairy-product">Dairy product</a>
                </li>
                <li>
                    <a class="estDynamic" href="https://www.spesati.com/sardinian-products/bread-and-pasta">Bread and pasta</a>
                </li>
                <li>
                    <a class="estDynamic" href="https://www.spesati.com/sardinian-products/fish">Fish</a>
                </li>
                <li>
                    <a class="estDynamic" href="https://www.spesati.com/sardinian-products/cured-meat">Cured meat</a>
                </li>
                <li>
                    <a class="estDynamic" href="https://www.spesati.com/sardinian-products/shelf">Cupboard</a>
                </li>
                <li>
                    <a class="estDynamic" href="https://www.spesati.com/sardinian-products/vermentino-wine">Vermentino wine</a>
                </li>
                <li>
                    <a class="estDynamic" href="https://www.spesati.com/sardinian-products/wine-beer-and-spirits">Wine beer and spirits</a>
                </li>
            </ul>
        </li>
    </ul>
</div>    <div class="colRight">
        <div class="title mobile">
	<a href="https://www.spesati.com/shelf"><i class="fa red fa-angle-left fa-3x mobile" aria-hidden="true"></i></a>
	<h2>
		<b>
			crisps and pretzels		</b>
	</h2>
</div>

<div class="breadcrumb bgGrey internal">
	<p>
		<b>
			<a href="https://www.spesati.com/">Home</a>
												&gt; <a href="https://www.spesati.com/shelf">Cupboard</a>
																&gt; Crisps and pretzels									</b>
	</p>
	<div>
		<p>Order by</p>
		<select name="orderProd" id="orderProd">
			<option disabled="disabled" selected="selected">- Choose -</option>
			<option value="nameAsc">Name (A - Z)</option>
			<option value="nameDes">Name (Z - A)</option>
			<option value="priceHigh">Price - High to low</option>
			<option value="priceLow">Price - Low to high</option>
			<option value="soldAsc">Best Selling</option>
			<option value="available">Availability</option>
		</select>
	</div>
</div>
        <div class="containerProduct">
            <script type='text/javascript'>var track = '{"event":"ViewContent", "type":"category", "id":"Scaffale", "subids":["Patatine","Salatini"], "url":"https://www.spesati.com/shelf/crisps-and-pretzels"}';</script>
<script>
gtag('event', 'select_content', {content_type: 'category', item_id: 'Scaffale'});gtag('event', 'select_content', {content_type: 'category', item_id: 'Patatine'});gtag('event', 'select_content', {content_type: 'category', item_id: 'Salatini'});
</script>
<div class="left product prod1"
        data-name="Salatini Mix Gecchele 500Gr"
        data-price="2.89"
        data-id="6681"
        data-available="yes"
        data-category="3446"
        data-bestselling="">
    <a href="https://www.spesati.com/salatini-mix-gecchele-500gr">
        <div style="background-image: url('https://cdn.spesati.com/images/products/111645/salatini-mix-gecchele-01.jpg')">
            <div class="hover"></div>
            
            <div class="stickers"></div>
        </div>
    </a>
    <div>
        <h4><a href="https://www.spesati.com/salatini-mix-gecchele-500gr"><b>Salatini Mix Gecchele 500Gr</b></a></h4>
        <p class="description">0.5 Kg</p>
        <p class="right price"><b>2.89 €</b></p>
        <p class="right unitPrice">5.78 € per kg</p>
    </div>
    <div class="contButton">
    <a class="button bgRed white addToCart" href="#">Add</a>
</div>
</div><div class="left product prod2"
        data-name="Salsa Poke Kikkoman 250ml"
        data-price="7.05"
        data-id="70521"
        data-available="yes"
        data-category="2392"
        data-bestselling="">
    <a href="https://www.spesati.com/salsa-poke-kikkoman-250ml">
        <div style="background-image: url('https://cdn.spesati.com/images/products/000650409/kikkoman-poke-sauce-250-ml-01.png')">
            <div class="hover"></div>
            
            <div class="stickers"></div>
        </div>
    </a>
    <div>
        <h4><a href="https://www.spesati.com/salsa-poke-kikkoman-250ml"><b>Salsa Poke Kikkoman 250ml</b></a></h4>
        <p class="description">Kikkoman Poke Sauce 250 ml</p>
        <p class="right price"><b>7.05 €</b></p>
        <p class="right unitPrice">28.20 € per litre</p>
    </div>
    <div class="contButton">
    <a class="button bgRed white addToCart" href="#">Add</a>
</div>
</div><div class="left product prod3"
        data-name="Nacho Chips S Maria 185gr"
        data-price="3.69"
        data-id="34745"
        data-available="yes"
        data-category="2392"
        data-bestselling="">
    <a href="https://www.spesati.com/nacho-chips-s-maria-185gr">
        <div style="background-image: url('https://cdn.spesati.com/images/products/000650353/santa-maria-nacho-chips-original-185-g-01.png')">
            <div class="hover"></div>
            
            <div class="stickers"></div>
        </div>
    </a>
    <div>
        <h4><a href="https://www.spesati.com/nacho-chips-s-maria-185gr"><b>Nacho Chips S Maria 185gr</b></a></h4>
        <p class="description">Santa Maria Nacho Chips Original 185 g</p>
        <p class="right price"><b>3.69 €</b></p>
        <p class="right unitPrice">19.95 € per kg</p>
    </div>
    <div class="contButton">
    <a class="button bgRed white addToCart" href="#">Add</a>
</div>
</div><div class="left product prod4"
        data-name="Tortilla Chips Chili Santa Maria 185 Gr"
        data-price="4.19"
        data-id="5698"
        data-available="yes"
        data-category="2392"
        data-bestselling="">
    <a href="https://www.spesati.com/tortilla-chips-chili-santa-maria-185-gr">
        <div style="background-image: url('https://cdn.spesati.com/images/products/000650352/santa-maria-tortilla-chips-chili-185-g-01.png')">
            <div class="hover"></div>
            
            <div class="stickers"></div>
        </div>
    </a>
    <div>
        <h4><a href="https://www.spesati.com/tortilla-chips-chili-santa-maria-185-gr"><b>Tortilla Chips Chili Santa Maria 185 Gr</b></a></h4>
        <p class="description">Santa Maria Tortilla Chips Chili 185 g</p>
        <p class="right price"><b>4.19 €</b></p>
        <p class="right unitPrice">22.65 € per kg</p>
    </div>
    <div class="contButton">
    <a class="button bgRed white addToCart" href="#">Add</a>
</div>
</div><div class="left product prod5"
        data-name="Chili Carne Santa Maria 410gr"
        data-price="5.55"
        data-id="70515"
        data-available="yes"
        data-category="2392"
        data-bestselling="">
    <a href="https://www.spesati.com/chili-carne-santa-maria-410gr">
        <div style="background-image: url('https://cdn.spesati.com/images/products/000650351/santa-maria-mexican-style-chili-con-carne-medium-410-g-01.png')">
            <div class="hover"></div>
            
            <div class="stickers"></div>
        </div>
    </a>
    <div>
        <h4><a href="https://www.spesati.com/chili-carne-santa-maria-410gr"><b>Chili Carne Santa Maria 410gr</b></a></h4>
        <p class="description">Santa Maria Mexican style Chili con Carne Medium 410 g</p>
        <p class="right price"><b>5.55 €</b></p>
        <p class="right unitPrice">13.53 € per kg</p>
    </div>
    <div class="contButton">
    <a class="button bgRed white addToCart" href="#">Add</a>
</div>
</div><div class="left product prod6"
        data-name="Tortillas Chips Salted Santa Maria 185Gr"
        data-price="2.95"
        data-id="5699"
        data-available="yes"
        data-category="2392"
        data-bestselling="">
    <a href="https://www.spesati.com/tortillas-chips-salted-santa-maria-185gr">
        <div style="background-image: url('https://cdn.spesati.com/images/products/000650347/santa-maria-tortilla-chips-salted-185-g-01.png')">
            <div class="hover"></div>
            
            <div class="stickers"></div>
        </div>
    </a>
    <div>
        <h4><a href="https://www.spesati.com/tortillas-chips-salted-santa-maria-185gr"><b>Tortillas Chips Salted Santa Maria 185Gr</b></a></h4>
        <p class="description">Santa Maria Tortilla Chips Salted 185 g</p>
        <p class="right price"><b>2.95 €</b></p>
        <p class="right unitPrice">15.95 € per kg</p>
    </div>
    <div class="contButton">
    <a class="button bgRed white addToCart" href="#">Add</a>
</div>
</div><div class="left product prod7"
        data-name="Patatina Lay's Bacon 133gr"
        data-price="1.79"
        data-id="34323"
        data-available="yes"
        data-category="2392"
        data-bestselling="1">
    <a href="https://www.spesati.com/patatina-lays-bacon-133gr">
        <div style="background-image: url('https://cdn.spesati.com/images/products/000510046/lays-gusto-bacon-133-g-01.png')">
            <div class="hover"></div>
            <p class="arrow bgRed white">Best Seller</p>
            <div class="stickers"></div>
        </div>
    </a>
    <div>
        <h4><a href="https://www.spesati.com/patatina-lays-bacon-133gr"><b>Patatina Lay's Bacon 133gr</b></a></h4>
        <p class="description">Lay's Gusto Bacon 133 g</p>
        <p class="right price"><b>1.79 €</b></p>
        <p class="right unitPrice">13.45 € per kg</p>
    </div>
    <div class="contButton">
    <a class="button bgRed white addToCart" href="#">Add</a>
</div>
</div><div class="left product prod8"
        data-name="Patatina Lay's Campagnola 133g"
        data-price="1.79"
        data-id="33877"
        data-available="yes"
        data-category="2392"
        data-bestselling="">
    <a href="https://www.spesati.com/patatina-lays-campagnola-133g">
        <div style="background-image: url('https://cdn.spesati.com/images/products/000503249/lays-ricetta-campagnola-133-g-01.png')">
            <div class="hover"></div>
            
            <div class="stickers"></div>
        </div>
    </a>
    <div>
        <h4><a href="https://www.spesati.com/patatina-lays-campagnola-133g"><b>Patatina Lay's Campagnola 133g</b></a></h4>
        <p class="description">Lay's Ricetta Campagnola 133 g</p>
        <p class="right price"><b>1.79 €</b></p>
        <p class="right unitPrice">13.45 € per kg</p>
    </div>
    <div class="contButton">
    <a class="button bgRed white addToCart" href="#">Add</a>
</div>
</div><div class="left product prod9"
        data-name="Yonkers Saiwa 30g 40p"
        data-price="1.13"
        data-id="33850"
        data-available="yes"
        data-category="2392"
        data-bestselling="">
    <a href="https://www.spesati.com/yonkers-saiwa-30g-40p">
        <div style="background-image: url('https://cdn.spesati.com/images/products/000502330/yonkers-snack-al-formaggio-30g-01.png')">
            <div class="hover"></div>
            
            <div class="stickers"></div>
        </div>
    </a>
    <div>
        <h4><a href="https://www.spesati.com/yonkers-saiwa-30g-40p"><b>Yonkers Saiwa 30g 40p</b></a></h4>
        <p class="description">Yonkers Snack al Formaggio - 30g</p>
        <p class="right price"><b>1.13 €</b></p>
        <p class="right unitPrice">37.79 € per kg</p>
    </div>
    <div class="contButton">
    <a class="button bgRed white addToCart" href="#">Add</a>
</div>
</div><div class="left product prod10"
        data-name="Fonzies Saiwa 100gr"
        data-price="1.65"
        data-id="33849"
        data-available="yes"
        data-category="2392"
        data-bestselling="">
    <a href="https://www.spesati.com/fonzies-saiwa-100gr">
        <div style="background-image: url('https://cdn.spesati.com/images/products/000502324/fonzies-gli-originali-croccantini-di-mais-al-formaggio-100g-01.png')">
            <div class="hover"></div>
            
            <div class="stickers"></div>
        </div>
    </a>
    <div>
        <h4><a href="https://www.spesati.com/fonzies-saiwa-100gr"><b>Fonzies Saiwa 100gr</b></a></h4>
        <p class="description">Fonzies Gli Originali Croccantini di Mais al Formaggio - 100g</p>
        <p class="right price"><b>1.65 €</b></p>
        <p class="right unitPrice">16.50 € per kg</p>
    </div>
    <div class="contButton">
    <a class="button bgRed white addToCart" href="#">Add</a>
</div>
</div><div class="left product prod11"
        data-name="Fonzies Saiwa 40gr Stripes"
        data-price="1.17"
        data-id="33848"
        data-available="yes"
        data-category="2392"
        data-bestselling="">
    <a href="https://www.spesati.com/fonzies-saiwa-40gr-stripes">
        <div style="background-image: url('https://cdn.spesati.com/images/products/000502322/fonzies-gli-originali-croccantini-di-mais-al-formaggio-40g-01.png')">
            <div class="hover"></div>
            
            <div class="stickers"></div>
        </div>
    </a>
    <div>
        <h4><a href="https://www.spesati.com/fonzies-saiwa-40gr-stripes"><b>Fonzies Saiwa 40gr Stripes</b></a></h4>
        <p class="description">Fonzies Gli Originali Croccantini di Mais al Formaggio - 40g</p>
        <p class="right price"><b>1.17 €</b></p>
        <p class="right unitPrice">29.16 € per kg</p>
    </div>
    <div class="contButton">
    <a class="button bgRed white addToCart" href="#">Add</a>
</div>
</div><div class="left product prod12"
        data-name="Yonkers Multipack"
        data-price="3.35"
        data-id="3022"
        data-available="yes"
        data-category="2392"
        data-bestselling="2">
    <a href="https://www.spesati.com/yonkers-multipack">
        <div style="background-image: url('https://cdn.spesati.com/images/products/000501978/yonkers-snack-al-formaggio-multipack-8-bustine-120g-01.png')">
            <div class="hover"></div>
            <p class="arrow bgRed white">Best Seller</p>
            <div class="stickers"></div>
        </div>
    </a>
    <div>
        <h4><a href="https://www.spesati.com/yonkers-multipack"><b>Yonkers Multipack</b></a></h4>
        <p class="description">Yonkers snack al Formaggio Multipack 8 Bustine - 120g</p>
        <p class="right price"><b>3.35 €</b></p>
        <p class="right unitPrice">27.92 € per kg</p>
    </div>
    <div class="contButton">
    <a class="button bgRed white addToCart" href="#">Add</a>
</div>
</div><div class="left product prod13"
        data-name="Yonkers Saiwa 100gr"
        data-price="2.09"
        data-id="33830"
        data-available="yes"
        data-category="2392"
        data-bestselling="">
    <a href="https://www.spesati.com/yonkers-saiwa-100gr">
        <div style="background-image: url('https://cdn.spesati.com/images/products/000501976/yonkers-snack-al-formaggio-100g-01.png')">
            <div class="hover"></div>
            
            <div class="stickers"></div>
        </div>
    </a>
    <div>
        <h4><a href="https://www.spesati.com/yonkers-saiwa-100gr"><b>Yonkers Saiwa 100gr</b></a></h4>
        <p class="description">Yonkers snack al Formaggio - 100g</p>
        <p class="right price"><b>2.09 €</b></p>
        <p class="right unitPrice">20.90 € per kg</p>
    </div>
    <div class="contButton">
    <a class="button bgRed white addToCart" href="#">Add</a>
</div>
</div><div class="left product prod14"
        data-name="Patat Amica Chips Class 450gr"
        data-price="4.35"
        data-id="75704"
        data-available="yes"
        data-category="2392"
        data-bestselling="">
    <a href="https://www.spesati.com/patat-amica-chips-class-450gr">
        <div style="background-image: url('https://cdn.spesati.com/images/products/000472684/amica-chips-patatina-classica-450-g-01.png')">
            <div class="hover"></div>
            
            <div class="stickers"></div>
        </div>
    </a>
    <div>
        <h4><a href="https://www.spesati.com/patat-amica-chips-class-450gr"><b>Patat Amica Chips Class 450gr</b></a></h4>
        <p class="description">Amica Chips Patatina Classica 450 g</p>
        <p class="right price"><b>4.35 €</b></p>
        <p class="right unitPrice">9.66 € per kg</p>
    </div>
    <div class="contButton">
    <a class="button bgRed white addToCart" href="#">Add</a>
</div>
</div><div class="left product prod15"
        data-name="Patat Amica Chips Lime Pep 50g"
        data-price="1.17"
        data-id="87209"
        data-available="yes"
        data-category="2392"
        data-bestselling="">
    <a href="https://www.spesati.com/patat-amica-chips-lime-pep-50g">
        <div style="background-image: url('https://cdn.spesati.com/images/products/000437456/amica-chips-patatina-gusto-pepelime-50-g-01.png')">
            <div class="hover"></div>
            
            <div class="stickers"></div>
        </div>
    </a>
    <div>
        <h4><a href="https://www.spesati.com/patat-amica-chips-lime-pep-50g"><b>Patat Amica Chips Lime Pep 50g</b></a></h4>
        <p class="description">Amica Chips Patatina gusto Pepelime 50 g</p>
        <p class="right price"><b>1.17 €</b></p>
        <p class="right unitPrice">23.50 € per kg</p>
    </div>
    <div class="contButton">
    <a class="button bgRed white addToCart" href="#">Add</a>
</div>
</div><div class="left product prod16"
        data-name="Patat Amica Chips Lim Bas 50gr"
        data-price="1.17"
        data-id="87203"
        data-available="yes"
        data-category="2392"
        data-bestselling="">
    <a href="https://www.spesati.com/patat-amica-chips-lim-bas-50gr">
        <div style="background-image: url('https://cdn.spesati.com/images/products/000437454/amica-chips-gusto-limone-e-basilico-50-g-01.png')">
            <div class="hover"></div>
            
            <div class="stickers"></div>
        </div>
    </a>
    <div>
        <h4><a href="https://www.spesati.com/patat-amica-chips-lim-bas-50gr"><b>Patat Amica Chips Lim Bas 50gr</b></a></h4>
        <p class="description">Amica Chips gusto Limone e Basilico 50 g</p>
        <p class="right price"><b>1.17 €</b></p>
        <p class="right unitPrice">23.50 € per kg</p>
    </div>
    <div class="contButton">
    <a class="button bgRed white addToCart" href="#">Add</a>
</div>
</div><div class="left product prod17"
        data-name="Snack Amica C Wonder Cor 125gr"
        data-price="1.25"
        data-id="59403"
        data-available="yes"
        data-category="2392"
        data-bestselling="">
    <a href="https://www.spesati.com/snack-amica-c-wonder-cor-125gr">
        <div style="background-image: url('https://cdn.spesati.com/images/products/000437358/amica-chips-cornetto-di-mais-gusto-formaggio-125-g-01.png')">
            <div class="hover"></div>
            
            <div class="stickers"></div>
        </div>
    </a>
    <div>
        <h4><a href="https://www.spesati.com/snack-amica-c-wonder-cor-125gr"><b>Snack Amica C Wonder Cor 125gr</b></a></h4>
        <p class="description">Amica Chips Cornetto di mais gusto Formaggio 125 g</p>
        <p class="right price"><b>1.25 €</b></p>
        <p class="right unitPrice">9.61 € per kg</p>
    </div>
    <div class="contButton">
    <a class="button bgRed white addToCart" href="#">Add</a>
</div>
</div><div class="left product prod18"
        data-name="Pringles Hot & Spicy 175gr"
        data-price="3.39"
        data-id="59394"
        data-available="yes"
        data-category="2392"
        data-bestselling="">
    <a href="https://www.spesati.com/pringles-hot-spicy-175gr">
        <div style="background-image: url('https://cdn.spesati.com/images/products/000437342/pringles-hot-spicy-175-g-01.png')">
            <div class="hover"></div>
            
            <div class="stickers"></div>
        </div>
    </a>
    <div>
        <h4><a href="https://www.spesati.com/pringles-hot-spicy-175gr"><b>Pringles Hot & Spicy 175gr</b></a></h4>
        <p class="description">Pringles Hot & Spicy 175 g</p>
        <p class="right price"><b>3.39 €</b></p>
        <p class="right unitPrice">18.83 € per kg</p>
    </div>
    <div class="contButton">
    <a class="button bgRed white addToCart" href="#">Add</a>
</div>
</div><div class="left product prod19"
        data-name="Pringles Cream & Onion 175gr"
        data-price="3.39"
        data-id="59391"
        data-available="yes"
        data-category="2392"
        data-bestselling="">
    <a href="https://www.spesati.com/pringles-cream-onion-175gr">
        <div style="background-image: url('https://cdn.spesati.com/images/products/000437341/pringles-sour-cream-onion-175-g-01.png')">
            <div class="hover"></div>
            
            <div class="stickers"></div>
        </div>
    </a>
    <div>
        <h4><a href="https://www.spesati.com/pringles-cream-onion-175gr"><b>Pringles Cream & Onion 175gr</b></a></h4>
        <p class="description">Pringles Sour Cream & Onion 175 g</p>
        <p class="right price"><b>3.39 €</b></p>
        <p class="right unitPrice">18.83 € per kg</p>
    </div>
    <div class="contButton">
    <a class="button bgRed white addToCart" href="#">Add</a>
</div>
</div><div class="left product prod20"
        data-name="Pringles Paprika 175gr"
        data-price="3.39"
        data-id="59388"
        data-available="yes"
        data-category="2392"
        data-bestselling="">
    <a href="https://www.spesati.com/pringles-paprika-175gr">
        <div style="background-image: url('https://cdn.spesati.com/images/products/000437340/pringles-paprika-175-g-01.png')">
            <div class="hover"></div>
            
            <div class="stickers"></div>
        </div>
    </a>
    <div>
        <h4><a href="https://www.spesati.com/pringles-paprika-175gr"><b>Pringles Paprika 175gr</b></a></h4>
        <p class="description">Pringles Paprika 175 g</p>
        <p class="right price"><b>3.39 €</b></p>
        <p class="right unitPrice">18.83 € per kg</p>
    </div>
    <div class="contButton">
    <a class="button bgRed white addToCart" href="#">Add</a>
</div>
</div><div class="left product prod21"
        data-name="Pringles Original 175gr"
        data-price="3.39"
        data-id="59385"
        data-available="yes"
        data-category="2392"
        data-bestselling="">
    <a href="https://www.spesati.com/pringles-original-175gr">
        <div style="background-image: url('https://cdn.spesati.com/images/products/000437339/pringles-original-175-g-01.png')">
            <div class="hover"></div>
            
            <div class="stickers"></div>
        </div>
    </a>
    <div>
        <h4><a href="https://www.spesati.com/pringles-original-175gr"><b>Pringles Original 175gr</b></a></h4>
        <p class="description">Pringles Original 175 g</p>
        <p class="right price"><b>3.39 €</b></p>
        <p class="right unitPrice">18.83 € per kg</p>
    </div>
    <div class="contButton">
    <a class="button bgRed white addToCart" href="#">Add</a>
</div>
</div><div class="left product prod22"
        data-name="Pringles Cr&onion 70gr"
        data-price="1.82"
        data-id="26604"
        data-available="yes"
        data-category="2392"
        data-bestselling="">
    <a href="https://www.spesati.com/pringles-cronion-70gr">
        <div style="background-image: url('https://cdn.spesati.com/images/products/000117391/pringles-sour-cream-onion-70-g-01.png')">
            <div class="hover"></div>
            
            <div class="stickers"></div>
        </div>
    </a>
    <div>
        <h4><a href="https://www.spesati.com/pringles-cronion-70gr"><b>Pringles Cr&onion 70gr</b></a></h4>
        <p class="description">Pringles Sour Cream & Onion 70 g</p>
        <p class="right price"><b>1.82 €</b></p>
        <p class="right unitPrice">25.93 € per kg</p>
    </div>
    <div class="contButton">
    <a class="button bgRed white addToCart" href="#">Add</a>
</div>
</div><div class="left product prod23"
        data-name="Pringles Paprika 70Gr"
        data-price="1.89"
        data-id="7034"
        data-available="yes"
        data-category="2392"
        data-bestselling="2">
    <a href="https://www.spesati.com/pringles-paprika-70gr">
        <div style="background-image: url('https://cdn.spesati.com/images/products/000117390/pringles-paprika-70-g-01.png')">
            <div class="hover"></div>
            <p class="arrow bgRed white">Best Seller</p>
            <div class="stickers"></div>
        </div>
    </a>
    <div>
        <h4><a href="https://www.spesati.com/pringles-paprika-70gr"><b>Pringles Paprika 70Gr</b></a></h4>
        <p class="description">Pringles Paprika 70 g</p>
        <p class="right price"><b>1.89 €</b></p>
        <p class="right unitPrice">26.99 € per kg</p>
    </div>
    <div class="contButton">
    <a class="button bgRed white addToCart" href="#">Add</a>
</div>
</div><div class="left product prod24"
        data-name="Pringles Original 70Gr"
        data-price="1.89"
        data-id="7035"
        data-available="yes"
        data-category="2392"
        data-bestselling="">
    <a href="https://www.spesati.com/pringles-original-70gr">
        <div style="background-image: url('https://cdn.spesati.com/images/products/000117389/pringles-original-70-g-01.png')">
            <div class="hover"></div>
            
            <div class="stickers"></div>
        </div>
    </a>
    <div>
        <h4><a href="https://www.spesati.com/pringles-original-70gr"><b>Pringles Original 70Gr</b></a></h4>
        <p class="description">Pringles Original 70 g</p>
        <p class="right price"><b>1.89 €</b></p>
        <p class="right unitPrice">26.99 € per kg</p>
    </div>
    <div class="contButton">
    <a class="button bgRed white addToCart" href="#">Add</a>
</div>
</div><div class="left product prod25"
        data-name="Cameo Salatini Sticks 100Gr"
        data-price="1.19"
        data-id="4388"
        data-available="yes"
        data-category="3446"
        data-bestselling="">
    <a href="https://www.spesati.com/cameo-salatini-sticks-100gr">
        <div style="background-image: url('https://cdn.spesati.com/images/products/000116072/cameo-snack-friends-sticks-100-g-01.png')">
            <div class="hover"></div>
            
            <div class="stickers"></div>
        </div>
    </a>
    <div>
        <h4><a href="https://www.spesati.com/cameo-salatini-sticks-100gr"><b>Cameo Salatini Sticks 100Gr</b></a></h4>
        <p class="description">cameo Snack Friends Sticks 100 g</p>
        <p class="right price"><b>1.19 €</b></p>
        <p class="right unitPrice">11.90 € per kg</p>
    </div>
    <div class="contButton">
    <a class="button bgRed white addToCart" href="#">Add</a>
</div>
</div><div class="left product prod26"
        data-name="Cameo Salatin Sticks E Bretzel 300Gr"
        data-price="3.15"
        data-id="4387"
        data-available="yes"
        data-category="3446"
        data-bestselling="">
    <a href="https://www.spesati.com/cameo-salatin-sticks-e-bretzel-300gr">
        <div style="background-image: url('https://cdn.spesati.com/images/products/000116069/cameo-snack-friends-sticks-bretzel-300-g-01.png')">
            <div class="hover"></div>
            
            <div class="stickers"></div>
        </div>
    </a>
    <div>
        <h4><a href="https://www.spesati.com/cameo-salatin-sticks-e-bretzel-300gr"><b>Cameo Salatin Sticks E Bretzel 300Gr</b></a></h4>
        <p class="description">cameo Snack Friends Sticks & Bretzel 300 g</p>
        <p class="right price"><b>3.15 €</b></p>
        <p class="right unitPrice">10.51 € per kg</p>
    </div>
    <div class="contButton">
    <a class="button bgRed white addToCart" href="#">Add</a>
</div>
</div><div class="left product prod27"
        data-name="Salatini Cameo Gran Festa 400G"
        data-price="4.29"
        data-id="4533"
        data-available="yes"
        data-category="3446"
        data-bestselling="">
    <a href="https://www.spesati.com/salatini-cameo-gran-festa-400g">
        <div style="background-image: url('https://cdn.spesati.com/images/products/000116065/cameo-snack-friends-gran-festa-400-g-01.png')">
            <div class="hover"></div>
            
            <div class="stickers"></div>
        </div>
    </a>
    <div>
        <h4><a href="https://www.spesati.com/salatini-cameo-gran-festa-400g"><b>Salatini Cameo Gran Festa 400G</b></a></h4>
        <p class="description">cameo Snack Friends Gran Festa 400 g</p>
        <p class="right price"><b>4.29 €</b></p>
        <p class="right unitPrice">10.73 € per kg</p>
    </div>
    <div class="contButton">
    <a class="button bgRed white addToCart" href="#">Add</a>
</div>
</div><div class="left product prod28"
        data-name="Salatini Cameo Barmix 1kg"
        data-price="6.97"
        data-id="26366"
        data-available="yes"
        data-category="3446"
        data-bestselling="">
    <a href="https://www.spesati.com/salatini-cameo-barmix-1kg">
        <div style="background-image: url('https://cdn.spesati.com/images/products/000116064/cameo-snack-friends-bar-mix-1000-g-01.png')">
            <div class="hover"></div>
            
            <div class="stickers"></div>
        </div>
    </a>
    <div>
        <h4><a href="https://www.spesati.com/salatini-cameo-barmix-1kg"><b>Salatini Cameo Barmix 1kg</b></a></h4>
        <p class="description">cameo Snack Friends Bar Mix 1000 g</p>
        <p class="right price"><b>6.97 €</b></p>
        <p class="right unitPrice">6.97 € per kg</p>
    </div>
    <div class="contButton">
    <a class="button bgRed white addToCart" href="#">Add</a>
</div>
</div><div class="left product prod29"
        data-name="Salatini Cameo Cocktail 150Gr"
        data-price="1.55"
        data-id="5694"
        data-available="yes"
        data-category="3446"
        data-bestselling="">
    <a href="https://www.spesati.com/salatini-cameo-cocktail-150gr">
        <div style="background-image: url('https://cdn.spesati.com/images/products/000116060/cameo-snack-friends-cocktail-150-g-01.png')">
            <div class="hover"></div>
            
            <div class="stickers"></div>
        </div>
    </a>
    <div>
        <h4><a href="https://www.spesati.com/salatini-cameo-cocktail-150gr"><b>Salatini Cameo Cocktail 150Gr</b></a></h4>
        <p class="description">cameo Snack Friends Cocktail 150 g</p>
        <p class="right price"><b>1.55 €</b></p>
        <p class="right unitPrice">10.33 € per kg</p>
    </div>
    <div class="contButton">
    <a class="button bgRed white addToCart" href="#">Add</a>
</div>
</div><div class="left product prod30"
        data-name="Guttiau Mediterraneo"
        data-price="1.25"
        data-id="2994"
        data-available="yes"
        data-category="2392"
        data-bestselling="">
    <a href="https://www.spesati.com/guttiau-mediterraneo">
        <div style="background-image: url('https://cdn.spesati.com/images/products/000115947/su-guttiau-loriginale-croccanti-sfogliatine-di-grano-gusto-mediterraneo-snack-70-g-01.png')">
            <div class="hover"></div>
            
            <div class="stickers"></div>
        </div>
    </a>
    <div>
        <h4><a href="https://www.spesati.com/guttiau-mediterraneo"><b>Guttiau Mediterraneo</b></a></h4>
        <p class="description">Su Guttiau l'originale croccanti Sfogliatine di Grano gusto Mediterraneo Snack 70 g</p>
        <p class="right price"><b>1.25 €</b></p>
        <p class="right unitPrice">13.88 € per kg</p>
    </div>
    <div class="contButton">
    <a class="button bgRed white addToCart" href="#">Add</a>
</div>
</div><div class="left product prod31"
        data-name="Pane Su Guttiau Classico"
        data-price="1.25"
        data-id="3006"
        data-available="yes"
        data-category="2392"
        data-bestselling="">
    <a href="https://www.spesati.com/pane-su-guttiau-classico">
        <div style="background-image: url('https://cdn.spesati.com/images/products/000115843/su-guttiau-loriginale-croccanti-sfogliatine-di-grano-gusto-classico-snack-70-g-01.png')">
            <div class="hover"></div>
            
            <div class="stickers"></div>
        </div>
    </a>
    <div>
        <h4><a href="https://www.spesati.com/pane-su-guttiau-classico"><b>Pane Su Guttiau Classico</b></a></h4>
        <p class="description">Su Guttiau l'originale croccanti Sfogliatine di Grano gusto Classico Snack 70 g</p>
        <p class="right price"><b>1.25 €</b></p>
        <p class="right unitPrice">13.88 € per kg</p>
    </div>
    <div class="contButton">
    <a class="button bgRed white addToCart" href="#">Add</a>
</div>
</div><div class="left product prod32"
        data-name="Patatine Rustiche Crocchias 45Gr"
        data-price="0.75"
        data-id="5823"
        data-available="yes"
        data-category="2392"
        data-bestselling="2">
    <a href="https://www.spesati.com/patatine-rustiche-crocchias-45gr">
        <div style="background-image: url('https://cdn.spesati.com/images/products/000115731/crocchias-le-patatine-sarde-rustiche-ondulate-45-g-01.png')">
            <div class="hover"></div>
            <p class="arrow bgRed white">Best Seller</p>
            <div class="stickers"></div>
        </div>
    </a>
    <div>
        <h4><a href="https://www.spesati.com/patatine-rustiche-crocchias-45gr"><b>Patatine Rustiche Crocchias 45Gr</b></a></h4>
        <p class="description">Crocchias le Patatine Sarde Rustiche Ondulate 45 g</p>
        <p class="right price"><b>0.75 €</b></p>
        <p class="right unitPrice">16.69 € per kg</p>
    </div>
    <div class="contButton">
    <a class="button bgRed white addToCart" href="#">Add</a>
</div>
</div><div class="left product prod33"
        data-name="Patatine Pecor Crocchias Gr 45"
        data-price="0.84"
        data-id="26328"
        data-available="yes"
        data-category="2392"
        data-bestselling="4">
    <a href="https://www.spesati.com/patatine-pecor-crocchias-gr-45">
        <div style="background-image: url('https://cdn.spesati.com/images/products/000115712/crocchias-le-sfiziosette-al-gusto-di-pecorino-45-g-01.png')">
            <div class="hover"></div>
            <p class="arrow bgRed white">Best Seller</p>
            <div class="stickers"></div>
        </div>
    </a>
    <div>
        <h4><a href="https://www.spesati.com/patatine-pecor-crocchias-gr-45"><b>Patatine Pecor Crocchias Gr 45</b></a></h4>
        <p class="description">Crocchias le Sfiziosette al Gusto di Pecorino 45 g</p>
        <p class="right price"><b>0.84 €</b></p>
        <p class="right unitPrice">18.70 € per kg</p>
    </div>
    <div class="contButton">
    <a class="button bgRed white addToCart" href="#">Add</a>
</div>
</div><div class="left product prod34"
        data-name="Crocchias Patatine Rustiche 90 Gr"
        data-price="1.15"
        data-id="4416"
        data-available="yes"
        data-category="2392"
        data-bestselling="">
    <a href="https://www.spesati.com/crocchias-patatine-rustiche-90-gr">
        <div style="background-image: url('https://cdn.spesati.com/images/products/000115711/crocchias-le-patatine-sarde-rustiche-ondulate-90-g-01.png')">
            <div class="hover"></div>
            
            <div class="stickers"></div>
        </div>
    </a>
    <div>
        <h4><a href="https://www.spesati.com/crocchias-patatine-rustiche-90-gr"><b>Crocchias Patatine Rustiche 90 Gr</b></a></h4>
        <p class="description">Crocchias le Patatine Sarde Rustiche Ondulate 90 g</p>
        <p class="right price"><b>1.15 €</b></p>
        <p class="right unitPrice">12.77 € per kg</p>
    </div>
    <div class="contButton">
    <a class="button bgRed white addToCart" href="#">Add</a>
</div>
</div><div class="left product prod35"
        data-name="Patatine Classiche Crocchias 280Gr"
        data-price="3.66"
        data-id="5835"
        data-available="yes"
        data-category="2392"
        data-bestselling="">
    <a href="https://www.spesati.com/patatine-classiche-crocchias-280gr">
        <div style="background-image: url('https://cdn.spesati.com/images/products/000115707/crocchias-le-patatine-sarde-classiche-280-g-01.png')">
            <div class="hover"></div>
            
            <div class="stickers"></div>
        </div>
    </a>
    <div>
        <h4><a href="https://www.spesati.com/patatine-classiche-crocchias-280gr"><b>Patatine Classiche Crocchias 280Gr</b></a></h4>
        <p class="description">Crocchias le Patatine Sarde Classiche 280 g</p>
        <p class="right price"><b>3.66 €</b></p>
        <p class="right unitPrice">13.07 € per kg</p>
    </div>
    <div class="contButton">
    <a class="button bgRed white addToCart" href="#">Add</a>
</div>
</div><div class="left product prod36"
        data-name="Crocchias Patatine Classiche 180Gr"
        data-price="1.85"
        data-id="5832"
        data-available="yes"
        data-category="2392"
        data-bestselling="2">
    <a href="https://www.spesati.com/crocchias-patatine-classiche-180gr">
        <div style="background-image: url('https://cdn.spesati.com/images/products/000115703/crocchias-le-patatine-sarde-classiche-180-g-01.png')">
            <div class="hover"></div>
            <p class="arrow bgRed white">Best Seller</p>
            <div class="stickers"></div>
        </div>
    </a>
    <div>
        <h4><a href="https://www.spesati.com/crocchias-patatine-classiche-180gr"><b>Crocchias Patatine Classiche 180Gr</b></a></h4>
        <p class="description">Crocchias le Patatine Sarde Classiche 180 g</p>
        <p class="right price"><b>1.85 €</b></p>
        <p class="right unitPrice">10.27 € per kg</p>
    </div>
    <div class="contButton">
    <a class="button bgRed white addToCart" href="#">Add</a>
</div>
</div><div class="left product prod37"
        data-name="Patatine Class Crocchias Gr 45"
        data-price="0.79"
        data-id="26326"
        data-available="yes"
        data-category="2392"
        data-bestselling="2">
    <a href="https://www.spesati.com/patatine-class-crocchias-gr-45">
        <div style="background-image: url('https://cdn.spesati.com/images/products/000115699/crocchias-le-patatine-sarde-classiche-45-g-01.png')">
            <div class="hover"></div>
            <p class="arrow bgRed white">Best Seller</p>
            <div class="stickers"></div>
        </div>
    </a>
    <div>
        <h4><a href="https://www.spesati.com/patatine-class-crocchias-gr-45"><b>Patatine Class Crocchias Gr 45</b></a></h4>
        <p class="description">Crocchias le Patatine Sarde Classiche 45 g</p>
        <p class="right price"><b>0.79 €</b></p>
        <p class="right unitPrice">17.49 € per kg</p>
    </div>
    <div class="contButton">
    <a class="button bgRed white addToCart" href="#">Add</a>
</div>
</div><div class="left product prod38"
        data-name="Crocchias Patatine Classiche 90Gr"
        data-price="1.09"
        data-id="4415"
        data-available="yes"
        data-category="2392"
        data-bestselling="2">
    <a href="https://www.spesati.com/crocchias-patatine-classiche-90gr">
        <div style="background-image: url('https://cdn.spesati.com/images/products/000115696/crocchias-le-patatine-sarde-classiche-90-g-01.png')">
            <div class="hover"></div>
            <p class="arrow bgRed white">Best Seller</p>
            <div class="stickers"></div>
        </div>
    </a>
    <div>
        <h4><a href="https://www.spesati.com/crocchias-patatine-classiche-90gr"><b>Crocchias Patatine Classiche 90Gr</b></a></h4>
        <p class="description">Crocchias le Patatine Sarde Classiche 90 g</p>
        <p class="right price"><b>1.09 €</b></p>
        <p class="right unitPrice">12.08 € per kg</p>
    </div>
    <div class="contButton">
    <a class="button bgRed white addToCart" href="#">Add</a>
</div>
</div><div class="left product prod39"
        data-name="Patat Amica Chips Ketchup 50gr"
        data-price="1.17"
        data-id="26294"
        data-available="yes"
        data-category="2392"
        data-bestselling="">
    <a href="https://www.spesati.com/patat-amica-chips-ketchup-50gr">
        <div style="background-image: url('https://cdn.spesati.com/images/products/000115489/amica-chips-patatina-gusto-ketchup-50-g-01.png')">
            <div class="hover"></div>
            
            <div class="stickers"></div>
        </div>
    </a>
    <div>
        <h4><a href="https://www.spesati.com/patat-amica-chips-ketchup-50gr"><b>Patat Amica Chips Ketchup 50gr</b></a></h4>
        <p class="description">Amica Chips Patatina gusto Ketchup 50 g</p>
        <p class="right price"><b>1.17 €</b></p>
        <p class="right unitPrice">23.50 € per kg</p>
    </div>
    <div class="contButton">
    <a class="button bgRed white addToCart" href="#">Add</a>
</div>
</div><div class="left product prod40"
        data-name="Patat Amica Chips Orig 50gr"
        data-price="1.06"
        data-id="26293"
        data-available="yes"
        data-category="2392"
        data-bestselling="">
    <a href="https://www.spesati.com/patat-amica-chips-orig-50gr">
        <div style="background-image: url('https://cdn.spesati.com/images/products/000115486/amica-chips-patatina-classica-50-g-01.png')">
            <div class="hover"></div>
            
            <div class="stickers"></div>
        </div>
    </a>
    <div>
        <h4><a href="https://www.spesati.com/patat-amica-chips-orig-50gr"><b>Patat Amica Chips Orig 50gr</b></a></h4>
        <p class="description">Amica Chips Patatina Classica 50 g</p>
        <p class="right price"><b>1.06 €</b></p>
        <p class="right unitPrice">21.29 € per kg</p>
    </div>
    <div class="contButton">
    <a class="button bgRed white addToCart" href="#">Add</a>
</div>
</div><div class="left product prod41"
        data-name="Amica Chips Patatata Eldorada Olio di Oliva"
        data-price="1.79"
        data-id="3804"
        data-available="yes"
        data-category="2392"
        data-bestselling="2">
    <a href="https://www.spesati.com/amica-chips-patatata-eldorada-olio-di-oliva">
        <div style="background-image: url('https://cdn.spesati.com/images/products/000115446/amica-chips-eldorada-ricetta-con-olio-di-oliva-130-g-01.png')">
            <div class="hover"></div>
            <p class="arrow bgRed white">Best Seller</p>
            <div class="stickers"></div>
        </div>
    </a>
    <div>
        <h4><a href="https://www.spesati.com/amica-chips-patatata-eldorada-olio-di-oliva"><b>Amica Chips Patatata Eldorada Olio di Oliva</b></a></h4>
        <p class="description">Amica Chips Eldorada Ricetta con Olio di Oliva 130 g</p>
        <p class="right price"><b>1.79 €</b></p>
        <p class="right unitPrice">13.77 € per kg</p>
    </div>
    <div class="contButton">
    <a class="button bgRed white addToCart" href="#">Add</a>
</div>
</div><div class="left product prod42"
        data-name="Pop Corn Amica Chips 125Gr"
        data-price="1.65"
        data-id="5837"
        data-available="yes"
        data-category="2392"
        data-bestselling="3">
    <a href="https://www.spesati.com/pop-corn-amica-chips-125gr">
        <div style="background-image: url('https://cdn.spesati.com/images/products/000115418/amica-snack-gigis-mais-snack-pop-corn-110-g-01.png')">
            <div class="hover"></div>
            <p class="arrow bgRed white">Best Seller</p>
            <div class="stickers"></div>
        </div>
    </a>
    <div>
        <h4><a href="https://www.spesati.com/pop-corn-amica-chips-125gr"><b>Pop Corn Amica Chips 125Gr</b></a></h4>
        <p class="description">Amica Snack Gigi's Mais Snack Pop Corn 110 g</p>
        <p class="right price"><b>1.65 €</b></p>
        <p class="right unitPrice">13.16 € per kg</p>
    </div>
    <div class="contButton">
    <a class="button bgRed white addToCart" href="#">Add</a>
</div>
</div><div class="left product prod43"
        data-name="Amica Chips Gusto Ketchup 100 Gr"
        data-price="1.03"
        data-id="5697"
        data-available="yes"
        data-category="2392"
        data-bestselling="1">
    <a href="https://www.spesati.com/amica-chips-gusto-ketchup-100-gr">
        <div style="background-image: url('https://cdn.spesati.com/images/products/000115406/amica-chips-patatina-gusto-ketchup-100-g-01.png')">
            <div class="hover"></div>
            <p class="arrow bgRed white">Best Seller</p>
            <div class="stickers"></div>
        </div>
    </a>
    <div>
        <h4><a href="https://www.spesati.com/amica-chips-gusto-ketchup-100-gr"><b>Amica Chips Gusto Ketchup 100 Gr</b></a></h4>
        <p class="description">Amica Chips Patatina gusto Ketchup 100 g</p>
        <p class="right price"><b>1.03 €</b></p>
        <p class="right unitPrice">10.33 € per kg</p>
    </div>
    <div class="contButton">
    <a class="button bgRed white addToCart" href="#">Add</a>
</div>
</div><div class="left product prod44"
        data-name="Amica Chips Gusto Paprika 100 Gr"
        data-price="1.14"
        data-id="5696"
        data-available="yes"
        data-category="2392"
        data-bestselling="">
    <a href="https://www.spesati.com/amica-chips-gusto-paprika-100-gr">
        <div style="background-image: url('https://cdn.spesati.com/images/products/000115388/amica-chips-patatina-gusto-paprika-100-g-01.png')">
            <div class="hover"></div>
            
            <div class="stickers"></div>
        </div>
    </a>
    <div>
        <h4><a href="https://www.spesati.com/amica-chips-gusto-paprika-100-gr"><b>Amica Chips Gusto Paprika 100 Gr</b></a></h4>
        <p class="description">Amica Chips Patatina gusto Paprika 100 g</p>
        <p class="right price"><b>1.14 €</b></p>
        <p class="right unitPrice">11.35 € per kg</p>
    </div>
    <div class="contButton">
    <a class="button bgRed white addToCart" href="#">Add</a>
</div>
</div><div class="left product prod45"
        data-name="Patat Amica Chips Class 100gr"
        data-price="1.14"
        data-id="26270"
        data-available="yes"
        data-category="2392"
        data-bestselling="2">
    <a href="https://www.spesati.com/patat-amica-chips-class-100gr">
        <div style="background-image: url('https://cdn.spesati.com/images/products/000115385/amica-chips-patatina-classica-100-g-01.png')">
            <div class="hover"></div>
            <p class="arrow bgRed white">Best Seller</p>
            <div class="stickers"></div>
        </div>
    </a>
    <div>
        <h4><a href="https://www.spesati.com/patat-amica-chips-class-100gr"><b>Patat Amica Chips Class 100gr</b></a></h4>
        <p class="description">Amica Chips Patatina Classica 100 g</p>
        <p class="right price"><b>1.14 €</b></p>
        <p class="right unitPrice">11.35 € per kg</p>
    </div>
    <div class="contButton">
    <a class="button bgRed white addToCart" href="#">Add</a>
</div>
</div><div class="left product prod46"
        data-name="Patatine Amica Chips 200Gr"
        data-price="1.98"
        data-id="5833"
        data-available="yes"
        data-category="2392"
        data-bestselling="1">
    <a href="https://www.spesati.com/patatine-amica-chips-200gr">
        <div style="background-image: url('https://cdn.spesati.com/images/products/000115381/amica-chips-patatina-classica-200-g-01.png')">
            <div class="hover"></div>
            <p class="arrow bgRed white">Best Seller</p>
            <div class="stickers"></div>
        </div>
    </a>
    <div>
        <h4><a href="https://www.spesati.com/patatine-amica-chips-200gr"><b>Patatine Amica Chips 200Gr</b></a></h4>
        <p class="description">Amica Chips Patatina Classica 200 g</p>
        <p class="right price"><b>1.98 €</b></p>
        <p class="right unitPrice">9.90 € per kg</p>
    </div>
    <div class="contButton">
    <a class="button bgRed white addToCart" href="#">Add</a>
</div>
</div><div class="left product prod47"
        data-name="Patat Amica Chips Griglia 50gr"
        data-price="1.17"
        data-id="26160"
        data-available="yes"
        data-category="2392"
        data-bestselling="">
    <a href="https://www.spesati.com/patat-amica-chips-griglia-50gr">
        <div style="background-image: url('https://cdn.spesati.com/images/products/000114874/amica-chips-patatina-grigliata-50-g-01.png')">
            <div class="hover"></div>
            
            <div class="stickers"></div>
        </div>
    </a>
    <div>
        <h4><a href="https://www.spesati.com/patat-amica-chips-griglia-50gr"><b>Patat Amica Chips Griglia 50gr</b></a></h4>
        <p class="description">Amica Chips Patatina Grigliata 50 g</p>
        <p class="right price"><b>1.17 €</b></p>
        <p class="right unitPrice">23.50 € per kg</p>
    </div>
    <div class="contButton">
    <a class="button bgRed white addToCart" href="#">Add</a>
</div>
</div><div class="left product prod48"
        data-name="Corn Amica Chips Mais Form 50g"
        data-price="1.17"
        data-id="26158"
        data-available="yes"
        data-category="2392"
        data-bestselling="">
    <a href="https://www.spesati.com/corn-amica-chips-mais-form-50g">
        <div style="background-image: url('https://cdn.spesati.com/images/products/000114869/amica-chips-cornetto-di-mais-gusto-formaggio-50-g-01.png')">
            <div class="hover"></div>
            
            <div class="stickers"></div>
        </div>
    </a>
    <div>
        <h4><a href="https://www.spesati.com/corn-amica-chips-mais-form-50g"><b>Corn Amica Chips Mais Form 50g</b></a></h4>
        <p class="description">Amica Chips Cornetto di mais gusto Formaggio 50 g</p>
        <p class="right price"><b>1.17 €</b></p>
        <p class="right unitPrice">23.50 € per kg</p>
    </div>
    <div class="contButton">
    <a class="button bgRed white addToCart" href="#">Add</a>
</div>
</div><div class="left product prod49"
        data-name="Arachidi Cameo 1kg"
        data-price="11.11"
        data-id="26060"
        data-available="yes"
        data-category="2392"
        data-bestselling="">
    <a href="https://www.spesati.com/arachidi-cameo-1kg">
        <div style="background-image: url('https://cdn.spesati.com/images/products/000114185/cameo-snack-friends-arachidi-1000-g-01.png')">
            <div class="hover"></div>
            
            <div class="stickers"></div>
        </div>
    </a>
    <div>
        <h4><a href="https://www.spesati.com/arachidi-cameo-1kg"><b>Arachidi Cameo 1kg</b></a></h4>
        <p class="description">cameo Snack Friends Arachidi 1000 g</p>
        <p class="right price"><b>11.11 €</b></p>
        <p class="right unitPrice">11.11 € per kg</p>
    </div>
    <div class="contButton">
    <a class="button bgRed white addToCart" href="#">Add</a>
</div>
</div><div class="left product prod50"
        data-name="Arachidi Cameo Scat 40gr 20p"
        data-price="18.33"
        data-id="26059"
        data-available="yes"
        data-category="2392"
        data-bestselling="">
    <a href="https://www.spesati.com/arachidi-cameo-scat-40gr-20p">
        <div style="background-image: url('https://cdn.spesati.com/images/products/000114171/cameo-snack-friends-arachidi-40-g-01.png')">
            <div class="hover"></div>
            
            <div class="stickers"></div>
        </div>
    </a>
    <div>
        <h4><a href="https://www.spesati.com/arachidi-cameo-scat-40gr-20p"><b>Arachidi Cameo Scat 40gr 20p</b></a></h4>
        <p class="description">cameo Snack Friends Arachidi 40 g</p>
        <p class="right price"><b>18.33 €</b></p>
        <p class="right unitPrice">458.21 € per kg</p>
    </div>
    <div class="contButton">
    <a class="button bgRed white addToCart" href="#">Add</a>
</div>
</div><div class="left product prod51"
        data-name="Patat Amica Chips Tartufo 100g"
        data-price="2.75"
        data-id="87114"
        data-available="yes"
        data-category="2392"
        data-bestselling="">
    <a href="https://www.spesati.com/patat-amica-chips-tartufo-100g">
        <div style="background-image: url('https://cdn.spesati.com/images/products/000112750/amica-chips-eldorada-gusto-tartufo-100-g-01.png')">
            <div class="hover"></div>
            
            <div class="stickers"></div>
        </div>
    </a>
    <div>
        <h4><a href="https://www.spesati.com/patat-amica-chips-tartufo-100g"><b>Patat Amica Chips Tartufo 100g</b></a></h4>
        <p class="description">Amica Chips Eldorada Gusto Tartufo 100 g</p>
        <p class="right price"><b>2.75 €</b></p>
        <p class="right unitPrice">27.48 € per kg</p>
    </div>
    <div class="contButton">
    <a class="button bgRed white addToCart" href="#">Add</a>
</div>
</div><div class="left product prod52"
        data-name="Fonzies Multipack X 9 Gr 212"
        data-price="3.59"
        data-id="5440"
        data-available="yes"
        data-category="2392"
        data-bestselling="1">
    <a href="https://www.spesati.com/fonzies-multipack-x-9-gr-212">
        <div style="background-image: url('https://cdn.spesati.com/images/products/000112578/fonzies-gli-originali-croccantini-di-mais-al-formaggio-multipack-9-buste-2115g-01.png')">
            <div class="hover"></div>
            <p class="arrow bgRed white">Best Seller</p>
            <div class="stickers"></div>
        </div>
    </a>
    <div>
        <h4><a href="https://www.spesati.com/fonzies-multipack-x-9-gr-212"><b>Fonzies Multipack X 9 Gr 212</b></a></h4>
        <p class="description">Fonzies Gli Originali Croccantini di Mais al Formaggio Multipack 9 buste - 211,5g</p>
        <p class="right price"><b>3.59 €</b></p>
        <p class="right unitPrice">16.94 € per kg</p>
    </div>
    <div class="contButton">
    <a class="button bgRed white addToCart" href="#">Add</a>
</div>
</div><div class="left product prod53"
        data-name="Salatini Schar Senza Glutine 60Gr"
        data-price="1.79"
        data-id="6875"
        data-available="yes"
        data-category="3446"
        data-bestselling="">
    <a href="https://www.spesati.com/salatini-schar-senza-glutine-60gr">
        <div style="background-image: url('https://cdn.spesati.com/images/products/000112189/schaer-salinis-60-g-01.png')">
            <div class="hover"></div>
            
            <div class="stickers"><img class="left" src="http://cdn.spesati.com/images/layout/gluten-free.png" /></div>
        </div>
    </a>
    <div>
        <h4><a href="https://www.spesati.com/salatini-schar-senza-glutine-60gr"><b>Salatini Schar Senza Glutine 60Gr</b></a></h4>
        <p class="description">Schär Salinis 60 g</p>
        <p class="right price"><b>1.79 €</b></p>
        <p class="right unitPrice">29.83 € per kg</p>
    </div>
    <div class="contButton">
    <a class="button bgRed white addToCart" href="#">Add</a>
</div>
</div><div class="left product prod54"
        data-name="Cipster Saiwa Busta 21 Gr 50p"
        data-price="27.85"
        data-id="25628"
        data-available="yes"
        data-category="2392"
        data-bestselling="">
    <a href="https://www.spesati.com/cipster-saiwa-busta-21-gr-50p">
        <div style="background-image: url('https://cdn.spesati.com/images/products/000111084/cipster-the-original-chips-di-patate-21g-01.png')">
            <div class="hover"></div>
            
            <div class="stickers"></div>
        </div>
    </a>
    <div>
        <h4><a href="https://www.spesati.com/cipster-saiwa-busta-21-gr-50p"><b>Cipster Saiwa Busta 21 Gr 50p</b></a></h4>
        <p class="description">Cipster The Original Chips di Patate - 21g</p>
        <p class="right price"><b>27.85 €</b></p>
        <p class="right unitPrice">1.10 € per kg</p>
    </div>
    <div class="contButton">
    <a class="button bgRed white addToCart" href="#">Add</a>
</div>
</div><div class="left product prod55"
        data-name="Saiwa Cipster Astuccio"
        data-price="1.69"
        data-id="3012"
        data-available="yes"
        data-category="2392"
        data-bestselling="3">
    <a href="https://www.spesati.com/saiwa-cipster-astuccio">
        <div style="background-image: url('https://cdn.spesati.com/images/products/000109499/cipster-the-original-chips-di-patate-astuccio-85g-01.png')">
            <div class="hover"></div>
            <p class="arrow bgRed white">Best Seller</p>
            <div class="stickers"></div>
        </div>
    </a>
    <div>
        <h4><a href="https://www.spesati.com/saiwa-cipster-astuccio"><b>Saiwa Cipster Astuccio</b></a></h4>
        <p class="description">Cipster The Original Chips di Patate Astuccio - 85g</p>
        <p class="right price"><b>1.69 €</b></p>
        <p class="right unitPrice">19.88 € per kg</p>
    </div>
    <div class="contButton">
    <a class="button bgRed white addToCart" href="#">Add</a>
</div>
</div><div class="left product prod56"
        data-name="Saiwa Cipster Multipack"
        data-price="3.05"
        data-id="3753"
        data-available="yes"
        data-category="2392"
        data-bestselling="1">
    <a href="https://www.spesati.com/saiwa-cipster-multipack">
        <div style="background-image: url('https://cdn.spesati.com/images/products/000109496/cipster-the-original-chips-di-patate-6-bustine-132g-01.png')">
            <div class="hover"></div>
            <p class="arrow bgRed white">Best Seller</p>
            <div class="stickers"></div>
        </div>
    </a>
    <div>
        <h4><a href="https://www.spesati.com/saiwa-cipster-multipack"><b>Saiwa Cipster Multipack</b></a></h4>
        <p class="description">Cipster The Original Chips di Patate 6 Bustine - 132g</p>
        <p class="right price"><b>3.05 €</b></p>
        <p class="right unitPrice">23.11 € per kg</p>
    </div>
    <div class="contButton">
    <a class="button bgRed white addToCart" href="#">Add</a>
</div>
</div><div class="left product prod57"
        data-name="Salatini Cameo Cocktail 300Gr"
        data-price="4.61"
        data-id="6947"
        data-available="yes"
        data-category="3446"
        data-bestselling="">
    <a href="https://www.spesati.com/salatini-cameo-cocktail-300gr">
        <div style="background-image: url('https://cdn.spesati.com/images/products/000108025/cameo-snack-friends-maxi-cocktail-300-g-01.png')">
            <div class="hover"></div>
            
            <div class="stickers"></div>
        </div>
    </a>
    <div>
        <h4><a href="https://www.spesati.com/salatini-cameo-cocktail-300gr"><b>Salatini Cameo Cocktail 300Gr</b></a></h4>
        <p class="description">cameo Snack Friends Maxi Cocktail 300 g</p>
        <p class="right price"><b>4.61 €</b></p>
        <p class="right unitPrice">15.38 € per kg</p>
    </div>
    <div class="contButton">
    <a class="button bgRed white addToCart" href="#">Add</a>
</div>
</div><div class="left product prod58"
        data-name="Tyrrels Sea Salted Gr150"
        data-price="5.63"
        data-id="68427"
        data-available="yes"
        data-category="2392"
        data-bestselling="">
    <a href="https://www.spesati.com/tyrrels-sea-salted-gr150">
        <div style="background-image: url('https://cdn.spesati.com/images/products/missing-image/missing-image.jpg')">
            <div class="hover"></div>
            
            <div class="stickers"></div>
        </div>
    </a>
    <div>
        <h4><a href="https://www.spesati.com/tyrrels-sea-salted-gr150"><b>Tyrrels Sea Salted Gr150</b></a></h4>
        <p class="description">0.15 Kg</p>
        <p class="right price"><b>5.63 €</b></p>
        <p class="right unitPrice">37.57 € per kg</p>
    </div>
    <div class="contButton">
    <a class="button bgRed white addToCart" href="#">Add</a>
</div>
</div><div class="left product prod59"
        data-name="Tortil Mor S Maria Barbab 240g"
        data-price="5.05"
        data-id="85450"
        data-available="yes"
        data-category="2392"
        data-bestselling="">
    <a href="https://www.spesati.com/tortil-mor-s-maria-barbab-240g">
        <div style="background-image: url('https://cdn.spesati.com/images/products/missing-image/missing-image.jpg')">
            <div class="hover"></div>
            
            <div class="stickers"></div>
        </div>
    </a>
    <div>
        <h4><a href="https://www.spesati.com/tortil-mor-s-maria-barbab-240g"><b>Tortil Mor S Maria Barbab 240g</b></a></h4>
        <p class="description">0.24 Kg</p>
        <p class="right price"><b>5.05 €</b></p>
        <p class="right unitPrice">21.04 € per kg</p>
    </div>
    <div class="contButton">
    <a class="button bgRed white addToCart" href="#">Add</a>
</div>
</div><div class="left product prod60"
        data-name="Patat Amica Chips Pollo 50gr"
        data-price="1.17"
        data-id="87117"
        data-available="yes"
        data-category="2392"
        data-bestselling="">
    <a href="https://www.spesati.com/patat-amica-chips-pollo-50gr">
        <div style="background-image: url('https://cdn.spesati.com/images/products/missing-image/missing-image.jpg')">
            <div class="hover"></div>
            
            <div class="stickers"></div>
        </div>
    </a>
    <div>
        <h4><a href="https://www.spesati.com/patat-amica-chips-pollo-50gr"><b>Patat Amica Chips Pollo 50gr</b></a></h4>
        <p class="description">0.05 Kg</p>
        <p class="right price"><b>1.17 €</b></p>
        <p class="right unitPrice">23.50 € per kg</p>
    </div>
    <div class="contButton">
    <a class="button bgRed white addToCart" href="#">Add</a>
</div>
</div><div class="left product prod61"
        data-name="Patat Amica Chips Barbecue 50g"
        data-price="1.17"
        data-id="87206"
        data-available="yes"
        data-category="2392"
        data-bestselling="">
    <a href="https://www.spesati.com/patat-amica-chips-barbecue-50g">
        <div style="background-image: url('https://cdn.spesati.com/images/products/missing-image/missing-image.jpg')">
            <div class="hover"></div>
            
            <div class="stickers"></div>
        </div>
    </a>
    <div>
        <h4><a href="https://www.spesati.com/patat-amica-chips-barbecue-50g"><b>Patat Amica Chips Barbecue 50g</b></a></h4>
        <p class="description">0.05 Kg</p>
        <p class="right price"><b>1.17 €</b></p>
        <p class="right unitPrice">23.50 € per kg</p>
    </div>
    <div class="contButton">
    <a class="button bgRed white addToCart" href="#">Add</a>
</div>
</div><div class="left product prod62"
        data-name="Tramezzini Tonno Pomodoro 160Gr"
        data-price="2.29"
        data-id="6534"
        data-available="yes"
        data-category="3446"
        data-bestselling="">
    <a href="https://www.spesati.com/tramezzini-tonno-pomodoro-160gr">
        <div style="background-image: url('https://cdn.spesati.com/images/products/missing-image/missing-image.jpg')">
            <div class="hover"></div>
            
            <div class="stickers"></div>
        </div>
    </a>
    <div>
        <h4><a href="https://www.spesati.com/tramezzini-tonno-pomodoro-160gr"><b>Tramezzini Tonno Pomodoro 160Gr</b></a></h4>
        <p class="description">0.16 Kg</p>
        <p class="right price"><b>2.29 €</b></p>
        <p class="right unitPrice">14.31 € per kg</p>
    </div>
    <div class="contButton">
    <a class="button bgRed white addToCart" href="#">Add</a>
</div>
</div><div class="left product prod63"
        data-name="Tramezzini Tonno-insalata 140g"
        data-price="2.29"
        data-id="24824"
        data-available="yes"
        data-category="3446"
        data-bestselling="">
    <a href="https://www.spesati.com/tramezzini-tonno-insalata-140g">
        <div style="background-image: url('https://cdn.spesati.com/images/products/missing-image/missing-image.jpg')">
            <div class="hover"></div>
            
            <div class="stickers"></div>
        </div>
    </a>
    <div>
        <h4><a href="https://www.spesati.com/tramezzini-tonno-insalata-140g"><b>Tramezzini Tonno-insalata 140g</b></a></h4>
        <p class="description">0.14 Kg</p>
        <p class="right price"><b>2.29 €</b></p>
        <p class="right unitPrice">16.36 € per kg</p>
    </div>
    <div class="contButton">
    <a class="button bgRed white addToCart" href="#">Add</a>
</div>
</div><div class="left product prod64"
        data-name="Ondine In Secchiello 400 Gr"
        data-price="10.58"
        data-id="26027"
        data-available="yes"
        data-category="3446"
        data-bestselling="">
    <a href="https://www.spesati.com/ondine-in-secchiello-400-gr">
        <div style="background-image: url('https://cdn.spesati.com/images/products/missing-image/missing-image.jpg')">
            <div class="hover"></div>
            
            <div class="stickers"></div>
        </div>
    </a>
    <div>
        <h4><a href="https://www.spesati.com/ondine-in-secchiello-400-gr"><b>Ondine In Secchiello 400 Gr</b></a></h4>
        <p class="description">0.4 Kg</p>
        <p class="right price"><b>10.58 €</b></p>
        <p class="right unitPrice">26.46 € per kg</p>
    </div>
    <div class="contButton">
    <a class="button bgRed white addToCart" href="#">Add</a>
</div>
</div><div class="left product prod65"
        data-name="Rice Crackers Chilly 1000gr"
        data-price="18.61"
        data-id="26028"
        data-available="yes"
        data-category="3446"
        data-bestselling="">
    <a href="https://www.spesati.com/rice-crackers-chilly-1000gr">
        <div style="background-image: url('https://cdn.spesati.com/images/products/missing-image/missing-image.jpg')">
            <div class="hover"></div>
            
            <div class="stickers"></div>
        </div>
    </a>
    <div>
        <h4><a href="https://www.spesati.com/rice-crackers-chilly-1000gr"><b>Rice Crackers Chilly 1000gr</b></a></h4>
        <p class="description">1 Kg</p>
        <p class="right price"><b>18.61 €</b></p>
        <p class="right unitPrice">18.61 € per kg</p>
    </div>
    <div class="contButton">
    <a class="button bgRed white addToCart" href="#">Add</a>
</div>
</div><div class="left product prod66"
        data-name="French Fries Paprika 400gr"
        data-price="11.16"
        data-id="26029"
        data-available="yes"
        data-category="3446"
        data-bestselling="">
    <a href="https://www.spesati.com/french-fries-paprika-400gr">
        <div style="background-image: url('https://cdn.spesati.com/images/products/missing-image/missing-image.jpg')">
            <div class="hover"></div>
            
            <div class="stickers"></div>
        </div>
    </a>
    <div>
        <h4><a href="https://www.spesati.com/french-fries-paprika-400gr"><b>French Fries Paprika 400gr</b></a></h4>
        <p class="description">0.4 Kg</p>
        <p class="right price"><b>11.16 €</b></p>
        <p class="right unitPrice">27.89 € per kg</p>
    </div>
    <div class="contButton">
    <a class="button bgRed white addToCart" href="#">Add</a>
</div>
</div><div class="left product prod67"
        data-name="Anelli Alla Paprika 300gr"
        data-price="8.92"
        data-id="26030"
        data-available="yes"
        data-category="3446"
        data-bestselling="">
    <a href="https://www.spesati.com/anelli-alla-paprika-300gr">
        <div style="background-image: url('https://cdn.spesati.com/images/products/missing-image/missing-image.jpg')">
            <div class="hover"></div>
            
            <div class="stickers"></div>
        </div>
    </a>
    <div>
        <h4><a href="https://www.spesati.com/anelli-alla-paprika-300gr"><b>Anelli Alla Paprika 300gr</b></a></h4>
        <p class="description">0.3 Kg</p>
        <p class="right price"><b>8.92 €</b></p>
        <p class="right unitPrice">29.73 € per kg</p>
    </div>
    <div class="contButton">
    <a class="button bgRed white addToCart" href="#">Add</a>
</div>
</div><div class="left product prod68"
        data-name="Tortillas Salata 800gr Secchie"
        data-price="11.96"
        data-id="26042"
        data-available="yes"
        data-category="3446"
        data-bestselling="">
    <a href="https://www.spesati.com/tortillas-salata-800gr-secchie">
        <div style="background-image: url('https://cdn.spesati.com/images/products/missing-image/missing-image.jpg')">
            <div class="hover"></div>
            
            <div class="stickers"></div>
        </div>
    </a>
    <div>
        <h4><a href="https://www.spesati.com/tortillas-salata-800gr-secchie"><b>Tortillas Salata 800gr Secchie</b></a></h4>
        <p class="description">0.8 Kg</p>
        <p class="right price"><b>11.96 €</b></p>
        <p class="right unitPrice">14.95 € per kg</p>
    </div>
    <div class="contButton">
    <a class="button bgRed white addToCart" href="#">Add</a>
</div>
</div><div class="left product prod69"
        data-name="Mais Gigante Piccante 1800gr"
        data-price="24.91"
        data-id="26043"
        data-available="yes"
        data-category="3446"
        data-bestselling="">
    <a href="https://www.spesati.com/mais-gigante-piccante-1800gr">
        <div style="background-image: url('https://cdn.spesati.com/images/products/missing-image/missing-image.jpg')">
            <div class="hover"></div>
            
            <div class="stickers"></div>
        </div>
    </a>
    <div>
        <h4><a href="https://www.spesati.com/mais-gigante-piccante-1800gr"><b>Mais Gigante Piccante 1800gr</b></a></h4>
        <p class="description">1.8 Kg</p>
        <p class="right price"><b>24.91 €</b></p>
        <p class="right unitPrice">13.84 € per kg</p>
    </div>
    <div class="contButton">
    <a class="button bgRed white addToCart" href="#">Add</a>
</div>
</div><div class="left product prod70"
        data-name="Misto Salato 1200gr Secchiello"
        data-price="20.38"
        data-id="26044"
        data-available="yes"
        data-category="3446"
        data-bestselling="">
    <a href="https://www.spesati.com/misto-salato-1200gr-secchiello">
        <div style="background-image: url('https://cdn.spesati.com/images/products/missing-image/missing-image.jpg')">
            <div class="hover"></div>
            
            <div class="stickers"></div>
        </div>
    </a>
    <div>
        <h4><a href="https://www.spesati.com/misto-salato-1200gr-secchiello"><b>Misto Salato 1200gr Secchiello</b></a></h4>
        <p class="description">1.2 Kg</p>
        <p class="right price"><b>20.38 €</b></p>
        <p class="right unitPrice">16.98 € per kg</p>
    </div>
    <div class="contButton">
    <a class="button bgRed white addToCart" href="#">Add</a>
</div>
</div><div class="left product prod71"
        data-name="Mais Tostato 2300kg"
        data-price="17.24"
        data-id="26045"
        data-available="yes"
        data-category="3446"
        data-bestselling="">
    <a href="https://www.spesati.com/mais-tostato-2300kg">
        <div style="background-image: url('https://cdn.spesati.com/images/products/missing-image/missing-image.jpg')">
            <div class="hover"></div>
            
            <div class="stickers"></div>
        </div>
    </a>
    <div>
        <h4><a href="https://www.spesati.com/mais-tostato-2300kg"><b>Mais Tostato 2300kg</b></a></h4>
        <p class="description">2.3 Kg</p>
        <p class="right price"><b>17.24 €</b></p>
        <p class="right unitPrice">7.49 € per kg</p>
    </div>
    <div class="contButton">
    <a class="button bgRed white addToCart" href="#">Add</a>
</div>
</div><div class="left product prod72"
        data-name="Croccantini Mais 800gr"
        data-price="16.77"
        data-id="26052"
        data-available="yes"
        data-category="3446"
        data-bestselling="">
    <a href="https://www.spesati.com/croccantini-mais-800gr">
        <div style="background-image: url('https://cdn.spesati.com/images/products/missing-image/missing-image.jpg')">
            <div class="hover"></div>
            
            <div class="stickers"></div>
        </div>
    </a>
    <div>
        <h4><a href="https://www.spesati.com/croccantini-mais-800gr"><b>Croccantini Mais 800gr</b></a></h4>
        <p class="description">0.8 Kg</p>
        <p class="right price"><b>16.77 €</b></p>
        <p class="right unitPrice">20.97 € per kg</p>
    </div>
    <div class="contButton">
    <a class="button bgRed white addToCart" href="#">Add</a>
</div>
</div><div class="left product prod73"
        data-name="Tortillas Piccante 800gr"
        data-price="12.54"
        data-id="26053"
        data-available="yes"
        data-category="3446"
        data-bestselling="">
    <a href="https://www.spesati.com/tortillas-piccante-800gr">
        <div style="background-image: url('https://cdn.spesati.com/images/products/missing-image/missing-image.jpg')">
            <div class="hover"></div>
            
            <div class="stickers"></div>
        </div>
    </a>
    <div>
        <h4><a href="https://www.spesati.com/tortillas-piccante-800gr"><b>Tortillas Piccante 800gr</b></a></h4>
        <p class="description">0.8 Kg</p>
        <p class="right price"><b>12.54 €</b></p>
        <p class="right unitPrice">15.68 € per kg</p>
    </div>
    <div class="contButton">
    <a class="button bgRed white addToCart" href="#">Add</a>
</div>
</div><div class="left product prod74"
        data-name="Salatini Misti 1200gr Secchiel"
        data-price="12.66"
        data-id="26177"
        data-available="yes"
        data-category="3446"
        data-bestselling="">
    <a href="https://www.spesati.com/salatini-misti-1200gr-secchiel">
        <div style="background-image: url('https://cdn.spesati.com/images/products/missing-image/missing-image.jpg')">
            <div class="hover"></div>
            
            <div class="stickers"></div>
        </div>
    </a>
    <div>
        <h4><a href="https://www.spesati.com/salatini-misti-1200gr-secchiel"><b>Salatini Misti 1200gr Secchiel</b></a></h4>
        <p class="description">1.2 Kg</p>
        <p class="right price"><b>12.66 €</b></p>
        <p class="right unitPrice">10.55 € per kg</p>
    </div>
    <div class="contButton">
    <a class="button bgRed white addToCart" href="#">Add</a>
</div>
</div><div class="left product prod75"
        data-name="Croccantelle Bacon 1500gr Secc"
        data-price="16.82"
        data-id="26183"
        data-available="yes"
        data-category="3446"
        data-bestselling="">
    <a href="https://www.spesati.com/croccantelle-bacon-1500gr-secc">
        <div style="background-image: url('https://cdn.spesati.com/images/products/missing-image/missing-image.jpg')">
            <div class="hover"></div>
            
            <div class="stickers"></div>
        </div>
    </a>
    <div>
        <h4><a href="https://www.spesati.com/croccantelle-bacon-1500gr-secc"><b>Croccantelle Bacon 1500gr Secc</b></a></h4>
        <p class="description">1.2 Kg</p>
        <p class="right price"><b>16.82 €</b></p>
        <p class="right unitPrice">11.21 € per kg</p>
    </div>
    <div class="contButton">
    <a class="button bgRed white addToCart" href="#">Add</a>
</div>
</div><div class="left product prod76"
        data-name="Tramezzini Cotto-formagg. 140g"
        data-price="2.29"
        data-id="33900"
        data-available="yes"
        data-category="3446"
        data-bestselling="">
    <a href="https://www.spesati.com/tramezzini-cotto-formagg-140g">
        <div style="background-image: url('https://cdn.spesati.com/images/products/missing-image/missing-image.jpg')">
            <div class="hover"></div>
            
            <div class="stickers"></div>
        </div>
    </a>
    <div>
        <h4><a href="https://www.spesati.com/tramezzini-cotto-formagg-140g"><b>Tramezzini Cotto-formagg. 140g</b></a></h4>
        <p class="description">0.14 Kg</p>
        <p class="right price"><b>2.29 €</b></p>
        <p class="right unitPrice">16.36 € per kg</p>
    </div>
    <div class="contButton">
    <a class="button bgRed white addToCart" href="#">Add</a>
</div>
</div><div class="left product prod77"
        data-name="Tramezzini Cotto-funghi 140g"
        data-price="2.29"
        data-id="33901"
        data-available="yes"
        data-category="3446"
        data-bestselling="">
    <a href="https://www.spesati.com/tramezzini-cotto-funghi-140g">
        <div style="background-image: url('https://cdn.spesati.com/images/products/missing-image/missing-image.jpg')">
            <div class="hover"></div>
            
            <div class="stickers"></div>
        </div>
    </a>
    <div>
        <h4><a href="https://www.spesati.com/tramezzini-cotto-funghi-140g"><b>Tramezzini Cotto-funghi 140g</b></a></h4>
        <p class="description">0.14 Kg</p>
        <p class="right price"><b>2.29 €</b></p>
        <p class="right unitPrice">16.36 € per kg</p>
    </div>
    <div class="contButton">
    <a class="button bgRed white addToCart" href="#">Add</a>
</div>
</div><div class="left product prod78"
        data-name="Max Toast Pros.cotto-formaggio"
        data-price="2.35"
        data-id="33904"
        data-available="yes"
        data-category="3446"
        data-bestselling="">
    <a href="https://www.spesati.com/max-toast-proscotto-formaggio">
        <div style="background-image: url('https://cdn.spesati.com/images/products/missing-image/missing-image.jpg')">
            <div class="hover"></div>
            
            <div class="stickers"></div>
        </div>
    </a>
    <div>
        <h4><a href="https://www.spesati.com/max-toast-proscotto-formaggio"><b>Max Toast Pros.cotto-formaggio</b></a></h4>
        <p class="description">0.16 Kg</p>
        <p class="right price"><b>2.35 €</b></p>
        <p class="right unitPrice">14.69 € per kg</p>
    </div>
    <div class="contButton">
    <a class="button bgRed white addToCart" href="#">Add</a>
</div>
</div><div class="left product prod79"
        data-name="Panino Cheese Burger 170gr"
        data-price="2.59"
        data-id="33906"
        data-available="yes"
        data-category="3446"
        data-bestselling="">
    <a href="https://www.spesati.com/panino-cheese-burger-170gr">
        <div style="background-image: url('https://cdn.spesati.com/images/products/missing-image/missing-image.jpg')">
            <div class="hover"></div>
            
            <div class="stickers"></div>
        </div>
    </a>
    <div>
        <h4><a href="https://www.spesati.com/panino-cheese-burger-170gr"><b>Panino Cheese Burger 170gr</b></a></h4>
        <p class="description">0.17 Kg</p>
        <p class="right price"><b>2.59 €</b></p>
        <p class="right unitPrice">15.21 € per kg</p>
    </div>
    <div class="contButton">
    <a class="button bgRed white addToCart" href="#">Add</a>
</div>
</div><div class="left product prod80"
        data-name="Cuscinetti C Isola Class 80gr"
        data-price="1.05"
        data-id="73580"
        data-available="yes"
        data-category="3446"
        data-bestselling="">
    <a href="https://www.spesati.com/cuscinetti-c-isola-class-80gr">
        <div style="background-image: url('https://cdn.spesati.com/images/products/missing-image/missing-image.jpg')">
            <div class="hover"></div>
            
            <div class="stickers"></div>
        </div>
    </a>
    <div>
        <h4><a href="https://www.spesati.com/cuscinetti-c-isola-class-80gr"><b>Cuscinetti C Isola Class 80gr</b></a></h4>
        <p class="description">0.08 Kg</p>
        <p class="right price"><b>1.05 €</b></p>
        <p class="right unitPrice">13.14 € per kg</p>
    </div>
    <div class="contButton">
    <a class="button bgRed white addToCart" href="#">Add</a>
</div>
</div><div class="left product prod81"
        data-name="Cuscinetti C Isola Class 200gr"
        data-price="2.15"
        data-id="73583"
        data-available="yes"
        data-category="3446"
        data-bestselling="">
    <a href="https://www.spesati.com/cuscinetti-c-isola-class-200gr">
        <div style="background-image: url('https://cdn.spesati.com/images/products/missing-image/missing-image.jpg')">
            <div class="hover"></div>
            
            <div class="stickers"></div>
        </div>
    </a>
    <div>
        <h4><a href="https://www.spesati.com/cuscinetti-c-isola-class-200gr"><b>Cuscinetti C Isola Class 200gr</b></a></h4>
        <p class="description">0.2 Kg</p>
        <p class="right price"><b>2.15 €</b></p>
        <p class="right unitPrice">10.75 € per kg</p>
    </div>
    <div class="contButton">
    <a class="button bgRed white addToCart" href="#">Add</a>
</div>
</div><div class="left product prod82"
        data-name="Cuscinetti C Isola Integ 80gr"
        data-price="1.05"
        data-id="73586"
        data-available="yes"
        data-category="3446"
        data-bestselling="">
    <a href="https://www.spesati.com/cuscinetti-c-isola-integ-80gr">
        <div style="background-image: url('https://cdn.spesati.com/images/products/missing-image/missing-image.jpg')">
            <div class="hover"></div>
            
            <div class="stickers"></div>
        </div>
    </a>
    <div>
        <h4><a href="https://www.spesati.com/cuscinetti-c-isola-integ-80gr"><b>Cuscinetti C Isola Integ 80gr</b></a></h4>
        <p class="description">0.08 Kg</p>
        <p class="right price"><b>1.05 €</b></p>
        <p class="right unitPrice">13.14 € per kg</p>
    </div>
    <div class="contButton">
    <a class="button bgRed white addToCart" href="#">Add</a>
</div>
</div><div class="left product prod83"
        data-name="Cuscinetti C Isola Pecor 80gr"
        data-price="1.05"
        data-id="73589"
        data-available="yes"
        data-category="3446"
        data-bestselling="">
    <a href="https://www.spesati.com/cuscinetti-c-isola-pecor-80gr">
        <div style="background-image: url('https://cdn.spesati.com/images/products/missing-image/missing-image.jpg')">
            <div class="hover"></div>
            
            <div class="stickers"></div>
        </div>
    </a>
    <div>
        <h4><a href="https://www.spesati.com/cuscinetti-c-isola-pecor-80gr"><b>Cuscinetti C Isola Pecor 80gr</b></a></h4>
        <p class="description">0.08 Kg</p>
        <p class="right price"><b>1.05 €</b></p>
        <p class="right unitPrice">13.14 € per kg</p>
    </div>
    <div class="contButton">
    <a class="button bgRed white addToCart" href="#">Add</a>
</div>
</div><div class="left product prod84"
        data-name="Cuscinetti C Isola Pizza 80gr"
        data-price="1.05"
        data-id="73592"
        data-available="yes"
        data-category="3446"
        data-bestselling="">
    <a href="https://www.spesati.com/cuscinetti-c-isola-pizza-80gr">
        <div style="background-image: url('https://cdn.spesati.com/images/products/missing-image/missing-image.jpg')">
            <div class="hover"></div>
            
            <div class="stickers"></div>
        </div>
    </a>
    <div>
        <h4><a href="https://www.spesati.com/cuscinetti-c-isola-pizza-80gr"><b>Cuscinetti C Isola Pizza 80gr</b></a></h4>
        <p class="description">0.08 Kg</p>
        <p class="right price"><b>1.05 €</b></p>
        <p class="right unitPrice">13.14 € per kg</p>
    </div>
    <div class="contButton">
    <a class="button bgRed white addToCart" href="#">Add</a>
</div>
</div><div class="left product prod85"
        data-name="Conchigliette Gecchele 350 Gr"
        data-price="5.52"
        data-id="25819"
        data-available="yes"
        data-category="2392"
        data-bestselling="">
    <a href="https://www.spesati.com/conchigliette-gecchele-350-gr">
        <div style="background-image: url('https://cdn.spesati.com/images/products/missing-image/missing-image.jpg')">
            <div class="hover"></div>
            
            <div class="stickers"></div>
        </div>
    </a>
    <div>
        <h4><a href="https://www.spesati.com/conchigliette-gecchele-350-gr"><b>Conchigliette Gecchele 350 Gr</b></a></h4>
        <p class="description">0.35 Kg</p>
        <p class="right price"><b>5.52 €</b></p>
        <p class="right unitPrice">15.76 € per kg</p>
    </div>
    <div class="contButton">
    <a class="button bgRed white addToCart" href="#">Add</a>
</div>
</div><div class="left product prod86"
        data-name="Arachidi Salate 1000gr Busta"
        data-price="6.91"
        data-id="26179"
        data-available="yes"
        data-category="2392"
        data-bestselling="">
    <a href="https://www.spesati.com/arachidi-salate-1000gr-busta">
        <div style="background-image: url('https://cdn.spesati.com/images/products/missing-image/missing-image.jpg')">
            <div class="hover"></div>
            
            <div class="stickers"></div>
        </div>
    </a>
    <div>
        <h4><a href="https://www.spesati.com/arachidi-salate-1000gr-busta"><b>Arachidi Salate 1000gr Busta</b></a></h4>
        <p class="description">1 Kg</p>
        <p class="right price"><b>6.91 €</b></p>
        <p class="right unitPrice">6.91 € per kg</p>
    </div>
    <div class="contButton">
    <a class="button bgRed white addToCart" href="#">Add</a>
</div>
</div><div class="left product prod87"
        data-name="Patatina Amica Chips Mia 500gr"
        data-price="4.70"
        data-id="26290"
        data-available="yes"
        data-category="2392"
        data-bestselling="">
    <a href="https://www.spesati.com/patatina-amica-chips-mia-500gr">
        <div style="background-image: url('https://cdn.spesati.com/images/products/missing-image/missing-image.jpg')">
            <div class="hover"></div>
            
            <div class="stickers"></div>
        </div>
    </a>
    <div>
        <h4><a href="https://www.spesati.com/patatina-amica-chips-mia-500gr"><b>Patatina Amica Chips Mia 500gr</b></a></h4>
        <p class="description">0.5 Kg</p>
        <p class="right price"><b>4.70 €</b></p>
        <p class="right unitPrice">9.41 € per kg</p>
    </div>
    <div class="contButton">
    <a class="button bgRed white addToCart" href="#">Add</a>
</div>
</div><div class="left product prod88"
        data-name="Arachidi Tostate Salate 1kg"
        data-price="6.35"
        data-id="27262"
        data-available="yes"
        data-category="2392"
        data-bestselling="">
    <a href="https://www.spesati.com/arachidi-tostate-salate-1kg">
        <div style="background-image: url('https://cdn.spesati.com/images/products/missing-image/missing-image.jpg')">
            <div class="hover"></div>
            
            <div class="stickers"></div>
        </div>
    </a>
    <div>
        <h4><a href="https://www.spesati.com/arachidi-tostate-salate-1kg"><b>Arachidi Tostate Salate 1kg</b></a></h4>
        <p class="description">1 Kg</p>
        <p class="right price"><b>6.35 €</b></p>
        <p class="right unitPrice">6.35 € per kg</p>
    </div>
    <div class="contButton">
    <a class="button bgRed white addToCart" href="#">Add</a>
</div>
</div><div class="left product prod89"
        data-name="Saiwa Freeky Fries Multipack"
        data-price="2.90"
        data-id="3676"
        data-available="no"
        data-category="2392"
        data-bestselling="">
    <a href="https://www.spesati.com/saiwa-freeky-fries-multipack">
        <div style="background-image: url('https://cdn.spesati.com/images/products/474901/saiwa-freeky-fries-01.jpg')">
            <div class="hover"></div>
            
            <div class="stickers"></div>
        </div>
    </a>
    <div>
        <h4><a href="https://www.spesati.com/saiwa-freeky-fries-multipack"><b>Saiwa Freeky Fries Multipack</b></a></h4>
        <p class="description">0.125 Kg</p>
        <p class="right price"><b>2.90 €</b></p>
        <p class="right unitPrice">23.20 € per kg</p>
    </div>
    <div class="notAvailable">
    <a class="button bgDarkGrey white" href="https://www.spesati.com/saiwa-freeky-fries-multipack">Not available</a>
</div>
</div><div class="left product prod90"
        data-name="Taco Mex Santa Maria 135gr"
        data-price="5.15"
        data-id="74474"
        data-available="no"
        data-category="2392"
        data-bestselling="">
    <a href="https://www.spesati.com/taco-mex-santa-maria-135gr">
        <div style="background-image: url('https://cdn.spesati.com/images/products/000650356/santa-maria-taco-shells-12-shells-135-g-01.png')">
            <div class="hover"></div>
            
            <div class="stickers"></div>
        </div>
    </a>
    <div>
        <h4><a href="https://www.spesati.com/taco-mex-santa-maria-135gr"><b>Taco Mex Santa Maria 135gr</b></a></h4>
        <p class="description">Santa Maria Taco Shells 12 Shells 135 g</p>
        <p class="right price"><b>5.15 €</b></p>
        <p class="right unitPrice">36.78 € per kg</p>
    </div>
    <div class="notAvailable">
    <a class="button bgDarkGrey white" href="https://www.spesati.com/taco-mex-santa-maria-135gr">Not available</a>
</div>
</div><div class="left product prod91"
        data-name="Tortillas Morbide Santa Maria 320Gr"
        data-price="4.99"
        data-id="6914"
        data-available="no"
        data-category="2392"
        data-bestselling="">
    <a href="https://www.spesati.com/tortillas-morbide-santa-maria-320gr">
        <div style="background-image: url('https://cdn.spesati.com/images/products/000650338/santa-maria-super-soft-medium-tortilla-original-8-medium-320-g-01.png')">
            <div class="hover"></div>
            
            <div class="stickers"></div>
        </div>
    </a>
    <div>
        <h4><a href="https://www.spesati.com/tortillas-morbide-santa-maria-320gr"><b>Tortillas Morbide Santa Maria 320Gr</b></a></h4>
        <p class="description">Santa Maria Super soft medium Tortilla Original 8 Medium 320 g</p>
        <p class="right price"><b>4.99 €</b></p>
        <p class="right unitPrice">15.59 € per kg</p>
    </div>
    <div class="notAvailable">
    <a class="button bgDarkGrey white" href="https://www.spesati.com/tortillas-morbide-santa-maria-320gr">Not available</a>
</div>
</div><div class="left product prod92"
        data-name="Patatina Lay's Classica 145g"
        data-price="1.79"
        data-id="33876"
        data-available="no"
        data-category="2392"
        data-bestselling="3">
    <a href="https://www.spesati.com/patatina-lays-classica-145g">
        <div style="background-image: url('https://cdn.spesati.com/images/products/000503246/lays-classiche-145-g-01.png')">
            <div class="hover"></div>
            <p class="arrow bgRed white">Best Seller</p>
            <div class="stickers"></div>
        </div>
    </a>
    <div>
        <h4><a href="https://www.spesati.com/patatina-lays-classica-145g"><b>Patatina Lay's Classica 145g</b></a></h4>
        <p class="description">Lay's Classiche 145 g</p>
        <p class="right price"><b>1.79 €</b></p>
        <p class="right unitPrice">12.34 € per kg</p>
    </div>
    <div class="notAvailable">
    <a class="button bgDarkGrey white" href="https://www.spesati.com/patatina-lays-classica-145g">Not available</a>
</div>
</div><div class="left product prod93"
        data-name="Patatina Lay's Mediterrane 120"
        data-price="1.85"
        data-id="67989"
        data-available="no"
        data-category="2392"
        data-bestselling="">
    <a href="https://www.spesati.com/patatina-lays-mediterrane-120">
        <div style="background-image: url('https://cdn.spesati.com/images/products/000438419/lays-mediterranee-classiche-120-g-01.png')">
            <div class="hover"></div>
            
            <div class="stickers"></div>
        </div>
    </a>
    <div>
        <h4><a href="https://www.spesati.com/patatina-lays-mediterrane-120"><b>Patatina Lay's Mediterrane 120</b></a></h4>
        <p class="description">Lay's Mediterranee Classiche 120 g</p>
        <p class="right price"><b>1.85 €</b></p>
        <p class="right unitPrice">15.42 € per kg</p>
    </div>
    <div class="notAvailable">
    <a class="button bgDarkGrey white" href="https://www.spesati.com/patatina-lays-mediterrane-120">Not available</a>
</div>
</div><div class="left product prod94"
        data-name="Patat Amica Chips Paprika 50gr"
        data-price="1.17"
        data-id="26159"
        data-available="no"
        data-category="2392"
        data-bestselling="">
    <a href="https://www.spesati.com/patat-amica-chips-paprika-50gr">
        <div style="background-image: url('https://cdn.spesati.com/images/products/000114873/amica-chips-patatina-gusto-paprika-50-g-01.png')">
            <div class="hover"></div>
            
            <div class="stickers"></div>
        </div>
    </a>
    <div>
        <h4><a href="https://www.spesati.com/patat-amica-chips-paprika-50gr"><b>Patat Amica Chips Paprika 50gr</b></a></h4>
        <p class="description">Amica Chips Patatina gusto Paprika 50 g</p>
        <p class="right price"><b>1.17 €</b></p>
        <p class="right unitPrice">23.50 € per kg</p>
    </div>
    <div class="notAvailable">
    <a class="button bgDarkGrey white" href="https://www.spesati.com/patat-amica-chips-paprika-50gr">Not available</a>
</div>
</div><div class="left product prod95"
        data-name="Amica Chips Cono Barman 200Gr"
        data-price="3.50"
        data-id="6162"
        data-available="no"
        data-category="2392"
        data-bestselling="">
    <a href="https://www.spesati.com/amica-chips-cono-barman-200gr">
        <div style="background-image: url('https://cdn.spesati.com/images/products/000114791/amica-snack-barman-coni-200-g-01.png')">
            <div class="hover"></div>
            
            <div class="stickers"></div>
        </div>
    </a>
    <div>
        <h4><a href="https://www.spesati.com/amica-chips-cono-barman-200gr"><b>Amica Chips Cono Barman 200Gr</b></a></h4>
        <p class="description">Amica snack Barman coni 200 g</p>
        <p class="right price"><b>3.50 €</b></p>
        <p class="right unitPrice">17.48 € per kg</p>
    </div>
    <div class="notAvailable">
    <a class="button bgDarkGrey white" href="https://www.spesati.com/amica-chips-cono-barman-200gr">Not available</a>
</div>
</div><div class="left product prod96"
        data-name="Tramezz Mozzar-pom S-gl 150gr"
        data-price="3.09"
        data-id="25096"
        data-available="no"
        data-category="3446"
        data-bestselling="">
    <a href="https://www.spesati.com/tramezz-mozzar-pom-s-gl-150gr">
        <div style="background-image: url('https://cdn.spesati.com/images/products/000107500/ibis-snack-2-tramezzini-mozzarella-e-pomodori-senza-glutine-150-g-01.png')">
            <div class="hover"></div>
            
            <div class="stickers"></div>
        </div>
    </a>
    <div>
        <h4><a href="https://www.spesati.com/tramezz-mozzar-pom-s-gl-150gr"><b>Tramezz Mozzar-pom S-gl 150gr</b></a></h4>
        <p class="description">Ibis Snack 2 tramezzini Mozzarella e Pomodori Senza Glutine 150 g</p>
        <p class="right price"><b>3.09 €</b></p>
        <p class="right unitPrice">20.60 € per kg</p>
    </div>
    <div class="notAvailable">
    <a class="button bgDarkGrey white" href="https://www.spesati.com/tramezz-mozzar-pom-s-gl-150gr">Not available</a>
</div>
</div><div class="left product prod97"
        data-name="Tyrrels Chili Pepe Rosso 150gr"
        data-price="5.65"
        data-id="68280"
        data-available="no"
        data-category="2392"
        data-bestselling="">
    <a href="https://www.spesati.com/tyrrels-chili-pepe-rosso-150gr">
        <div style="background-image: url('https://cdn.spesati.com/images/products/000104785/tyrrells-sweet-chilli-red-pepper-150-g-01.png')">
            <div class="hover"></div>
            
            <div class="stickers"></div>
        </div>
    </a>
    <div>
        <h4><a href="https://www.spesati.com/tyrrels-chili-pepe-rosso-150gr"><b>Tyrrels Chili Pepe Rosso 150gr</b></a></h4>
        <p class="description">Tyrrell's sweet chilli & red pepper 150 g</p>
        <p class="right price"><b>5.65 €</b></p>
        <p class="right unitPrice">37.64 € per kg</p>
    </div>
    <div class="notAvailable">
    <a class="button bgDarkGrey white" href="https://www.spesati.com/tyrrels-chili-pepe-rosso-150gr">Not available</a>
</div>
</div><div class="left product prod98"
        data-name="Tyrrels Light Sea Salted 150gr"
        data-price="5.65"
        data-id="68277"
        data-available="no"
        data-category="2392"
        data-bestselling="">
    <a href="https://www.spesati.com/tyrrels-light-sea-salted-150gr">
        <div style="background-image: url('https://cdn.spesati.com/images/products/000104784/tyrrells-lightly-sea-salted-150-g-01.png')">
            <div class="hover"></div>
            
            <div class="stickers"></div>
        </div>
    </a>
    <div>
        <h4><a href="https://www.spesati.com/tyrrels-light-sea-salted-150gr"><b>Tyrrels Light Sea Salted 150gr</b></a></h4>
        <p class="description">Tyrrells lightly sea salted 150 g</p>
        <p class="right price"><b>5.65 €</b></p>
        <p class="right unitPrice">37.64 € per kg</p>
    </div>
    <div class="notAvailable">
    <a class="button bgDarkGrey white" href="https://www.spesati.com/tyrrels-light-sea-salted-150gr">Not available</a>
</div>
</div><div class="left product prod99"
        data-name="Cono Arac Isola Piac Pral 125g"
        data-price="2.49"
        data-id="64905"
        data-available="no"
        data-category="2392"
        data-bestselling="">
    <a href="https://www.spesati.com/cono-arac-isola-piac-pral-125g">
        <div style="background-image: url('https://cdn.spesati.com/images/products/missing-image/missing-image.jpg')">
            <div class="hover"></div>
            
            <div class="stickers"></div>
        </div>
    </a>
    <div>
        <h4><a href="https://www.spesati.com/cono-arac-isola-piac-pral-125g"><b>Cono Arac Isola Piac Pral 125g</b></a></h4>
        <p class="description">0.13 Kg</p>
        <p class="right price"><b>2.49 €</b></p>
        <p class="right unitPrice">19.16 € per kg</p>
    </div>
    <div class="notAvailable">
    <a class="button bgDarkGrey white" href="https://www.spesati.com/cono-arac-isola-piac-pral-125g">Not available</a>
</div>
</div><div class="left product prod100"
        data-name="Tortil Mor S Maria Carote 240g"
        data-price="5.05"
        data-id="85453"
        data-available="no"
        data-category="2392"
        data-bestselling="">
    <a href="https://www.spesati.com/tortil-mor-s-maria-carote-240g">
        <div style="background-image: url('https://cdn.spesati.com/images/products/missing-image/missing-image.jpg')">
            <div class="hover"></div>
            
            <div class="stickers"></div>
        </div>
    </a>
    <div>
        <h4><a href="https://www.spesati.com/tortil-mor-s-maria-carote-240g"><b>Tortil Mor S Maria Carote 240g</b></a></h4>
        <p class="description">0.24 Kg</p>
        <p class="right price"><b>5.05 €</b></p>
        <p class="right unitPrice">21.04 € per kg</p>
    </div>
    <div class="notAvailable">
    <a class="button bgDarkGrey white" href="https://www.spesati.com/tortil-mor-s-maria-carote-240g">Not available</a>
</div>
</div><div class="left product prod101"
        data-name="Tramezzino Mono Pr Cotto 100gr"
        data-price="1.59"
        data-id="24825"
        data-available="no"
        data-category="3446"
        data-bestselling="">
    <a href="https://www.spesati.com/tramezzino-mono-pr-cotto-100gr">
        <div style="background-image: url('https://cdn.spesati.com/images/products/missing-image/missing-image.jpg')">
            <div class="hover"></div>
            
            <div class="stickers"></div>
        </div>
    </a>
    <div>
        <h4><a href="https://www.spesati.com/tramezzino-mono-pr-cotto-100gr"><b>Tramezzino Mono Pr Cotto 100gr</b></a></h4>
        <p class="description">0.09 Kg</p>
        <p class="right price"><b>1.59 €</b></p>
        <p class="right unitPrice">17.67 € per kg</p>
    </div>
    <div class="notAvailable">
    <a class="button bgDarkGrey white" href="https://www.spesati.com/tramezzino-mono-pr-cotto-100gr">Not available</a>
</div>
</div><div class="left product prod102"
        data-name="Panbuffetto Cotolett-formaggio"
        data-price="2.96"
        data-id="33905"
        data-available="no"
        data-category="3446"
        data-bestselling="">
    <a href="https://www.spesati.com/panbuffetto-cotolett-formaggio">
        <div style="background-image: url('https://cdn.spesati.com/images/products/missing-image/missing-image.jpg')">
            <div class="hover"></div>
            
            <div class="stickers"></div>
        </div>
    </a>
    <div>
        <h4><a href="https://www.spesati.com/panbuffetto-cotolett-formaggio"><b>Panbuffetto Cotolett-formaggio</b></a></h4>
        <p class="description">0.21 Kg</p>
        <p class="right price"><b>2.96 €</b></p>
        <p class="right unitPrice">14.44 € per kg</p>
    </div>
    <div class="notAvailable">
    <a class="button bgDarkGrey white" href="https://www.spesati.com/panbuffetto-cotolett-formaggio">Not available</a>
</div>
</div><div class="left product prod103"
        data-name="Tramezz Bio Veg Seitan/fun 140"
        data-price="3.29"
        data-id="85873"
        data-available="no"
        data-category="3446"
        data-bestselling="">
    <a href="https://www.spesati.com/tramezz-bio-veg-seitanfun-140">
        <div style="background-image: url('https://cdn.spesati.com/images/products/missing-image/missing-image.jpg')">
            <div class="hover"></div>
            
            <div class="stickers"></div>
        </div>
    </a>
    <div>
        <h4><a href="https://www.spesati.com/tramezz-bio-veg-seitanfun-140"><b>Tramezz Bio Veg Seitan/fun 140</b></a></h4>
        <p class="description">0.14 Kg</p>
        <p class="right price"><b>3.29 €</b></p>
        <p class="right unitPrice">23.50 € per kg</p>
    </div>
    <div class="notAvailable">
    <a class="button bgDarkGrey white" href="https://www.spesati.com/tramezz-bio-veg-seitanfun-140">Not available</a>
</div>
</div><div class="left product prod104"
        data-name="Tram Sandpro Bres/ruc/gran 150"
        data-price="3.69"
        data-id="85888"
        data-available="no"
        data-category="3446"
        data-bestselling="">
    <a href="https://www.spesati.com/tram-sandpro-bresrucgran-150">
        <div style="background-image: url('https://cdn.spesati.com/images/products/missing-image/missing-image.jpg')">
            <div class="hover"></div>
            
            <div class="stickers"></div>
        </div>
    </a>
    <div>
        <h4><a href="https://www.spesati.com/tram-sandpro-bresrucgran-150"><b>Tram Sandpro Bres/ruc/gran 150</b></a></h4>
        <p class="description">0.15 Kg</p>
        <p class="right price"><b>3.69 €</b></p>
        <p class="right unitPrice">24.61 € per kg</p>
    </div>
    <div class="notAvailable">
    <a class="button bgDarkGrey white" href="https://www.spesati.com/tram-sandpro-bresrucgran-150">Not available</a>
</div>
</div><div class="left product prod105"
        data-name="Tortillas Manomasa Lime 160gr"
        data-price="5.06"
        data-id="27841"
        data-available="no"
        data-category="2392"
        data-bestselling="">
    <a href="https://www.spesati.com/tortillas-manomasa-lime-160gr">
        <div style="background-image: url('https://cdn.spesati.com/images/products/missing-image/missing-image.jpg')">
            <div class="hover"></div>
            
            <div class="stickers"></div>
        </div>
    </a>
    <div>
        <h4><a href="https://www.spesati.com/tortillas-manomasa-lime-160gr"><b>Tortillas Manomasa Lime 160gr</b></a></h4>
        <p class="description">0.16 Kg</p>
        <p class="right price"><b>5.06 €</b></p>
        <p class="right unitPrice">31.61 € per kg</p>
    </div>
    <div class="notAvailable">
    <a class="button bgDarkGrey white" href="https://www.spesati.com/tortillas-manomasa-lime-160gr">Not available</a>
</div>
</div>        </div>
    </div>
</section>
<div class="footer">
    <div class="bgDarkGrey"></div>
    <footer>
        <div class="left bgDarkGrey">
            <a id="logoFooter" href="https://www.spesati.com/" class="estDynamic">
                <img src="http://cdn.spesati.com/images/layout/logo-eng.png" alt="Spesati.com" />
                <h2 class="red">Grocery Delivery</h2>
            </a>
            <a class="button bgRed white mobile" href="tel:390707968318">Phone order</a>
            <a class="button bgRed white desktop" href="https://www.spesati.com/news/2020-04-07/news-on-spesati-the-telephone-order-service-is-active">Phone order</a>
            <a class="button bgRed white" href="https://www.spesati.com/cdn-cgi/l/email-protection#cda4a3aba28dbebda8beacb9a4e3aea2a0">Send mail</a>
            <div id="social">
                <a class="left" href="https://www.facebook.com/spesati/" rel="external" target="_blank">
                    <span class="facebook bgRed fa-stack fa-lg">
                        <i class="fa fa-facebook fa-stack-1x "></i>
                    </span>
                </a>
                <a class="right" href="https://twitter.com/spesati" rel="external" target="_blank">
                    <span class="twitter bgRed fa-stack fa-lg">
                        <i class="fa fa-twitter fa-stack-1x "></i>
                    </span>
                </a>
            </div>
            <p>Copyright 2024 Spesati.com </p>
            
                    <p>All rights reserved</p>
                    <p>SPESATI SRL</p>
                    <p>Corso Vittorio Veneto 15/I, 07026, Olbia</p>
                    <p>CF e P.Iva: 02772380909</p>
                        </div>
        <div class="center bgRed">
            <div class="top">
                <h3>Categories</h3>
                <div class="col">
                    <ul>
                        <li>
                            <a href="#" class="estDynamic">On sale</a>
                        </li>
                        <li>
                            <a href="https://www.spesati.com/fruit-and-vegetables" class="estDynamic">Fruit and vegetables</a>
                        </li>
                        <li>
                            <a href="https://www.spesati.com/fresh-products" class="estDynamic">Fresh products</a>
                        </li>
                        <li>
                            <a href="https://www.spesati.com/frozen-foods" class="estDynamic">Frozen foods</a>
                        </li>
                        <li>
                            <a href="https://www.spesati.com/bread-and-pasta" class="estDynamic">Bread and pasta</a>
                        </li>
                        <li>
                            <a href="https://www.spesati.com/meat" class="estDynamic">Meat</a>
                        </li>
                        <li>
                            <a href="https://www.spesati.com/fish" class="estDynamic">Fish</a>
                        </li>
                    </ul>
                </div>
                <div class="col">
                    <ul>
                        <li>
                            <a href="https://www.spesati.com/wine-beer-and-spirits" class="estDynamic">Wine beer and spirits</a>
                        </li>
                        <li>
                            <a href="https://www.spesati.com/water-and-drinks" class="estDynamic">Water and drinks</a>
                        </li>
                        <li>
                            <a href="https://www.spesati.com/sweets" class="estDynamic">Sweets</a>
                        </li>
                        <li>
                            <a href="https://www.spesati.com/shelf" class="estDynamic">Cupboard</a>
                        </li>
                        <li>
                            <a href="https://www.spesati.com/personal-care" class="estDynamic">Personal care</a>
                        </li>
                        <li>
                            <a href="https://www.spesati.com/household-and-outdoors" class="estDynamic">Home and outdoors</a>
                        </li>
                        <li>
                            <a href="https://www.spesati.com/pet" class="estDynamic">Pets</a>
                        </li>
                    </ul>
                </div>
                <div class="col">
                    <ul>
                        <li>
                            <a href="https://www.spesati.com/technology" class="estDynamic">Technology</a>
                        </li>
                        <li>
                            <a href="https://www.spesati.com/gluten-free" class="estDynamic">Gluten free</a>
                        </li>
                        <li>
                            <a href="https://www.spesati.com/lactose-free" class="estDynamic">Lactose free</a>
                        </li>
                        <li>
                            <a href="https://www.spesati.com/special" class="estDynamic">Special</a>
                        </li>
                        <li>
                            <a href="https://www.spesati.com/sardinian-products" class="estDynamic">Sardinian products</a>
                        </li>
                    </ul>
                </div>
            </div>
            <div class="bottom bgRed">
                <div class="left">
                    <h3>Delivery payment</h3>
                    <div>
                        <i class="fa fa-money fa-3x" aria-hidden="true"></i>
                        <p>Cash</p>
                    </div>
                    <div>
                        <i class="fa fa-credit-card fa-3x" aria-hidden="true"></i>
                        <p>Bancomat or card</p>
                    </div>
                </div>
                <div class="right">
                    <h3>Online payment</h3>
                    <div>
                        <i class="fa fa-credit-card fa-3x" aria-hidden="true"></i>
                        <p>Credit or debit card <span class="red">online</span></p>
                    </div>
                    <div>
                        <i class="fa fa-paypal fa-3x" aria-hidden="true"></i>
                        <p>PayPal</p>
                    </div>
                    <div>
                        <i class="fa fa-university fa-3x" aria-hidden="true"></i>
                        <p>Bank transfer</p>
                    </div>
                </div>
            </div>
        </div>
        <div class="right bgRed">
            <div>
                <i class="fa fa-truck fa-flip-horizontal"></i>
                <a class="button bgYellow white" href="https://www.spesati.com/delivery-prices">Delivery prices</a>
                
                    <h3>Home delivery:</h3>
                    <p><b>Monday to Saturday</b></p>
                    <p><b>9:00 to 20:00</b></p>
                    <p><b>Minimum order:</b> 29€</p>
                    <p><b>Delivery starting from:</b> 3,50€</p>
                            </div>
            <ul>
                <li>
                    <a href="https://www.spesati.com/delivery-prices">Delivery prices</a>
                </li>
                <li>
                    <a href="https://www.spesati.com/about">About</a>
                </li>
                <li>
                    <a href="https://www.spesati.com/faq">Faq</a>
                </li>
                <li>
                    <a href="https://www.spesati.com/customer-care">Support</a>
                </li>
                <li>
                    <a href="https://www.spesati.com/news">Blog</a>
                </li>
                <li>
                    <a href="https://www.spesati.com/terms-and-conditions">Conditions</a>
                </li>
                <li>
                    <a href="https://www.spesati.com/privacy-policy">Privacy policy</a>
                </li>
                <li>
                    <a href="https://www.spesati.com/legal-warranty">Legal guarantee</a>
                </li>
            </ul>
        </div>
    </footer>
    <div class="bgRed"></div>
</div>
<!--Start of Tawk.to Script-->
<script data-cfasync="false" src="https://www.spesati.com/cdn-cgi/scripts/5c5dd728/cloudflare-static/email-decode.min.js"></script><script type="text/javascript">
var Tawk_API=Tawk_API||{}, Tawk_LoadStart=new Date();
(function(){
var s1=document.createElement("script"),s0=document.getElementsByTagName("script")[0];
s1.async=true;
s1.src='https://embed.tawk.to/59e86945c28eca75e4626ed9/default';
s1.charset='UTF-8';
s1.setAttribute('crossorigin','*');
s0.parentNode.insertBefore(s1,s0);
})();
</script>
<!--End of Tawk.to Script-->

<!-- Here are parked a few translatable strings, useful for Javascript rendering -->
<div id="js-texts" hidden>
    <input type="hidden" name="save_cart_notice" value="Saving your cart it will be possible to reload it next time you come for shopping">
    <input type="hidden" name="save_cart_notice_title" value="Want to save your cart?">
    <input type="hidden" name="save_cart_ok" value="Save">
    <input type="hidden" name="save_cart_ko" value="Don't Save">
    <input type="hidden" name="reload_cart" value="The Reload Order function allows you to top up your last cart to make a New Order. Warning: do not use this function to add products to the last order. At this time it is not possible to modify an order placed previously.">
</div>

<!-- new site and login popup -->
</body>
<!-- Mirrored from www.spesati.com/shelf/crisps-and-pretzels by HTTrack Website Copier/3.x [XR&CO'2014], Fri, 23 Feb 2024 18:50:09 GMT -->
</html>