<!DOCTYPE html><html lang="en">
<!-- Mirrored from www.spesati.com/shelf/flour-and-baking by HTTrack Website Copier/3.x [XR&CO'2014], Fri, 23 Feb 2024 18:48:45 GMT -->
<!-- Added by HTTrack --><meta http-equiv="content-type" content="text/html;charset=utf-8" /><!-- /Added by HTTrack -->
<head>
    <title>Flour and baking - Cupboard - Spesati.com</title>
    <meta http-equiv="Content-Type" content="text/html; charset=UTF-8" />
    <meta name="description" content="" />
    <meta name="keywords" content="" />
    <link href="../images/favicon.ico" rel="shortcut icon" type="image/x-icon" />
    <meta name="author" content="www.dodify.com" /><link rel="canonical" href="flour-and-baking.html" /><link rel="alternate" hreflang="en" href="flour-and-baking.html" /><link rel="alternate" hreflang="it" href="https://www.spesati.it/scaffale/farine-e-lieviti" /><link href="../../cdnjs.cloudflare.com/ajax/libs/meyer-reset/2.0/reset.min.css" rel="stylesheet" type="text/css" /><link href="../../cdnjs.cloudflare.com/ajax/libs/font-awesome/6.5.1/css/all.min.css" rel="stylesheet" type="text/css" /><link href="https://fonts.googleapis.com/css?family=Montserrat:400,700" rel="stylesheet" type="text/css" /><link href="../../cdnjs.cloudflare.com/ajax/libs/fancybox/2.1.5/jquery.fancybox.min.css" rel="stylesheet" type="text/css" /><link href="../style/mainbea6.css?v=7" rel="stylesheet" type="text/css" /><link href="../style/lightslider.css" rel="stylesheet" type="text/css" /><link href="../style/categories.css" rel="stylesheet" type="text/css" /><script src="../../cdnjs.cloudflare.com/ajax/libs/jquery/3.6.1/jquery.min.js" type="text/javascript"></script><script src="../../ajax.googleapis.com/ajax/libs/jquery/1.11.0/jquery.min.js" type="text/javascript"></script><script src="http://unpkg.com/@floating-ui/core@0.4.0" type="text/javascript"></script><script src="http://unpkg.com/@floating-ui/dom@0.2.0" type="text/javascript"></script><script src="../../cdnjs.cloudflare.com/ajax/libs/fancybox/2.1.5/jquery.fancybox.min.js" type="text/javascript"></script><script src="../js/menu.js" type="text/javascript"></script><script src="../js/interfaceb6f5.js?v=10" type="text/javascript"></script><script src="../js/spesati.lightslider.min.js" type="text/javascript"></script><meta name="viewport" content="width=device-width, initial-scale=1, maximum-scale=1" /><meta name = "format-detection" content = "telephone=no">
<!-- Facebook Pixel Code -->
<script>
  !function(f,b,e,v,n,t,s)
  {if(f.fbq)return;n=f.fbq=function(){n.callMethod?
  n.callMethod.apply(n,arguments):n.queue.push(arguments)};
  if(!f._fbq)f._fbq=n;n.push=n;n.loaded=!0;n.version='2.0';
  n.queue=[];t=b.createElement(e);t.async=!0;
  t.src=v;s=b.getElementsByTagName(e)[0];
  s.parentNode.insertBefore(t,s)}(window, document,'script',
  '../../connect.facebook.net/en_US/fbevents.js');
  fbq('init', '792335014180667');
  fbq('track', 'PageView');
</script>
<noscript>
    <img height="1" width="1" style="display:none" src="https://www.facebook.com/tr?id=792335014180667&amp;ev=PageView&amp;noscript=1" />
</noscript>
<!-- End Facebook Pixel Code -->

<!-- GA4 -->
<script async src="https://www.googletagmanager.com/gtag/js?id=G-SSS6NRNXL0"></script>
<script>
  window.dataLayer = window.dataLayer || [];
  function gtag(){dataLayer.push(arguments);}
  gtag('js', new Date());
  gtag('config', 'AW-976671669');
  gtag('config', 'G-SSS6NRNXL0');
</script>
<!-- Elements for PWA deploy -->
<link rel="manifest" href="../manifest.json">
<meta name="theme-color" media="(prefers-color-scheme: light)" content="white">
<meta name="theme-color" media="(prefers-color-scheme: dark)"  content="black">
<link href=../images/icon-192.png rel=apple-touch-icon sizes="192x192">
<!-- Establishment logic -->
<script>var pageEstablishment = "Olbia"; var estDefaultPages = true</script>
    <!--[if lt IE 9]>
        <script src="https://cdnjs.cloudflare.com/ajax/libs/html5shiv/3.7.3/html5shiv.min.js" type="text/javascript"></script>
    <![endif]--><script type="text/javascript">
$(document).ready(function() {
    // Check if exists cookie
    if(document.cookie.indexOf("cookieAccepted") < 0) {
        var cookieText = '<div id=\"cookie\"><p>This site uses cookies. Cookies are used for ads personalisation. <a href=\"/privacy-policy\">More info</a></p><button id=\"cookieConsent\" type=\"button\">Accept</button></div>';
        $("body").append($(
            cookieText
        ));
        $('#cookie').css({
            'width'           : '100%',
            'text-align'      : 'center',
            'color'           : '#FFFFFF',
            'background-color': '#000000', 
            'opacity'         : '.8', 
            'position'        : 'fixed', 
            'bottom'          : '0',
            'padding'         : '.5em 0',
            'z-index'         : '999'
        });
        $('#cookie > *').css({
            'display': 'inline'
        });
        $('#cookie a').css({
            'color'          : '#FFFFFF',
            'text-decoration': 'underline',
            'margin-right'   : '2%'
        });
        $('#cookieConsent').click(function() {
            // Set cookie
            var expiry = new Date();
            expiry.setTime(expiry.getTime() + (365 * 24 * 60 * 60 * 1000));
            document.cookie = "cookieAccepted=yes; expires=" + expiry.toGMTString() + "; path=/; domain=.spesati.com";
            $('#cookie').css({'display': 'none'});
        });
    }
});
</script></head><body><script type="text/javascript">
    var addText = "Add";
    var slider  = null;
    $(document).ready(function() {
        slider = $('#cartSlider').lightSlider({
            controls: false,
            item:13,
            loop:false,
            slideMove:1,
            easing: 'cubic-bezier(0.25, 0, 0.25, 1)',
            speed:600,
            responsive : [
                {
                    breakpoint:1400,
                    settings: {
                        item:12,
                        slideMove:1,
                    }
                },
                {
                    breakpoint:1200,
                    settings: {
                        item:11,
                        slideMove:1,
                    }
                },
                {
                    breakpoint:1080,
                    settings: {
                        item:14,
                        slideMove:1,
                    }
                },
                {
                    breakpoint:800,
                    settings: {
                        item:12,
                        slideMove:1,
                    }
                }
            ]
        });
        $('.lSPager').css("display","none");
        $('.lSAction').css("display","block");
        $('#goToPrevSlide').on('click', function () {
            slider.goToPrevSlide();
        });
        $('#goToNextSlide').on('click', function () {
            slider.goToNextSlide();
        });
    });

</script>
<div id="header" class="bgYellow">
    <header>
        <a class="menu" href="#"><i class="fa red fa-bars fa-2x"></i></a>
        <a id="logo" class="colLeft estDynamic" href="../index.html">
            <img src="../../cdn.spesati.com/images/layout/logo-eng.png" alt="Spesati.com" />
            <h2 class="red">Grocery Delivery</h2>
        </a>
        <div class="colRight">
            <div id="controls" class="right">
                <p id="establishmentControls">
                    <span class="establishmentWarning"><i class="fa-solid fa-triangle-exclamation red" title="Stai visualizzando i prodotti disponibili in una zona diversa. Se vuoi cambiare zona, cliccan qui"></i>&nbsp;&nbsp;</span>
                    Shopping from <b><a id="establishment" href="#"></a></b> <span id="estAddress">for </span> <a href="../change-establishment.html">(<i class="fa-solid fa-pencil"></i> Change)</a> <span class="establishmentWarning">but viewing <b>Olbia</b></span>
                </p>
                <p><a href="https://www.spesati.it/scaffale/farine-e-lieviti" class="black switch-site">Versione italiana</a></p>                
            </div>
            <div>
                <form id="search" action="https://www.spesati.com/search" method="post" class="left">
                    <fieldset>
                        <div>
                            <input type="text" name="searchBox" id="searchBox" placeholder="Search for a product"></input>
                            <input id="searchButton" type="submit" name="searchButton" class="button bgRed white left" value="Find" />
                        </div>
                    </fieldset>
                </form>
                <div class="center left">
                    <a class="button bgRed white log-in" href="../login.html">Login</a>
                    <a class="button bgRed white sign-up" href="../sign-up.html">Sign up</a>
                    <a class="button bgRed white profile" href="../profile.html">Profile</a>
                    <a class="button bgRed white log-out" href="../index.html" data-endpoint-check-cart="https://api.spesati.com/cart/check">Logout</a>
                </div>
                <div class="right user-function-icons">
                    <a class="red left account"><i class="fa fa-user fa-3x"></i></a>
                    <div id="dropdown">
                        <a class="log-in button bgRed white" href="../login.html">Login</a>
                        <a class="sign-up button bgRed white" href="../sign-up.html">Sign up</a>
                        <a class="profile button bgRed white" href="../profile.html">Profile</a>
                        <a class="log-out button bgRed white" href="../index.html">Logout</a>
                    </div>

                    <div class="cart left">
                        <i class="fa fa-sm fa-shopping-cart red" aria-hidden="true" id="shipping-cart-button"></i>
                        <p id="cartQuantity"></p>
                    </div>

                    <a class="right" href="../cart.html"><p class="black" id="cartTotal"></p></a>
                </div>
            </div>
                            <div id="previewCart">
                    <i id="goToPrevSlide" class="yellow fa fa-angle-left fa-2x" aria-hidden="true"></i>
                    <div><ul id="cartSlider"></ul></div>
                    <i id="goToNextSlide" class="yellow fa fa-angle-right fa-2x" aria-hidden="true"></i>
                </div>
                    </div>
    </header>

    <div id="shipping-cart-options" data-inited="false">
        <a href="../cart.html" class="goto-cart">checkout</a>
        <a href="#" data-endpoint-auth="https://api.spesati.com/cart/save" data-endpoint-noauth="/login" class="save-cart">save</a>
        <a href="#" data-endpoint-auth="https://api.spesati.com/cart/load" class="load-cart">load</a>
    </div>
</div>
<div id="menuCategoriesMobile" class="mobile bgRed">
    <div class="closeMenu">
        <i class="fa fa-times fa-2x white"></i>
        Close
    </div>
    <ul class="bgRed white">
        <div id="langMobile" class="right">
        <a href="https://www.spesati.it/scaffale/farine-e-lieviti" class="white switch-site"><p>Versione italiana</p></a>    </div>
        <li><a>Categories</a>
            <ul class="bgWhite">
                <li>
                    <img src="../../cdn.spesati.com/images/menu/on-sale.png"/>
                    On sale                    <i class="fa fa-angle-down" aria-hidden="true"></i>
                    <ul class="sub-menu">
                    <li>
    <a href="../tacchino-fesa-a-fette.html">Tacchino Fesa A Fette</a>
</li><li>
    <a href="../amaro-montenegro-15lt.html">Amaro Montenegro 1,5lt</a>
</li><li>
    <a href="../carbone-di-legna-sacco-10kg.html">Carbone Di Legna Sacco 10Kg</a>
</li><li>
    <a href="../filu-e-ferru-silvio-carta-70cl.html">Filu E Ferru Silvio Carta 70Cl</a>
</li><li>
    <a href="../braciole-suino-con-cotenna.html">Braciole Suino Con Cotenna</a>
</li><li>
    <a href="../bovino-adulto-polpa.html">Bovino Adulto Polpa</a>
</li><li>
    <a href="../vino-la-palma-cannonau-le-bombarde.html">Vino La Palma Cannonau Le Bombarde</a>
</li><li>
    <a href="../fettine-sceltissime-bovino-adulto.html">Fettine Sceltissime Bovino Adulto</a>
</li><li>
    <a href="../suino-fettine-scelte.html">Suino Fettine Scelte</a>
</li><li>
    <a href="../lavazza-caffe-qualita-rossa-2x250gr.html">Lavazza Caffé Qualità Rossa 2x250gr</a>
</li>                        <li>
                            <a class="estDynamic" href="../on-offer.html">All products on sale</a>
                        </li>
                    </ul>
                </li>
                <li>
                    <img src="../../cdn.spesati.com/images/menu/gift.png"/>
                    Gifts                    <i class="fa fa-angle-down" aria-hidden="true"></i>
                    <ul class="sub-menu">
                        <li>
    <a href="../gift-card-da-150.html">Gift Card Da 150</a>
</li><li>
    <a href="../gift-card-da-100.html">Gift Card Da 100</a>
</li><li>
    <a href="../gift-card-da-50.html">Gift Card Da 50</a>
</li><li>
    <a href="../gift-card-da-25.html">Gift Card Da 25</a>
</li>                        <li>
                            <a class="estDynamic" href="../gift.html">All products in the gifts category</a>
                        </li>
                    </ul>
                </li>
                <li>
                    <img src="../../cdn.spesati.com/images/menu/gift-card.png"/>
                    Gift card and discounts                    <i class="fa fa-angle-down" aria-hidden="true"></i>
                    <ul class="sub-menu">
                        <li>
    <a href="../gift-card-da-150.html">Gift Card Da 150</a>
</li><li>
    <a href="../gift-card-da-100.html">Gift Card Da 100</a>
</li><li>
    <a href="../gift-card-da-50.html">Gift Card Da 50</a>
</li><li>
    <a href="../gift-card-da-25.html">Gift Card Da 25</a>
</li>                    </ul>
                </li>
                <li>
                    <img src="../../cdn.spesati.com/images/menu/fuit-and-vegetables.png"/>
                    Fruit and vegetables                    <i class="fa fa-angle-down" aria-hidden="true"></i>
                    <ul class="sub-menu">
                        <li>
                            <a class="estDynamic" href="../fruit-and-vegetables/pulses-and-beans.html">Cereals and pulses and beans</a>
                        </li>
                        <li>
                            <a class="estDynamic" href="../fruit-and-vegetables/fruit.html">Fruit</a>
                        </li>
                        <li>
                            <a class="estDynamic" href="../fruit-and-vegetables/canned-fruit.html">Canned fruit</a>
                        </li>
                        <li>
                            <a class="estDynamic" href="../fruit-and-vegetables/dried-fruit.html">Dried fruit</a>
                        </li>
                        <li>
                            <a class="estDynamic" href="../fruit-and-vegetables/ready-salads.html">Ready salads</a>
                        </li>
                        <li>
                            <a class="estDynamic" href="../fruit-and-vegetables/fresh-spices.html">Fresh spices</a>
                        </li>
                        <li>
                            <a class="estDynamic" href="../fruit-and-vegetables/vegetables.html">Vegetables and soy</a>
                        </li>
                    </ul>
                </li>
                <li>
                    <img src="../../cdn.spesati.com/images/menu/fresh-products.png"/>
                    Fresh products                    <i class="fa fa-angle-down" aria-hidden="true"></i>
                    <ul class="sub-menu">
                        <li>
                            <a class="estDynamic" href="../fresh-products/margarine-and-butter.html">Butter and margarine</a>
                        </li>
                        <li>
                            <a class="estDynamic" href="../fresh-products/danone.html">Danone</a>
                        </li>
                        <li>
                            <a class="estDynamic" href="../fresh-products/dessert.html">Dessert</a>
                        </li>
                        <li>
                            <a class="estDynamic" href="../fresh-products/sweets.html">Sweets</a>
                        </li>
                        <li>
                            <a class="estDynamic" href="../fresh-products/dairy-products.html">Dairy product</a>
                        </li>
                        <li>
                            <a class="estDynamic" href="../fresh-products/bakery.html">Yeast</a>
                        </li>
                        <li>
                            <a class="estDynamic" href="../fresh-products/mascarpone.html">Mascarpone</a>
                        </li>
                        <li>
                            <a class="estDynamic" href="../fresh-products/snacks.html">Snacks</a>
                        </li>
                        <li>
                            <a class="estDynamic" href="../fresh-products/mozzarella.html">Mozzarella</a>
                        </li>
                        <li>
                            <a class="estDynamic" href="../fresh-products/pasta.html">Pasta</a>
                        </li>
                        <li>
                            <a class="estDynamic" href="../fresh-products/pesto-and-sauces.html">Pesto and sauces</a>
                        </li>
                        <li>
                            <a class="estDynamic" href="../fresh-products/ricotta-and-cheese.html">Ricotta and cheese</a>
                        </li>
                        <li>
                            <a class="estDynamic" href="../fresh-products/cured-meat.html">Cured meat</a>
                        </li>
                        <li>
                            <a class="estDynamic" href="../fresh-products/wurstel.html">Würstel</a>
                        </li>
                        <li>
                            <a class="estDynamic" href="../fresh-products/yogurt.html">Yogurt</a>
                        </li>
                    </ul>
                </li>
                <li>
                    <img src="../../cdn.spesati.com/images/menu/frozen-foods.png"/>
                    Frozen foods                    <i class="fa fa-angle-down" aria-hidden="true"></i>
                    <ul class="sub-menu">
                        <li>
                            <a class="estDynamic" href="../frozen-foods/meat.html">Meat</a>
                        </li>
                        <li>
                            <a class="estDynamic" href="../frozen-foods/ice-creams.html">Ice cream and sweet</a>
                        </li>
                        <li>
                            <a class="estDynamic" href="../frozen-foods/pasta.html">Pasta</a>
                        </li>
                        <li>
                            <a class="estDynamic" href="../frozen-foods/fish.html">Fish</a>
                        </li>
                        <li>
                            <a class="estDynamic" href="../frozen-foods/ready-meals.html">Ready meals</a>
                        </li>
                        <li>
                            <a class="estDynamic" href="../frozen-foods/pizzas.html">Pizzas</a>
                        </li>
                        <li>
                            <a class="estDynamic" href="../frozen-foods/vegetables.html">Vegetables and soy</a>
                        </li>
                    </ul>
                </li>
                <li>
                    <img src="../../cdn.spesati.com/images/menu/bread-and-pasta.png"/>
                    Bread and pasta                    <i class="fa fa-angle-down" aria-hidden="true"></i>
                    <ul class="sub-menu">
                        <li>
                            <a class="estDynamic" href="../bread-and-pasta/crackers.html">Crackers</a>
                        </li>
                        <li>
                            <a class="estDynamic" href="../bread-and-pasta/rusks.html">Rusks</a>
                        </li>
                        <li>
                            <a class="estDynamic" href="../bread-and-pasta/white-bread.html">White bread</a>
                        </li>
                        <li>
                            <a class="estDynamic" href="../bread-and-pasta/local-bread.html">Local bread</a>
                        </li>
                        <li>
                            <a class="estDynamic" href="../bread-and-pasta/soft-bread.html">Soft bread</a>
                        </li>
                        <li>
                            <a class="estDynamic" href="../bread-and-pasta/sardinian-bread.html">Sardinian bread</a>
                        </li>
                        <li>
                            <a class="estDynamic" href="../bread-and-pasta/bakery.html">Bakery</a>
                        </li>
                        <li>
                            <a class="estDynamic" href="../bread-and-pasta/pasta.html">Pasta</a>
                        </li>
                        <li>
                            <a class="estDynamic" href="../bread-and-pasta/fresh-pasta.html">Fresh pasta</a>
                        </li>
                    </ul>
                </li>
                <li>
                    <img src="../../cdn.spesati.com/images/menu/meat.png"/>
                    Meat                    <i class="fa fa-angle-down" aria-hidden="true"></i>
                    <ul class="sub-menu">
                        <li>
                            <a class="estDynamic" href="../meat/beef.html">Beef</a>
                        </li>
                        <li>
                            <a class="estDynamic" href="../meat/goat.html">Goat</a>
                        </li>
                        <li>
                            <a class="estDynamic" href="../meat/packaged-meat.html">Packaged meat</a>
                        </li>
                        <li>
                            <a class="estDynamic" href="../meat/rabbit.html">Rabbit</a>
                        </li>
                        <li>
                            <a class="estDynamic" href="../meat/horse.html">Horse</a>
                        </li>
                        <li>
                            <a class="estDynamic" href="../meat/pork.html">Pork</a>
                        </li>
                        <li>
                            <a class="estDynamic" href="../meat/lamb.html">Lamb</a>
                        </li>
                        <li>
                            <a class="estDynamic" href="../meat/poultry.html">Poultry</a>
                        </li>
                    </ul>
                </li>
                <li>
                    <img src="../../cdn.spesati.com/images/menu/fish.png"/>
                    Fish                    <i class="fa fa-angle-down" aria-hidden="true"></i>
                    <ul class="sub-menu">
                        <li>
                            <a class="estDynamic" href="../fish/fresh-water.html">Fresh water</a>
                        </li>
                        <li>
                            <a class="estDynamic" href="../fish/salt-water.html">Salt water</a>
                        </li>
                        <li>
                            <a class="estDynamic" href="../fish/mussels.html">Mussels</a>
                        </li>
                        <li>
                            <a class="estDynamic" href="../fish/dried-and-salted.html">Dried and salted</a>
                        </li>
                        <li>
                            <a class="estDynamic" href="../fish/seafood-salad.html">Seafood salad</a>
                        </li>
                        <li>
                            <a class="estDynamic" href="../fish/prepared.html">Prepared</a>
                        </li>
                        <li>
                            <a class="estDynamic" href="../fish/specialty.html">Specialty</a>
                        </li>   
                        <li>
                            <a class="estDynamic" href="../fish/tuna-and-salmon.html">Tuna and salmon</a>
                        </li>
                    </ul>
                </li>
                <li>
                    <img src="../../cdn.spesati.com/images/menu/alcohol.png"/>
                    Wine beer and spirits                    <i class="fa fa-angle-down" aria-hidden="true"></i>
                    <ul class="sub-menu">
                        <li>
                            <a class="estDynamic" href="../wine-beer-and-spirits/spirits-and-liquors.html">Alcohol</a>
                        </li>
                        <li>
                            <a class="estDynamic" href="../wine-beer-and-spirits/bitters.html">Bitters</a>
                        </li>
                        <li>
                            <a class="estDynamic" href="../wine-beer-and-spirits/aperatif.html">Aperatifs</a>
                        </li>
                        <li>
                            <a class="estDynamic" href="../wine-beer-and-spirits/beer.html">Beer</a>
                        </li>
                        <li>
                            <a class="estDynamic" href="../wine-beer-and-spirits/creams.html">Creams</a>
                        </li>
                        <li>
                            <a class="estDynamic" href="../wine-beer-and-spirits/spirits.html">Spirits</a>
                        </li>
                        <li>
                            <a class="estDynamic" href="../wine-beer-and-spirits/liquors.html">Liquors</a>
                        </li>
                        <li>
                            <a class="estDynamic" href="../wine-beer-and-spirits/white-wine.html">White wine</a>
                        </li>
                        <li>
                            <a class="estDynamic" href="../wine-beer-and-spirits/prosecco-wine.html">Prosecco wine</a>
                        </li>
                        <li>
                            <a class="estDynamic" href="../wine-beer-and-spirits/rose-wine.html">Rose wine</a>
                        </li>
                        <li>
                            <a class="estDynamic" href="../wine-beer-and-spirits/red-wine.html">Red wine</a>
                        </li>
                        <li>
                            <a class="estDynamic" href="../wine-beer-and-spirits/specialty-wine.html">Special wine</a>
                        </li>
                        <li>
                            <a class="estDynamic" href="../wine-beer-and-spirits/sparkling-wine.html">Sparkling wine</a>
                        </li>
                        <li>
                            <a class="estDynamic" href="../wine-beer-and-spirits/vermentino-wine.html">Vermentino wine</a>
                        </li>
                    </ul>
                </li>
                <li>
                    <img src="../../cdn.spesati.com/images/menu/water-and-drinks.png"/>
                    Water and drinks                    <i class="fa fa-angle-down" aria-hidden="true"></i>
                    <ul class="sub-menu">
                        <li>
                            <a class="estDynamic" href="../water-and-drinks/san-martino.html">San Martino</a>
                        </li>
                        <li>
                            <a class="estDynamic" href="../water-and-drinks/water.html">Water</a>
                        </li>
                        <li>
                            <a class="estDynamic" href="../water-and-drinks/alpro.html">Alpro</a>
                        </li>
                        <li>
                            <a class="estDynamic" href="../water-and-drinks/fizzy-drinks.html">Fizzy drinks</a>
                        </li>
                        <li>
                            <a class="estDynamic" href="../water-and-drinks/coca-cola.html">Coca-Cola</a>
                        </li>
                        <li>
                            <a class="estDynamic" href="../water-and-drinks/energy-drink.html">Energy drink</a>
                        </li>
                        <li>
                            <a class="estDynamic" href="../water-and-drinks/syrups.html">Syrups</a>
                        </li>
                        <li>
                            <a class="estDynamic" href="../water-and-drinks/supplements.html">Supplements</a>
                        </li>
                        <li>
                            <a class="estDynamic" href="../water-and-drinks/instant-drinks.html">Instant drinks</a>
                        </li>
                        <li>
                            <a class="estDynamic" href="../water-and-drinks/juice.html">Juice</a>
                        </li>
                        <li>
                            <a class="estDynamic" href="../water-and-drinks/tea.html">Tea</a>
                        </li>
                    </ul>
                </li>
                <li>
                    <img src="../../cdn.spesati.com/images/menu/sweets.png"/>
                    Sweets                    <i class="fa fa-angle-down" aria-hidden="true"></i>
                    <ul class="sub-menu">
                        <li>
                            <a class="estDynamic" href="../sweets/bars-and-snacks.html">Bars and snacks</a>
                        </li>
                        <li>
                            <a class="estDynamic" href="../sweets/biscuits.html">Biscuits</a>
                        </li>
                        <li>
                            <a class="estDynamic" href="../sweets/brioches.html">Brioches</a>
                        </li>
                        <li>
                            <a class="estDynamic" href="../sweets/candy-and-chewing-gum.html">Candy and chewing gum</a>
                        </li>
                        <li>
                            <a class="estDynamic" href="../sweets/cereals.html">Cereals</a>
                        </li>
                        <li>
                            <a class="estDynamic" href="../sweets/chocolate.html">Chocolate</a>
                        </li>
                        <li>
                            <a class="estDynamic" href="../sweets/spreadable-creams.html">Spreads</a>
                        </li>
                        <li>
                            <a class="estDynamic" href="../sweets/dessert-toppings.html">Dessert toppings</a>
                        </li>
                        <li>
                            <a class="estDynamic" href="../sweets/jam.html">Jam</a>
                        </li>
                        <li>
                            <a class="estDynamic" href="../sweets/honey.html">Honey</a>
                        </li>
                        <li>
                            <a class="estDynamic" href="../sweets/panettoni-and-pandoro.html">Panettone and pandoro</a>
                        </li>
                        <li>
                            <a class="estDynamic" href="../sweets/pastry.html">Pastry</a>
                        </li>
                        <li>
                            <a class="estDynamic" href="../sweets/instant-dessert.html">Prepared</a>
                        </li>
                        <li>
                            <a class="estDynamic" href="../sweets/cakes-and-pies.html">Cakes and pies</a>
                        </li>
                        <li>
                            <a class="estDynamic" href="../sweets/easter-eggs-and-doves.html">Easter eggs and doves</a>
                        </li>
                    </ul>
                </li>
                <li>
                    <img src="../../cdn.spesati.com/images/menu/shelf.png"/>
                    Cupboard                    <i class="fa fa-angle-down" aria-hidden="true"></i>
                    <ul class="sub-menu">
                        <li>
                            <a class="estDynamic" href="coffee.html">Coffee</a>
                        </li>
                        <li>
                            <a class="estDynamic" href="gift-baskets.html">Gift baskets</a>
                        </li>
                        <li>
                            <a class="estDynamic" href="stock-cubes.html">Nuts and preparations</a>
                        </li>
                        <li>
                            <a class="estDynamic" href="flour-and-baking.html">Flour and baking</a>
                        </li>
                        <li>
                            <a class="estDynamic" href="milk.html">Milk</a>
                        </li>
                        <li>
                            <a class="estDynamic" href="oil-salt-vinegar.html">Oil, vinegar and salt</a>
                        </li>
                        <li>
                            <a class="estDynamic" href="cream-and-bechamel.html">Cream and bechamel</a>
                        </li>
                        <li>
                            <a class="estDynamic" href="crisps-and-pretzels.html">Crisps and pretzels</a>
                        </li>
                        <li>
                            <a class="estDynamic" href="baby-and-infants-products.html">Early childhood products</a>
                        </li>
                        <li>
                            <a class="estDynamic" href="rice.html">Rice</a>
                        </li>
                        <li>
                            <a class="estDynamic" href="tins-and-preserves.html">Tins and Preserves</a>
                        </li>
                        <li>
                            <a class="estDynamic" href="spices.html">Spices</a>
                        </li>
                        <li>
                            <a class="estDynamic" href="sauces.html">Sauces</a>
                        </li>
                        <li>
                            <a class="estDynamic" href="tea-and-infusions.html">Tea and infusions</a>
                        </li>
                        <li>
                            <a class="estDynamic" href="eggs.html">Eggs</a>
                        </li>
                        <li>
                            <a class="estDynamic" href="sugar-and-sweeteners.html">Sugar and sweeteners</a>
                        </li>
                    </ul>
                </li>
                <li>
                    <img src="../../cdn.spesati.com/images/menu/personal-care.png"/>
                    Personal care                    <i class="fa fa-angle-down" aria-hidden="true"></i>
                    <ul class="sub-menu">
                        <li>
                            <a class="estDynamic" href="../personal-care/accessories-and-cotton.html">Accessories and cotton</a>
                        </li>
                        <li>
                            <a class="estDynamic" href="../personal-care/feminine-care-incontinence-and-baby-diapers.html">Feminine incontinence and diapers</a>
                        </li>
                        <li>
                            <a class="estDynamic" href="../personal-care/shower-gel.html">Shower gel</a>
                        </li>
                        <li>
                            <a class="estDynamic" href="../personal-care/creams.html">Creams</a>
                        </li>
                        <li>
                            <a class="estDynamic" href="../personal-care/deodorant.html">Deodorant</a>
                        </li>
                        <li>
                            <a class="estDynamic" href="../personal-care/hair-removal.html">Hair removal</a>
                        </li>
                        <li>
                            <a class="estDynamic" href="../personal-care/disinfectants.html">Disinfectants</a>
                        </li>
                        <li>
                            <a class="estDynamic" href="../personal-care/oral-hygiene.html">Oral hygiene</a>
                        </li>
                        <li>
                            <a class="estDynamic" href="../personal-care/supplements-and-multivitamins.html">Supplements and multivitamins</a>
                        </li>
                        <li>
                            <a class="estDynamic" href="../personal-care/first-aid.html">First aid label</a>
                        </li>
                        <li>
                            <a class="estDynamic" href="../personal-care/beard-products.html">Beard products</a>
                        </li>
                        <li>
                            <a class="estDynamic" href="../personal-care/hairs-products.html">Hair products</a>
                        </li>
                        <li>
                            <a class="estDynamic" href="../personal-care/perfume.html">Perfumes</a>
                        </li>
                        <li>
                            <a class="estDynamic" href="../personal-care/wipes.html">Wipes</a>
                        </li>
                        <li>
                            <a class="estDynamic" href="../personal-care/soaps-and-body-wash.html">Soaps and body wash</a>
                        </li>
                        <li>
                            <a class="estDynamic" href="../personal-care/shampoo-and-conditioner.html">Shampoo and conditioner</a>
                        </li>
                    </ul>
                </li>
                <li>
                    <img src="../../cdn.spesati.com/images/menu/pellet-and-home.png"/>
                    Home and outdoors                    <i class="fa fa-angle-down" aria-hidden="true"></i>
                    <ul class="sub-menu">
                        <li>
                            <a class="estDynamic" href="../household-and-outdoors/distilled-water.html">Distilled water</a>
                        </li>
                        <li>
                            <a class="estDynamic" href="../household-and-outdoors/car-products.html">Cars</a>
                        </li>
                        <li>
                            <a class="estDynamic" href="../household-and-outdoors/bin-bags-and-buckets.html">Bin bags and buckets</a>
                        </li>
                        <li>
                            <a class="estDynamic" href="../household-and-outdoors/bleach-and-stain-removers.html">Bleach and stain removers</a>
                        </li>
                        <li>
                            <a class="estDynamic" href="../household-and-outdoors/candles.html">Candles</a>
                        </li>
                        <li>
                            <a class="estDynamic" href="../household-and-outdoors/kitchen-roll.html">Kitchen roll</a>
                        </li>
                        <li>
                            <a class="estDynamic" href="../household-and-outdoors/air-fresheners.html">Air fresheners</a>
                        </li>
                        <li>
                            <a class="estDynamic" href="../household-and-outdoors/laundry-accessories-and-detergent.html">Laundry detergent</a>
                        </li>
                        <li>
                            <a class="estDynamic" href="../household-and-outdoors/dishwasher-and-washing-up.html">Dishwasher and washing up</a>
                        </li>
                        <li>
                            <a class="estDynamic" href="../household-and-outdoors/gardening.html">Gardening</a>
                        </li>
                        <li>
                            <a class="estDynamic" href="../household-and-outdoors/light-bulbs-and-batteries.html">Lightbulbs and batteries</a>
                        </li>
                        <li>
                            <a class="estDynamic" href="../household-and-outdoors/pellet-and-bbq.html">Pellet and BBQ</a>
                        </li>
                        <li>
                            <a class="estDynamic" href="../household-and-outdoors/bathroom-products.html">Bathroom products</a>
                        </li>
                        <li>
                            <a class="estDynamic" href="../household-and-outdoors/home-and-furniture-products.html">Home and furniture products</a>
                        </li>
                        <li>
                            <a class="estDynamic" href="../household-and-outdoors/kitchen-products.html">Kitchen products</a>
                        </li>
                        <li>
                            <a class="estDynamic" href="../household-and-outdoors/window-and-floor-cleaners.html">Window and floor cleaner</a>
                        </li>
                        <li>
                            <a class="estDynamic" href="../household-and-outdoors/repellents.html">Repellents</a>
                        </li>
                        <li>
                            <a class="estDynamic" href="../household-and-outdoors/disposable-tableware.html">Disposable tableware</a>
                        </li>
                    </ul>
                </li>
                <li>
                    <img src="../../cdn.spesati.com/images/menu/animals.png"/>
                    Pets                    <i class="fa fa-angle-down" aria-hidden="true"></i>
                    <ul class="sub-menu">
                        <li>
                            <a class="estDynamic" href="../pets/pet-food-other-animals.html">Other animals pet food</a>
                        </li>
                        <li>
                            <a class="estDynamic" href="../pets/pet-food-dogs.html">Pet food dogs</a>
                        </li>
                        <li>
                            <a class="estDynamic" href="../pets/pet-food-cats.html">Pet food cats</a>
                        </li>
                        <li>
                            <a class="estDynamic" href="../pets/hygiene-and-cleaning.html">Hygiene and cleaning</a>
                        </li>
                    </ul>
                </li>
                <li>
                    <img src="../../cdn.spesati.com/images/menu/technology.png"/>
                    Technology                    <i class="fa fa-angle-down" aria-hidden="true"></i>
                    <ul class="sub-menu">
                        <li>
                            <a class="estDynamic" href="../technology/accessories.html">Accessories</a>
                        </li>
                        <li>
                            <a class="estDynamic" href="../technology/computer.html">Computer</a>
                        </li>
                        <li>
                            <a class="estDynamic" href="../technology/telephones.html">Telephones</a>
                        </li>
                        <li>
                            <a class="estDynamic" href="../technology/tv.html">TV</a>
                        </li>
                    </ul>
                </li>
                <li>
                    <img src="../../cdn.spesati.com/images/menu/gluten-free.png"/>
                    Gluten free                    <i class="fa fa-angle-down" aria-hidden="true"></i>
                    <ul class="sub-menu">
                        <li>
                            <a class="estDynamic" href="../gluten-free/frozen-foods.html">Frozen foods</a>
                        </li>
                        <li>
                            <a class="estDynamic" href="../gluten-free/beer.html">Beer</a>
                        </li>
                        <li>
                            <a class="estDynamic" href="../gluten-free/sweets.html">Sweets</a>
                        </li>
                        <li>
                            <a class="estDynamic" href="../gluten-free/bread-and-pasta.html">Bread and pasta</a>
                        </li>
                        <li>
                            <a class="estDynamic" href="../gluten-free/shelf.html">Cupboard</a>
                        </li>
                    </ul>
                </li>
                <li>
                    <img src="../../cdn.spesati.com/images/menu/lactose-free.png"/>
                    Lactose free                    <i class="fa fa-angle-down" aria-hidden="true"></i>
                    <ul class="sub-menu">
                        <li>
                            <a class="estDynamic" href="../lactose-free/frozen-foods.html">Frozen foods</a>
                        </li>
                        <li>
                            <a class="estDynamic" href="../lactose-free/sweets.html">Sweets</a>
                        </li>
                        <li>
                            <a class="estDynamic" href="../lactose-free/dairy-product.html">Dairy product</a>
                        </li>
                        <li>
                            <a class="estDynamic" href="../lactose-free/shelf.html">Cupboard</a>
                        </li>
                    </ul>
                </li>
                <li>
                    <img src="../../cdn.spesati.com/images/menu/special.png"/>
                    Special                    <i class="fa fa-angle-down" aria-hidden="true"></i>
                    <ul class="sub-menu">
                        <li>
                            <a class="estDynamic" href="../special/alpro.html">Alpro</a>
                        </li>
                        <li>
                            <a class="estDynamic" href="../special/organic.html">Biological</a>
                        </li>
                        <li>
                            <a class="estDynamic" href="../special/meat.html">Meat</a>
                        </li>
                        <li>
                            <a class="estDynamic" href="../special/wholegrain.html">Wholegrain</a>
                        </li>
                        <li>
                            <a class="estDynamic" href="../special/bread-and-pasta.html">Bread and pasta</a>
                        </li>
                        <li>
                            <a class="estDynamic" href="../special/vegan.html">Vegan</a>
                        </li>
                    </ul>
                </li>
                <li>
                    <img src="../../cdn.spesati.com/images/menu/sardinian-products.png"/>
                    Sardinian products                    <i class="fa fa-angle-down" aria-hidden="true"></i>
                    <ul class="sub-menu">
                        <li>
                            <a class="estDynamic" href="../sardinian-products/drinks.html">Drinks</a>
                        </li>
                        <li>
                            <a class="estDynamic" href="../sardinian-products/meat.html">Meat</a>
                        </li>
                        <li>
                            <a class="estDynamic" href="../sardinian-products/sweets.html">Sweets</a>
                        </li>
                        <li>
                            <a class="estDynamic" href="../sardinian-products/fruit-and-vegetables.html">Fruit and vegetables</a>
                        </li>
                        <li>
                            <a class="estDynamic" href="../sardinian-products/ichnusa.html">Ichnusa</a>
                        </li>
                        <li>
                            <a class="estDynamic" href="../sardinian-products/dairy-product.html">Dairy product</a>
                        </li>
                        <li>
                            <a class="estDynamic" href="../sardinian-products/bread-and-pasta.html">Bread and pasta</a>
                        </li>
                        <li>
                            <a class="estDynamic" href="../sardinian-products/fish.html">Fish</a>
                        </li>
                        <li>
                            <a class="estDynamic" href="../sardinian-products/cured-meat.html">Cured meat</a>
                        </li>
                        <li>
                            <a class="estDynamic" href="../sardinian-products/shelf.html">Cupboard</a>
                        </li>
                        <li>
                            <a class="estDynamic" href="../sardinian-products/vermentino-wine.html">Vermentino wine</a>
                        </li>
                        <li>
                            <a class="estDynamic" href="../sardinian-products/wine-beer-and-spirits.html">Wine beer and spirits</a>
                        </li>
                    </ul>
                </li>
            </ul>
        </li>
        <li>
            <a href="../about.html">About</a>
        </li>
        <li>
            <a href="../faq.html">Faq</a>
        </li>
        <li>
            <a href="../customer-care.html">Support</a>
        </li>
        <li>
            <a href="../news.html">Blog</a>
        </li>
        <li>
            <a href="../terms-and-conditions.html">Conditions</a>
        </li>
        <li>
            <a href="../privacy-policy.html">Privacy policy</a>
        </li>
        <li>
            <a href="../login.html">Login</a>
        </li>
        <li>
             <a href="../sign-up.html">Sign up</a>
        </li>
    </ul>
</div><section class="first">
    <div id="menuCategories" class="colLeft">
    <ul id="main_nav" >
        <li>
            <a class="estDynamic" href="../on-offer.html">
               <img src="../../cdn.spesati.com/images/menu/on-sale.png"/>
               On sale            </a>
            <i class="fa fa-angle-right" aria-hidden="true"></i>
            <ul class="sub-menu">
                <li>
    <a href="../tacchino-fesa-a-fette.html" class="estDynamic">Tacchino Fesa A Fette</a>
</li><li>
    <a href="../amaro-montenegro-15lt.html" class="estDynamic">Amaro Montenegro 1,5lt</a>
</li><li>
    <a href="../carbone-di-legna-sacco-10kg.html" class="estDynamic">Carbone Di Legna Sacco 10Kg</a>
</li><li>
    <a href="../filu-e-ferru-silvio-carta-70cl.html" class="estDynamic">Filu E Ferru Silvio Carta 70Cl</a>
</li><li>
    <a href="../braciole-suino-con-cotenna.html" class="estDynamic">Braciole Suino Con Cotenna</a>
</li><li>
    <a href="../bovino-adulto-polpa.html" class="estDynamic">Bovino Adulto Polpa</a>
</li><li>
    <a href="../vino-la-palma-cannonau-le-bombarde.html" class="estDynamic">Vino La Palma Cannonau Le Bombarde</a>
</li><li>
    <a href="../fettine-sceltissime-bovino-adulto.html" class="estDynamic">Fettine Sceltissime Bovino Adulto</a>
</li><li>
    <a href="../suino-fettine-scelte.html" class="estDynamic">Suino Fettine Scelte</a>
</li><li>
    <a href="../lavazza-caffe-qualita-rossa-2x250gr.html" class="estDynamic">Lavazza Caffé Qualità Rossa 2x250gr</a>
</li>                <li>
                    <a class="estDynamic" href="../on-offer.html">All products on sale</a>
                </li>
            </ul>
        </li>
        <li>
            <a class="estDynamic" href="../gift.html">
               <img src="../../cdn.spesati.com/images/menu/gift.png"/>
               Gifts            </a>
            <i class="fa fa-angle-right" aria-hidden="true"></i>
            <ul class="sub-menu">
                <li>
    <a href="../gift-card-da-150.html" class="estDynamic">Gift Card Da 150</a>
</li><li>
    <a href="../gift-card-da-100.html" class="estDynamic">Gift Card Da 100</a>
</li><li>
    <a href="../gift-card-da-50.html" class="estDynamic">Gift Card Da 50</a>
</li><li>
    <a href="../gift-card-da-25.html" class="estDynamic">Gift Card Da 25</a>
</li>                <li>
                    <a class="estDynamic" href="../gift.html">All products in the gifts category</a>
                </li>
            </ul>
        </li>
        <li>
            <a class="estDynamic" href="../gift-card.html">
               <img src="../../cdn.spesati.com/images/menu/gift-card.png"/>
               Gift card and discounts            </a>
            <i class="fa fa-angle-right" aria-hidden="true"></i>
            <ul class="sub-menu">
                <li>
    <a href="../gift-card-da-150.html">Gift Card Da 150</a>
</li><li>
    <a href="../gift-card-da-100.html">Gift Card Da 100</a>
</li><li>
    <a href="../gift-card-da-50.html">Gift Card Da 50</a>
</li><li>
    <a href="../gift-card-da-25.html">Gift Card Da 25</a>
</li>            </ul>
        </li>
        <li>
            <a class="estDynamic" href="../fruit-and-vegetables.html">
               <img src="../../cdn.spesati.com/images/menu/fuit-and-vegetables.png"/>
               Fruit and vegetables           </a>
            <i class="fa fa-angle-right" aria-hidden="true"></i>
            <ul class="sub-menu">
                <li>
                    <a class="estDynamic" href="../fruit-and-vegetables/pulses-and-beans.html">Cereals and pulses and beans</a>
                </li>
                <li>
                    <a class="estDynamic" href="../fruit-and-vegetables/fruit.html">Fruit</a>
                </li>
                <li>
                    <a class="estDynamic" href="../fruit-and-vegetables/canned-fruit.html">Canned fruit</a>
                </li>
                <li>
                    <a class="estDynamic" href="../fruit-and-vegetables/dried-fruit.html">Dried fruit</a>
                </li>
                <li>
                    <a class="estDynamic" href="../fruit-and-vegetables/ready-salads.html">Ready salads</a>
                </li>
                <li>
                    <a class="estDynamic" href="../fruit-and-vegetables/fresh-spices.html">Fresh spices</a>
                </li>
                <li>
                    <a class="estDynamic" href="../fruit-and-vegetables/vegetables.html">Vegetables and soy</a>
                </li>
            </ul>
        </li>
        <li>
            <a class="estDynamic" href="../fresh-products.html">
                <img src="../../cdn.spesati.com/images/menu/fresh-products.png"/>
                Fresh products            </a>
            <i class="fa fa-angle-right" aria-hidden="true"></i>
            <ul class="sub-menu">
                <li>
                    <a class="estDynamic" href="../fresh-products/margarine-and-butter.html">Butter and margarine</a>
                </li>
                <li>
                    <a class="estDynamic" href="../fresh-products/danone.html">Danone</a>
                </li>
                <li>
                    <a class="estDynamic" href="../fresh-products/dessert.html">Dessert</a>
                </li>
                <li>
                    <a class="estDynamic" href="../fresh-products/sweets.html">Sweets</a>
                </li>
                <li>
                    <a class="estDynamic" href="../fresh-products/dairy-products.html">Dairy product</a>
                </li>
                <li>
                    <a class="estDynamic" href="../fresh-products/bakery.html">Yeast</a>
                </li>
                <li>
                    <a class="estDynamic" href="../fresh-products/mascarpone.html">Mascarpone</a>
                </li>
                <li>
                    <a class="estDynamic" href="../fresh-products/snacks.html">Snacks</a>
                </li>
                <li>
                    <a class="estDynamic" href="../fresh-products/mozzarella.html">Mozzarella</a>
                </li>
                <li>
                    <a class="estDynamic" href="../fresh-products/pasta.html">Pasta</a>
                </li>
                <li>
                    <a class="estDynamic" href="../fresh-products/pesto-and-sauces.html">Pesto and sauces</a>
                </li>
                <li>
                    <a class="estDynamic" href="../fresh-products/ricotta-and-cheese.html">Ricotta and cheese</a>
                </li>
                <li>
                    <a class="estDynamic" href="../fresh-products/cured-meat.html">Cured meat</a>
                </li>
                <li>
                    <a class="estDynamic" href="../fresh-products/wurstel.html">Würstel</a>
                </li>
                <li>
                    <a class="estDynamic" href="../fresh-products/yogurt.html">Yogurt</a>
                </li>
            </ul>
        </li>
        <li>
            <a class="estDynamic" href="../frozen-foods.html">
                <img src="../../cdn.spesati.com/images/menu/frozen-foods.png"/>
                Frozen foods            </a>
            <i class="fa fa-angle-right" aria-hidden="true"></i>
            <ul class="sub-menu">
                <li>
                    <a class="estDynamic" href="../frozen-foods/meat.html">Meat</a>
                </li>
                <li>
                    <a class="estDynamic" href="../frozen-foods/ice-creams.html">Ice cream and sweet</a>
                </li>
                <li>
                    <a class="estDynamic" href="../frozen-foods/pasta.html">Pasta</a>
                </li>
                <li>
                    <a class="estDynamic" href="../frozen-foods/fish.html">Fish</a>
                </li>
                <li>
                    <a class="estDynamic" href="../frozen-foods/ready-meals.html">Ready meals</a>
                </li>
                <li>
                    <a class="estDynamic" href="../frozen-foods/pizzas.html">Pizzas</a>
                </li>
                <li>
                    <a class="estDynamic" href="../frozen-foods/vegetables.html">Vegetables and soy</a>
                </li>
            </ul>
        </li>
        <li>
            <a class="estDynamic" href="../bread-and-pasta.html">
                <img src="../../cdn.spesati.com/images/menu/bread-and-pasta.png"/>
                Bread and pasta            </a>
            <i class="fa fa-angle-right" aria-hidden="true"></i>
            <ul class="sub-menu">
                <li>
                    <a class="estDynamic" href="../bread-and-pasta/crackers.html">Crackers</a>
                </li>
                <li>
                    <a class="estDynamic" href="../bread-and-pasta/rusks.html">Rusks</a>
                </li>
                <li>
                    <a class="estDynamic" href="../bread-and-pasta/white-bread.html">White bread</a>
                </li>
                <li>
                    <a class="estDynamic" href="../bread-and-pasta/local-bread.html">Local bread</a>
                </li>
                <li>
                    <a class="estDynamic" href="../bread-and-pasta/soft-bread.html">Soft bread</a>
                </li>
                <li>
                    <a class="estDynamic" href="../bread-and-pasta/sardinian-bread.html">Sardinian bread</a>
                </li>
                <li>
                    <a class="estDynamic" href="../bread-and-pasta/bakery.html">Bakery</a>
                </li>
                <li>
                    <a class="estDynamic" href="../bread-and-pasta/pasta.html">Pasta</a>
                </li>
                <li>
                    <a class="estDynamic" href="../bread-and-pasta/fresh-pasta.html">Fresh pasta</a>
                </li>
            </ul>
        </li>
        <li>
            <a class="estDynamic" href="../meat.html">
                <img src="../../cdn.spesati.com/images/menu/meat.png"/>
                Meat            </a>
            <i class="fa fa-angle-right" aria-hidden="true"></i>
            <ul class="sub-menu">
                <li>
                    <a class="estDynamic" href="../meat/beef.html">Beef</a>
                </li>
                <li>
                    <a class="estDynamic" href="../meat/goat.html">Goat</a>
                </li>
                <li>
                    <a class="estDynamic" href="../meat/packaged-meat.html">Packaged meat</a>
                </li>
                <li>
                    <a class="estDynamic" href="../meat/rabbit.html">Rabbit</a>
                </li>
                <li>
                    <a class="estDynamic" href="../meat/horse.html">Horse</a>
                </li>
                <li>
                    <a class="estDynamic" href="../meat/pork.html">Pork</a>
                </li>
                <li>
                    <a class="estDynamic" href="../meat/lamb.html">Lamb</a>
                </li>
                <li>
                    <a class="estDynamic" href="../meat/poultry.html">Poultry</a>
                </li>
            </ul>
        </li>
        <li>
            <a class="estDynamic" href="../fish.html">
                <img src="../../cdn.spesati.com/images/menu/fish.png"/>
                Fish            </a>
            <i class="fa fa-angle-right" aria-hidden="true"></i>
            <ul class="sub-menu">
                <li>
                    <a class="estDynamic" href="../fish/fresh-water.html">Fresh water</a>
                </li>
                <li>
                    <a class="estDynamic" href="../fish/salt-water.html">Salt water</a>
                </li>
                <li>
                    <a class="estDynamic" href="../fish/mussels.html">Mussels</a>
                </li>
                <li>
                    <a class="estDynamic" href="../fish/dried-and-salted.html">Dried and salted</a>
                </li>
                <li>
                    <a class="estDynamic" href="../fish/seafood-salad.html">Seafood salad</a>
                </li>
                <li>
                    <a class="estDynamic" href="../fish/prepared.html">Prepared</a>
                </li>
                <li>
                    <a class="estDynamic" href="../fish/specialty.html">Specialty</a>
                </li>   
                <li>
                    <a class="estDynamic" href="../fish/tuna-and-salmon.html">Tuna and salmon</a>
                </li>
            </ul>
        </li>
        <li>
            <a class="estDynamic" href="../wine-beer-and-spirits.html">
                <img src="../../cdn.spesati.com/images/menu/alcohol.png"/>
                Wine beer and spirits            </a>
            <i class="fa fa-angle-right" aria-hidden="true"></i>
            <ul class="sub-menu">
                <li>
                    <a class="estDynamic" href="../wine-beer-and-spirits/spirits-and-liquors.html">Alcohol</a>
                </li>
                <li>
                    <a class="estDynamic" href="../wine-beer-and-spirits/bitters.html">Bitters</a>
                </li>
                <li>
                    <a class="estDynamic" href="../wine-beer-and-spirits/aperatif.html">Aperatifs</a>
                </li>
                <li>
                    <a class="estDynamic" href="../wine-beer-and-spirits/beer.html">Beer</a>
                </li>
                <li>
                    <a class="estDynamic" href="../wine-beer-and-spirits/creams.html">Creams</a>
                </li>
                <li>
                    <a class="estDynamic" href="../wine-beer-and-spirits/spirits.html">Spirits</a>
                </li>
                <li>
                    <a class="estDynamic" href="../wine-beer-and-spirits/liquors.html">Liquors</a>
                </li>
                <li>
                    <a class="estDynamic" href="../wine-beer-and-spirits/white-wine.html">White wine</a>
                </li>
                <li>
                    <a class="estDynamic" href="../wine-beer-and-spirits/prosecco-wine.html">Prosecco wine</a>
                </li>
                <li>
                    <a class="estDynamic" href="../wine-beer-and-spirits/rose-wine.html">Rose wine</a>
                </li>
                <li>
                    <a class="estDynamic" href="../wine-beer-and-spirits/red-wine.html">Red wine</a>
                </li>
                <li>
                    <a class="estDynamic" href="../wine-beer-and-spirits/specialty-wine.html">Special wine</a>
                </li>
                <li>
                    <a class="estDynamic" href="../wine-beer-and-spirits/sparkling-wine.html">Sparkling wine</a>
                </li>
                <li>
                    <a class="estDynamic" href="../wine-beer-and-spirits/vermentino-wine.html">Vermentino wine</a>
                </li>
            </ul>
        </li>
        <li>
            <a class="estDynamic" href="../water-and-drinks.html">
                <img src="../../cdn.spesati.com/images/menu/water-and-drinks.png"/>
                Water and drinks            </a>
            <i class="fa fa-angle-right" aria-hidden="true"></i>
            <ul class="sub-menu">
                <li>
                    <a class="estDynamic" href="../water-and-drinks/san-martino.html">San Martino</a>
                </li>
                <li>
                    <a class="estDynamic" href="../water-and-drinks/water.html">Water</a>
                </li>
                <li>
                    <a class="estDynamic" href="../water-and-drinks/alpro.html">Alpro</a>
                </li>
                <li>
                    <a class="estDynamic" href="../water-and-drinks/fizzy-drinks.html">Fizzy drinks</a>
                </li>
                <li>
                    <a class="estDynamic" href="../water-and-drinks/coca-cola.html">Coca-Cola</a>
                </li>
                <li>
                    <a class="estDynamic" href="../water-and-drinks/energy-drink.html">Energy drink</a>
                </li>
                <li>
                    <a class="estDynamic" href="../water-and-drinks/syrups.html">Syrups</a>
                </li>
                <li>
                    <a class="estDynamic" href="../water-and-drinks/supplements.html">Supplements</a>
                </li>
                <li>
                    <a class="estDynamic" href="../water-and-drinks/instant-drinks.html">Instant drinks</a>
                </li>
                <li>
                    <a class="estDynamic" href="../water-and-drinks/juice.html">Juice</a>
                </li>
                <li>
                    <a class="estDynamic" href="../water-and-drinks/tea.html">Tea</a>
                </li>
            </ul>
        </li>
        <li>
            <a class="estDynamic" href="../sweets.html">
                <img src="../../cdn.spesati.com/images/menu/sweets.png"/>
                Sweets            </a>
            <i class="fa fa-angle-right" aria-hidden="true"></i>
            <ul class="sub-menu">
                <li>
                    <a class="estDynamic" href="../sweets/bars-and-snacks.html">Bars and snacks</a>
                </li>
                <li>
                    <a class="estDynamic" href="../sweets/biscuits.html">Biscuits</a>
                </li>
                <li>
                    <a class="estDynamic" href="../sweets/brioches.html">Brioches</a>
                </li>
                <li>
                    <a class="estDynamic" href="../sweets/candy-and-chewing-gum.html">Candy and chewing gum</a>
                </li>
                <li>
                    <a class="estDynamic" href="../sweets/cereals.html">Cereals</a>
                </li>
                <li>
                    <a class="estDynamic" href="../sweets/chocolate.html">Chocolate</a>
                </li>
                <li>
                    <a class="estDynamic" href="../sweets/spreadable-creams.html">Spreads</a>
                </li>
                <li>
                    <a class="estDynamic" href="../sweets/dessert-toppings.html">Dessert toppings</a>
                </li>
                <li>
                    <a class="estDynamic" href="../sweets/jam.html">Jam</a>
                </li>
                <li>
                    <a class="estDynamic" href="../sweets/honey.html">Honey</a>
                </li>
                <li>
                    <a class="estDynamic" href="../sweets/panettoni-and-pandoro.html">Panettone and pandoro</a>
                </li>
                <li>
                    <a class="estDynamic" href="../sweets/pastry.html">Pastry</a>
                </li>
                <li>
                    <a class="estDynamic" href="../sweets/instant-dessert.html">Prepared</a>
                </li>
                <li>
                    <a class="estDynamic" href="../sweets/cakes-and-pies.html">Cakes and pies</a>
                </li>
                <li>
                    <a class="estDynamic" href="../sweets/easter-eggs-and-doves.html">Easter eggs and doves</a>
                </li>
            </ul>
        </li>
        <li>
            <a class="estDynamic" href="../shelf.html">
                <img src="../../cdn.spesati.com/images/menu/shelf.png"/>
                Cupboard            </a>
            <i class="fa fa-angle-right" aria-hidden="true"></i>
            <ul class="sub-menu">
                <li>
                    <a class="estDynamic" href="coffee.html">Coffee</a>
                </li>
                <li>
                    <a class="estDynamic" href="gift-baskets.html">Gift baskets</a>
                </li>
                <li>
                    <a class="estDynamic" href="stock-cubes.html">Nuts and preparations</a>
                </li>
                <li>
                    <a class="estDynamic" href="flour-and-baking.html">Flour and baking</a>
                </li>
                <li>
                    <a class="estDynamic" href="milk.html">Milk</a>
                </li>
                <li>
                    <a class="estDynamic" href="oil-salt-vinegar.html">Oil, vinegar and salt</a>
                </li>
                <li>
                    <a class="estDynamic" href="cream-and-bechamel.html">Cream and bechamel</a>
                </li>
                <li>
                    <a class="estDynamic" href="crisps-and-pretzels.html">Crisps and pretzels</a>
                </li>
                <li>
                    <a class="estDynamic" href="baby-and-infants-products.html">Early childhood products</a>
                </li>
                <li>
                    <a class="estDynamic" href="rice.html">Rice</a>
                </li>
                <li>
                    <a class="estDynamic" href="tins-and-preserves.html">Tins and Preserves</a>
                </li>
                <li>
                    <a class="estDynamic" href="spices.html">Spices</a>
                </li>
                <li>
                    <a class="estDynamic" href="sauces.html">Sauces</a>
                </li>
                <li>
                    <a class="estDynamic" href="tea-and-infusions.html">Tea and infusions</a>
                </li>
                <li>
                    <a class="estDynamic" href="eggs.html">Eggs</a>
                </li>
                <li>
                    <a class="estDynamic" href="sugar-and-sweeteners.html">Sugar and sweeteners</a>
                </li>
            </ul>
        </li>
        <li>
            <a class="estDynamic" href="../personal-care.html">
                <img src="../../cdn.spesati.com/images/menu/personal-care.png"/>
                Personal care            </a>
            <i class="fa fa-angle-right" aria-hidden="true"></i>
            <ul class="sub-menu">
                <li>
                    <a class="estDynamic" href="../personal-care/accessories-and-cotton.html">Accessories and cotton</a>
                </li>
                <li>
                    <a class="estDynamic" href="../personal-care/feminine-care-incontinence-and-baby-diapers.html">Feminine incontinence and diapers</a>
                </li>
                <li>
                    <a class="estDynamic" href="../personal-care/shower-gel.html">Shower gel</a>
                </li>
                <li>
                    <a class="estDynamic" href="../personal-care/creams.html">Creams</a>
                </li>
                <li>
                    <a class="estDynamic" href="../personal-care/deodorant.html">Deodorant</a>
                </li>
                <li>
                    <a class="estDynamic" href="../personal-care/hair-removal.html">Hair removal</a>
                </li>
                <li>
                    <a class="estDynamic" href="../personal-care/disinfectants.html">Disinfectants</a>
                </li>
                <li>
                    <a class="estDynamic" href="../personal-care/oral-hygiene.html">Oral hygiene</a>
                </li>
                <li>
                    <a class="estDynamic" href="../personal-care/supplements-and-multivitamins.html">Supplements and multivitamins</a>
                </li>
                <li>
                    <a class="estDynamic" href="../personal-care/first-aid.html">First aid label</a>
                </li>
                <li>
                    <a class="estDynamic" href="../personal-care/beard-products.html">Beard products</a>
                </li>
                <li>
                    <a class="estDynamic" href="../personal-care/hairs-products.html">Hair products</a>
                </li>
                <li>
                    <a class="estDynamic" href="../personal-care/perfume.html">Perfumes</a>
                </li>
                <li>
                    <a class="estDynamic" href="../personal-care/wipes.html">Wipes</a>
                </li>
                <li>
                    <a class="estDynamic" href="../personal-care/soaps-and-body-wash.html">Soaps and body wash</a>
                </li>
                <li>
                    <a class="estDynamic" href="../personal-care/shampoo-and-conditioner.html">Shampoo and conditioner</a>
                </li>
            </ul>
        </li>
        <li>
            <a class="estDynamic" href="../household-and-outdoors.html">
                <img src="../../cdn.spesati.com/images/menu/pellet-and-home.png"/>
                Home and outdoors 
            </a>
            <i class="fa fa-angle-right" aria-hidden="true"></i>
            <ul class="sub-menu">
                <li>
                    <a class="estDynamic" href="../household-and-outdoors/distilled-water.html">Distilled water</a>
                </li>
                <li>
                    <a class="estDynamic" href="../household-and-outdoors/car-products.html">Cars</a>
                </li>
                <li>
                    <a class="estDynamic" href="../household-and-outdoors/bin-bags-and-buckets.html">Bin bags and buckets</a>
                </li>
                <li>
                    <a class="estDynamic" href="../household-and-outdoors/bleach-and-stain-removers.html">Bleach and stain removers</a>
                </li>
                <li>
                    <a class="estDynamic" href="../household-and-outdoors/candles.html">Candles</a>
                </li>
                <li>
                    <a class="estDynamic" href="../household-and-outdoors/kitchen-roll.html">Kitchen roll</a>
                </li>
                <li>
                    <a class="estDynamic" href="../household-and-outdoors/air-fresheners.html">Air fresheners</a>
                </li>
                <li>
                    <a class="estDynamic" href="../household-and-outdoors/laundry-accessories-and-detergent.html">Laundry detergent</a>
                </li>
                <li>
                    <a class="estDynamic" href="../household-and-outdoors/dishwasher-and-washing-up.html">Dishwasher and washing up</a>
                </li>
                <li>
                    <a class="estDynamic" href="../household-and-outdoors/gardening.html">Gardening</a>
                </li>
                <li>
                    <a class="estDynamic" href="../household-and-outdoors/light-bulbs-and-batteries.html">Lightbulbs and batteries</a>
                </li>
                <li>
                    <a class="estDynamic" href="../household-and-outdoors/pellet-and-bbq.html">Pellet and BBQ</a>
                </li>
                <li>
                    <a class="estDynamic" href="../household-and-outdoors/bathroom-products.html">Bathroom products</a>
                </li>
                <li>
                    <a class="estDynamic" href="../household-and-outdoors/home-and-furniture-products.html">Home and furniture products</a>
                </li>
                <li>
                    <a class="estDynamic" href="../household-and-outdoors/kitchen-products.html">Kitchen products</a>
                </li>
                <li>
                    <a class="estDynamic" href="../household-and-outdoors/window-and-floor-cleaners.html">Window and floor cleaner</a>
                </li>
                <li>
                    <a class="estDynamic" href="../household-and-outdoors/repellents.html">Repellents</a>
                </li>
                <li>
                    <a class="estDynamic" href="../household-and-outdoors/disposable-tableware.html">Disposable tableware</a>
                </li>
            </ul>
        </li>
        <li>
            <a class="estDynamic" href="../pet.html">
                <img src="../../cdn.spesati.com/images/menu/animals.png"/>
                Pets            </a>
            <i class="fa fa-angle-right" aria-hidden="true"></i>
            <ul class="sub-menu">
                <li>
                    <a class="estDynamic" href="../pets/pet-food-other-animals.html">Other animals pet food</a>
                </li>
                <li>
                    <a class="estDynamic" href="../pets/pet-food-dogs.html">Pet food dogs</a>
                </li>
                <li>
                    <a class="estDynamic" href="../pets/pet-food-cats.html">Pet food cats</a>
                </li>
                <li>
                    <a class="estDynamic" href="../pets/hygiene-and-cleaning.html">Hygiene and cleaning</a>
                </li>
            </ul>
        </li>
        <li>
            <a class="estDynamic" href="../technology.html">
                <img src="../../cdn.spesati.com/images/menu/technology.png"/>
                Technology            </a>
            <i class="fa fa-angle-right" aria-hidden="true"></i>
            <ul class="sub-menu">
                <li>
                    <a class="estDynamic" href="../technology/accessories.html">Accessories</a>
                </li>
                <li>
                    <a class="estDynamic" href="../technology/computer.html">Computer</a>
                </li>
                <li>
                    <a class="estDynamic" href="../technology/telephones.html">Telephones</a>
                </li>
                <li>
                    <a class="estDynamic" href="../technology/tv.html">TV</a>
                </li>
            </ul>
        </li>
        <li>
            <a class="estDynamic" href="../gluten-free.html">
                <img src="../../cdn.spesati.com/images/menu/gluten-free.png"/>
                Gluten free            </a>
            <i class="fa fa-angle-right" aria-hidden="true"></i>
            <ul class="sub-menu">
                <li>
                    <a class="estDynamic" href="../gluten-free/frozen-foods.html">Frozen foods</a>
                </li>
                <li>
                    <a class="estDynamic" href="../gluten-free/beer.html">Beer</a>
                </li>
                <li>
                    <a class="estDynamic" href="../gluten-free/sweets.html">Sweets</a>
                </li>
                <li>
                    <a class="estDynamic" href="../gluten-free/bread-and-pasta.html">Bread and pasta</a>
                </li>
                <li>
                    <a class="estDynamic" href="../gluten-free/shelf.html">Cupboard</a>
                </li>
            </ul>
        </li>
        <li>
            <a class="estDynamic" href="../lactose-free.html">
                <img src="../../cdn.spesati.com/images/menu/lactose-free.png"/>
                Lactose free            </a>
            <i class="fa fa-angle-right" aria-hidden="true"></i>
            <ul class="sub-menu">
                <li>
                    <a class="estDynamic" href="../lactose-free/frozen-foods.html">Frozen foods</a>
                </li>
                <li>
                    <a class="estDynamic" href="../lactose-free/sweets.html">Sweets</a>
                </li>
                <li>
                    <a class="estDynamic" href="../lactose-free/dairy-product.html">Dairy product</a>
                </li>
                <li>
                    <a class="estDynamic" href="../lactose-free/shelf.html">Cupboard</a>
                </li>
            </ul>
        </li>
        <li>
            <a class="estDynamic" href="../special.html">
                <img src="../../cdn.spesati.com/images/menu/special.png"/>
                Special            </a>
            <i class="fa fa-angle-right" aria-hidden="true"></i>
            <ul class="sub-menu">
                <li>
                    <a class="estDynamic" href="../special/alpro.html">Alpro</a>
                </li>
                <li>
                    <a class="estDynamic" href="../special/organic.html">Biological</a>
                </li>
                <li>
                    <a class="estDynamic" href="../special/meat.html">Meat</a>
                </li>
                <li>
                    <a class="estDynamic" href="../special/wholegrain.html">Wholegrain</a>
                </li>
                <li>
                    <a class="estDynamic" href="../special/bread-and-pasta.html">Bread and pasta</a>
                </li>
                <li>
                    <a class="estDynamic" href="../special/vegan.html">Vegan</a>
                </li>
            </ul>
        </li>
        <li>
            <a class="estDynamic" href="../sardinian-products.html">
                <img src="../../cdn.spesati.com/images/menu/sardinian-products.png"/>
                Sardinian products            </a>
            <i class="fa fa-angle-right" aria-hidden="true"></i>
            <ul class="sub-menu">
                <li>
                    <a class="estDynamic" href="../sardinian-products/drinks.html">Drinks</a>
                </li>
                <li>
                    <a class="estDynamic" href="../sardinian-products/meat.html">Meat</a>
                </li>
                <li>
                    <a class="estDynamic" href="../sardinian-products/sweets.html">Sweets</a>
                </li>
                <li>
                    <a class="estDynamic" href="../sardinian-products/fruit-and-vegetables.html">Fruit and vegetables</a>
                </li>
                <li>
                    <a class="estDynamic" href="../sardinian-products/ichnusa.html">Ichnusa</a>
                </li>
                <li>
                    <a class="estDynamic" href="../sardinian-products/dairy-product.html">Dairy product</a>
                </li>
                <li>
                    <a class="estDynamic" href="../sardinian-products/bread-and-pasta.html">Bread and pasta</a>
                </li>
                <li>
                    <a class="estDynamic" href="../sardinian-products/fish.html">Fish</a>
                </li>
                <li>
                    <a class="estDynamic" href="../sardinian-products/cured-meat.html">Cured meat</a>
                </li>
                <li>
                    <a class="estDynamic" href="../sardinian-products/shelf.html">Cupboard</a>
                </li>
                <li>
                    <a class="estDynamic" href="../sardinian-products/vermentino-wine.html">Vermentino wine</a>
                </li>
                <li>
                    <a class="estDynamic" href="../sardinian-products/wine-beer-and-spirits.html">Wine beer and spirits</a>
                </li>
            </ul>
        </li>
    </ul>
</div>    <div class="colRight">
        <div class="title mobile">
	<a href="../shelf.html"><i class="fa red fa-angle-left fa-3x mobile" aria-hidden="true"></i></a>
	<h2>
		<b>
			flour and baking		</b>
	</h2>
</div>

<div class="breadcrumb bgGrey internal">
	<p>
		<b>
			<a href="../index.html">Home</a>
												&gt; <a href="../shelf.html">Cupboard</a>
																&gt; Flour and baking									</b>
	</p>
	<div>
		<p>Order by</p>
		<select name="orderProd" id="orderProd">
			<option disabled="disabled" selected="selected">- Choose -</option>
			<option value="nameAsc">Name (A - Z)</option>
			<option value="nameDes">Name (Z - A)</option>
			<option value="priceHigh">Price - High to low</option>
			<option value="priceLow">Price - Low to high</option>
			<option value="soldAsc">Best Selling</option>
			<option value="available">Availability</option>
		</select>
	</div>
</div>
        <div class="containerProduct">
            <script type='text/javascript'>var track = '{"event":"ViewContent", "type":"category", "id":"Scaffale", "subids":["Farine","Lieviti"], "url":"https://www.spesati.com/shelf/flour-and-baking"}';</script>
<script>
gtag('event', 'select_content', {content_type: 'category', item_id: 'Scaffale'});gtag('event', 'select_content', {content_type: 'category', item_id: 'Farine'});gtag('event', 'select_content', {content_type: 'category', item_id: 'Lieviti'});
</script>
<div class="left product prod1"
        data-name="Galleu Semolato Rimacinato Grano Duro"
        data-price="1.99"
        data-id="2910"
        data-available="yes"
        data-category="2775"
        data-bestselling="">
    <a href="../galleu-semolato-rimacinato-grano-duro.html">
        <div style="background-image: url('../../cdn.spesati.com/images/products/7086401/galleu-semolato-rimacinato.jpg')">
            <div class="hover"></div>
            
            <div class="stickers"></div>
        </div>
    </a>
    <div>
        <h4><a href="../galleu-semolato-rimacinato-grano-duro.html"><b>Galleu Semolato Rimacinato Grano Duro</b></a></h4>
        <p class="description">1 Kg</p>
        <p class="right price"><b>1.99 €</b></p>
        <p class="right unitPrice">1.99 € per kg</p>
    </div>
    <div class="contButton">
    <a class="button bgRed white addToCart" href="#">Add</a>
</div>
</div><div class="left product prod2"
        data-name="Galleu Semola Grano Duro Blu 1Kg"
        data-price="2.34"
        data-id="6241"
        data-available="yes"
        data-category="2775"
        data-bestselling="">
    <a href="../galleu-semola-grano-duro-blu-1kg.html">
        <div style="background-image: url('../../cdn.spesati.com/images/products/112033/galleu-semola-grano-01.html')">
            <div class="hover"></div>
            
            <div class="stickers"><img class="left" src="../../cdn.spesati.com/images/layout/sardinian.png" /></div>
        </div>
    </a>
    <div>
        <h4><a href="../galleu-semola-grano-duro-blu-1kg.html"><b>Galleu Semola Grano Duro Blu 1Kg</b></a></h4>
        <p class="description">1 Kg</p>
        <p class="right price"><b>2.34 €</b></p>
        <p class="right unitPrice">2.34 € per kg</p>
    </div>
    <div class="contButton">
    <a class="button bgRed white addToCart" href="#">Add</a>
</div>
</div><div class="left product prod3"
        data-name="Mccain Pure Al Naturale 750gr"
        data-price="2.05"
        data-id="82428"
        data-available="yes"
        data-category="2775"
        data-bestselling="">
    <a href="../mccain-pure-al-naturale-750gr.html">
        <div style="background-image: url('../../cdn.spesati.com/images/products/000590441/mccain-pure-al-naturale-750-g-01.png')">
            <div class="hover"></div>
            
            <div class="stickers"></div>
        </div>
    </a>
    <div>
        <h4><a href="../mccain-pure-al-naturale-750gr.html"><b>Mccain Pure Al Naturale 750gr</b></a></h4>
        <p class="description">McCain Purè al Naturale 750 g</p>
        <p class="right price"><b>2.05 €</b></p>
        <p class="right unitPrice">2.74 € per kg</p>
    </div>
    <div class="contButton">
    <a class="button bgRed white addToCart" href="#">Add</a>
</div>
</div><div class="left product prod4"
        data-name="Semolino Barilla 300gr"
        data-price="1.09"
        data-id="80410"
        data-available="yes"
        data-category="2775"
        data-bestselling="1">
    <a href="../semolino-barilla-300gr.html">
        <div style="background-image: url('../../cdn.spesati.com/images/products/000436286/barilla-semola-grano-duro-semolino-ideale-per-gnocchi-alla-romana-e-minestre-300g-01.png')">
            <div class="hover"></div>
            <p class="arrow bgRed white">Best Seller</p>
            <div class="stickers"></div>
        </div>
    </a>
    <div>
        <h4><a href="../semolino-barilla-300gr.html"><b>Semolino Barilla 300gr</b></a></h4>
        <p class="description">Barilla Semola Grano Duro Semolino Ideale per Gnocchi alla Romana e Minestre 300g</p>
        <p class="right price"><b>1.09 €</b></p>
        <p class="right unitPrice">3.63 € per kg</p>
    </div>
    <div class="contButton">
    <a class="button bgRed white addToCart" href="#">Add</a>
</div>
</div><div class="left product prod5"
        data-name="Lievito Caput Secc 100%it 100g"
        data-price="3.39"
        data-id="82305"
        data-available="yes"
        data-category="2905"
        data-bestselling="">
    <a href="../lievito-caput-secc-100it-100g.html">
        <div style="background-image: url('../../cdn.spesati.com/images/products/000435896/caputo-lievito-secco-100-italiano-100-g-01.png')">
            <div class="hover"></div>
            
            <div class="stickers"></div>
        </div>
    </a>
    <div>
        <h4><a href="../lievito-caput-secc-100it-100g.html"><b>Lievito Caput Secc 100%it 100g</b></a></h4>
        <p class="description">Caputo Lievito Secco 100% Italiano 100 g</p>
        <p class="right price"><b>3.39 €</b></p>
        <p class="right unitPrice">33.90 € per kg</p>
    </div>
    <div class="contButton">
    <a class="button bgRed white addToCart" href="#">Add</a>
</div>
</div><div class="left product prod6"
        data-name="Farina Caputo Nuvola T0 1kg"
        data-price="3.15"
        data-id="69915"
        data-available="yes"
        data-category="2775"
        data-bestselling="">
    <a href="../farina-caputo-nuvola-t0-1kg.html">
        <div style="background-image: url('../../cdn.spesati.com/images/products/000435895/caputo-nuvola-farina-di-grano-tenero-tipo-0-1-kg-01.png')">
            <div class="hover"></div>
            
            <div class="stickers"></div>
        </div>
    </a>
    <div>
        <h4><a href="../farina-caputo-nuvola-t0-1kg.html"><b>Farina Caputo Nuvola T0 1kg</b></a></h4>
        <p class="description">Caputo Nuvola Farina di Grano Tenero Tipo "0" 1 Kg</p>
        <p class="right price"><b>3.15 €</b></p>
        <p class="right unitPrice">3.15 € per kg</p>
    </div>
    <div class="contButton">
    <a class="button bgRed white addToCart" href="#">Add</a>
</div>
</div><div class="left product prod7"
        data-name="Farina Caputo Pasticcer T00 1k"
        data-price="1.89"
        data-id="69912"
        data-available="yes"
        data-category="2775"
        data-bestselling="">
    <a href="../farina-caputo-pasticcer-t00-1k.html">
        <div style="background-image: url('../../cdn.spesati.com/images/products/000435894/caputo-pasticceria-farina-di-grano-tenero-tipo-00-1-kg-01.png')">
            <div class="hover"></div>
            
            <div class="stickers"></div>
        </div>
    </a>
    <div>
        <h4><a href="../farina-caputo-pasticcer-t00-1k.html"><b>Farina Caputo Pasticcer T00 1k</b></a></h4>
        <p class="description">Caputo Pasticceria Farina di Grano Tenero Tipo "00" 1 Kg</p>
        <p class="right price"><b>1.89 €</b></p>
        <p class="right unitPrice">1.89 € per kg</p>
    </div>
    <div class="contButton">
    <a class="button bgRed white addToCart" href="#">Add</a>
</div>
</div><div class="left product prod8"
        data-name="Farina Caputo Pizzeria T00 1kg"
        data-price="1.79"
        data-id="69909"
        data-available="yes"
        data-category="2775"
        data-bestselling="">
    <a href="../farina-caputo-pizzeria-t00-1kg.html">
        <div style="background-image: url('../../cdn.spesati.com/images/products/000435892/caputo-pizzeria-farina-di-grano-tenero-tipo00-1-kg-01.png')">
            <div class="hover"></div>
            
            <div class="stickers"></div>
        </div>
    </a>
    <div>
        <h4><a href="../farina-caputo-pizzeria-t00-1kg.html"><b>Farina Caputo Pizzeria T00 1kg</b></a></h4>
        <p class="description">Caputo Pizzeria Farina di Grano Tenero Tipo"00" 1 Kg</p>
        <p class="right price"><b>1.79 €</b></p>
        <p class="right unitPrice">1.79 € per kg</p>
    </div>
    <div class="contButton">
    <a class="button bgRed white addToCart" href="#">Add</a>
</div>
</div><div class="left product prod9"
        data-name="Polenta Valsugana Taragna 330g"
        data-price="2.63"
        data-id="66108"
        data-available="yes"
        data-category="2775"
        data-bestselling="">
    <a href="../polenta-valsugana-taragna-330g.html">
        <div style="background-image: url('../../cdn.spesati.com/images/products/000435728/polenta-valsugana-la-taragna-330-g-01.png')">
            <div class="hover"></div>
            
            <div class="stickers"></div>
        </div>
    </a>
    <div>
        <h4><a href="../polenta-valsugana-taragna-330g.html"><b>Polenta Valsugana Taragna 330g</b></a></h4>
        <p class="description">Polenta Valsugana la Taragna 330 g</p>
        <p class="right price"><b>2.63 €</b></p>
        <p class="right unitPrice">7.98 € per kg</p>
    </div>
    <div class="contButton">
    <a class="button bgRed white addToCart" href="#">Add</a>
</div>
</div><div class="left product prod10"
        data-name="Farina F/mag Dolci Soffici 1kg"
        data-price="2.15"
        data-id="60750"
        data-available="yes"
        data-category="2775"
        data-bestselling="">
    <a href="../farina-fmag-dolci-soffici-1kg.html">
        <div style="background-image: url('../../cdn.spesati.com/images/products/000435565/le-farine-magiche-dolci-soffici-1000-g-01.png')">
            <div class="hover"></div>
            
            <div class="stickers"></div>
        </div>
    </a>
    <div>
        <h4><a href="../farina-fmag-dolci-soffici-1kg.html"><b>Farina F/mag Dolci Soffici 1kg</b></a></h4>
        <p class="description">Le Farine Magiche Dolci Soffici 1000 g</p>
        <p class="right price"><b>2.15 €</b></p>
        <p class="right unitPrice">2.15 € per kg</p>
    </div>
    <div class="contButton">
    <a class="button bgRed white addToCart" href="#">Add</a>
</div>
</div><div class="left product prod11"
        data-name="Polenta Valsugana 1.5kg"
        data-price="7.51"
        data-id="27224"
        data-available="yes"
        data-category="2775"
        data-bestselling="">
    <a href="../polenta-valsugana-15kg.html">
        <div style="background-image: url('../../cdn.spesati.com/images/products/000130368/polenta-valsugana-la-classica-1500-g-01.png')">
            <div class="hover"></div>
            
            <div class="stickers"></div>
        </div>
    </a>
    <div>
        <h4><a href="../polenta-valsugana-15kg.html"><b>Polenta Valsugana 1.5kg</b></a></h4>
        <p class="description">Polenta Valsugana la Classica 1500 g</p>
        <p class="right price"><b>7.51 €</b></p>
        <p class="right unitPrice">5.00 € per kg</p>
    </div>
    <div class="contButton">
    <a class="button bgRed white addToCart" href="#">Add</a>
</div>
</div><div class="left product prod12"
        data-name="Polenta Valsugana Pronta"
        data-price="2.49"
        data-id="3685"
        data-available="yes"
        data-category="2775"
        data-bestselling="">
    <a href="../polenta-valsugana-pronta.html">
        <div style="background-image: url('../../cdn.spesati.com/images/products/000130366/polenta-valsugana-la-classica-gia-pronta-1200-g-01.png')">
            <div class="hover"></div>
            
            <div class="stickers"><img class="left" src="../../cdn.spesati.com/images/layout/gluten-free.png" /></div>
        </div>
    </a>
    <div>
        <h4><a href="../polenta-valsugana-pronta.html"><b>Polenta Valsugana Pronta</b></a></h4>
        <p class="description">Polenta Valsugana la Classica Già Pronta 1200 g</p>
        <p class="right price"><b>2.49 €</b></p>
        <p class="right unitPrice">2.08 € per kg</p>
    </div>
    <div class="contButton">
    <a class="button bgRed white addToCart" href="#">Add</a>
</div>
</div><div class="left product prod13"
        data-name="Farin Caputo Fior Di Riso 500g"
        data-price="2.13"
        data-id="72450"
        data-available="yes"
        data-category="2775"
        data-bestselling="">
    <a href="../farin-caputo-fior-di-riso-500g.html">
        <div style="background-image: url('../../cdn.spesati.com/images/products/000119905/caputo-fior-di-riso-500-g-01.png')">
            <div class="hover"></div>
            
            <div class="stickers"></div>
        </div>
    </a>
    <div>
        <h4><a href="../farin-caputo-fior-di-riso-500g.html"><b>Farin Caputo Fior Di Riso 500g</b></a></h4>
        <p class="description">Caputo Fior di Riso 500 g</p>
        <p class="right price"><b>2.13 €</b></p>
        <p class="right unitPrice">4.26 € per kg</p>
    </div>
    <div class="contButton">
    <a class="button bgRed white addToCart" href="#">Add</a>
</div>
</div><div class="left product prod14"
        data-name="Farina Caputo "0" America 25kg"
        data-price="39.57"
        data-id="61662"
        data-available="yes"
        data-category="2775"
        data-bestselling="">
    <a href="../farina-caputo-0-america-25kg.html">
        <div style="background-image: url('../../cdn.spesati.com/images/products/000119876/caputo-manitoba-ag-farina-di-grano-tenero-tipo-0-25-kg-01.png')">
            <div class="hover"></div>
            
            <div class="stickers"></div>
        </div>
    </a>
    <div>
        <h4><a href="../farina-caputo-0-america-25kg.html"><b>Farina Caputo "0" America 25kg</b></a></h4>
        <p class="description">Caputo Manitoba A.G. Farina di Grano Tenero Tipo "0" 25 kg</p>
        <p class="right price"><b>39.57 €</b></p>
        <p class="right unitPrice">1.58 € per kg</p>
    </div>
    <div class="contButton">
    <a class="button bgRed white addToCart" href="#">Add</a>
</div>
</div><div class="left product prod15"
        data-name="Semola Casillo Rimacinata 1kg"
        data-price="1.63"
        data-id="26947"
        data-available="yes"
        data-category="2775"
        data-bestselling="1">
    <a href="../semola-casillo-rimacinata-1kg.html">
        <div style="background-image: url('../../cdn.spesati.com/images/products/000119781/molino-casillo-rimacinata-semola-rimacinata-1000-g-01.png')">
            <div class="hover"></div>
            <p class="arrow bgRed white">Best Seller</p>
            <div class="stickers"></div>
        </div>
    </a>
    <div>
        <h4><a href="../semola-casillo-rimacinata-1kg.html"><b>Semola Casillo Rimacinata 1kg</b></a></h4>
        <p class="description">Molino Casillo Rimacinata Semola Rimacinata 1000 g</p>
        <p class="right price"><b>1.63 €</b></p>
        <p class="right unitPrice">1.63 € per kg</p>
    </div>
    <div class="contButton">
    <a class="button bgRed white addToCart" href="#">Add</a>
</div>
</div><div class="left product prod16"
        data-name="Crastan Pure' Di Patate 225gr"
        data-price="2.09"
        data-id="64176"
        data-available="yes"
        data-category="2775"
        data-bestselling="1">
    <a href="../crastan-pure-di-patate-225gr.html">
        <div style="background-image: url('../../cdn.spesati.com/images/products/000119519/crastan-preparato-per-pure-di-patate-in-fiocchi-3-x-75-g-01.png')">
            <div class="hover"></div>
            <p class="arrow bgRed white">Best Seller</p>
            <div class="stickers"></div>
        </div>
    </a>
    <div>
        <h4><a href="../crastan-pure-di-patate-225gr.html"><b>Crastan Pure' Di Patate 225gr</b></a></h4>
        <p class="description">Crastan preparato per Purè di patate in fiocchi 3 x 75 g</p>
        <p class="right price"><b>2.09 €</b></p>
        <p class="right unitPrice">9.09 € per kg</p>
    </div>
    <div class="contButton">
    <a class="button bgRed white addToCart" href="#">Add</a>
</div>
</div><div class="left product prod17"
        data-name="Farina F/magiche Frittura 750g"
        data-price="2.69"
        data-id="60681"
        data-available="yes"
        data-category="2775"
        data-bestselling="">
    <a href="../farina-fmagiche-frittura-750g.html">
        <div style="background-image: url('../../cdn.spesati.com/images/products/000118049/le-farine-magiche-fritture-750-g-01.png')">
            <div class="hover"></div>
            
            <div class="stickers"></div>
        </div>
    </a>
    <div>
        <h4><a href="../farina-fmagiche-frittura-750g.html"><b>Farina F/magiche Frittura 750g</b></a></h4>
        <p class="description">Le Farine Magiche Fritture 750 g</p>
        <p class="right price"><b>2.69 €</b></p>
        <p class="right unitPrice">3.59 € per kg</p>
    </div>
    <div class="contButton">
    <a class="button bgRed white addToCart" href="#">Add</a>
</div>
</div><div class="left product prod18"
        data-name="Farina F/magic 5 Cereali 900"
        data-price="3.19"
        data-id="60678"
        data-available="yes"
        data-category="2775"
        data-bestselling="">
    <a href="../farina-fmagic-5-cereali-900.html">
        <div style="background-image: url('../../cdn.spesati.com/images/products/000118042/le-farine-magiche-mix-a-base-di-farina-integrale-7-cereali-900-g-01.png')">
            <div class="hover"></div>
            
            <div class="stickers"></div>
        </div>
    </a>
    <div>
        <h4><a href="../farina-fmagic-5-cereali-900.html"><b>Farina F/magic 5 Cereali 900</b></a></h4>
        <p class="description">Le Farine Magiche Mix a base di Farina Integrale 7 cereali 900 g</p>
        <p class="right price"><b>3.19 €</b></p>
        <p class="right unitPrice">3.54 € per kg</p>
    </div>
    <div class="contButton">
    <a class="button bgRed white addToCart" href="#">Add</a>
</div>
</div><div class="left product prod19"
        data-name="Farina F/magiche Salati 1kg"
        data-price="2.75"
        data-id="60675"
        data-available="yes"
        data-category="2775"
        data-bestselling="">
    <a href="../farina-fmagiche-salati-1kg.html">
        <div style="background-image: url('../../cdn.spesati.com/images/products/000118041/le-farine-magiche-farina-manitoba-per-salati-1000-g-01.png')">
            <div class="hover"></div>
            
            <div class="stickers"></div>
        </div>
    </a>
    <div>
        <h4><a href="../farina-fmagiche-salati-1kg.html"><b>Farina F/magiche Salati 1kg</b></a></h4>
        <p class="description">Le Farine Magiche Farina Manitoba per salati 1000 g</p>
        <p class="right price"><b>2.75 €</b></p>
        <p class="right unitPrice">2.75 € per kg</p>
    </div>
    <div class="contButton">
    <a class="button bgRed white addToCart" href="#">Add</a>
</div>
</div><div class="left product prod20"
        data-name="Farina Caputo 1 Storica Kg25"
        data-price="46.24"
        data-id="26289"
        data-available="yes"
        data-category="2775"
        data-bestselling="">
    <a href="../farina-caputo-1-storica-kg25.html">
        <div style="background-image: url('../../cdn.spesati.com/images/products/000115467/caputo-tipo-1-farina-di-grano-tenero-25-kg-01.png')">
            <div class="hover"></div>
            
            <div class="stickers"></div>
        </div>
    </a>
    <div>
        <h4><a href="../farina-caputo-1-storica-kg25.html"><b>Farina Caputo 1 Storica Kg25</b></a></h4>
        <p class="description">Caputo Tipo 1 Farina di grano tenero 25 kg</p>
        <p class="right price"><b>46.24 €</b></p>
        <p class="right unitPrice">1.85 € per kg</p>
    </div>
    <div class="contButton">
    <a class="button bgRed white addToCart" href="#">Add</a>
</div>
</div><div class="left product prod21"
        data-name="Farina Caputo Fioreglut 1kg"
        data-price="9.72"
        data-id="26205"
        data-available="yes"
        data-category="2775"
        data-bestselling="">
    <a href="../farina-caputo-fioreglut-1kg.html">
        <div style="background-image: url('../../cdn.spesati.com/images/products/000115179/caputo-fioreglut-1000-g-01.png')">
            <div class="hover"></div>
            
            <div class="stickers"></div>
        </div>
    </a>
    <div>
        <h4><a href="../farina-caputo-fioreglut-1kg.html"><b>Farina Caputo Fioreglut 1kg</b></a></h4>
        <p class="description">Caputo Fioreglut 1000 g</p>
        <p class="right price"><b>9.72 €</b></p>
        <p class="right unitPrice">9.71 € per kg</p>
    </div>
    <div class="contButton">
    <a class="button bgRed white addToCart" href="#">Add</a>
</div>
</div><div class="left product prod22"
        data-name="Prep Pane Schar Mix B S-g 500g"
        data-price="3.38"
        data-id="26170"
        data-available="yes"
        data-category="2775"
        data-bestselling="">
    <a href="../prep-pane-schar-mix-b-s-g-500g.html">
        <div style="background-image: url('../../cdn.spesati.com/images/products/000114967/schaer-mix-b-pane-500-g-01.png')">
            <div class="hover"></div>
            
            <div class="stickers"></div>
        </div>
    </a>
    <div>
        <h4><a href="../prep-pane-schar-mix-b-s-g-500g.html"><b>Prep Pane Schar Mix B S-g 500g</b></a></h4>
        <p class="description">Schär Mix B Pane 500 g</p>
        <p class="right price"><b>3.38 €</b></p>
        <p class="right unitPrice">6.77 € per kg</p>
    </div>
    <div class="contButton">
    <a class="button bgRed white addToCart" href="#">Add</a>
</div>
</div><div class="left product prod23"
        data-name="Semola Casillo Rimac Capp 5kg"
        data-price="18.04"
        data-id="26098"
        data-available="yes"
        data-category="2775"
        data-bestselling="">
    <a href="../semola-casillo-rimac-capp-5kg.html">
        <div style="background-image: url('../../cdn.spesati.com/images/products/000114571/molino-casillo-le-speciali-senatore-cappelli-rimacinata-senatore-cappelli-5-kg-01.png')">
            <div class="hover"></div>
            
            <div class="stickers"></div>
        </div>
    </a>
    <div>
        <h4><a href="../semola-casillo-rimac-capp-5kg.html"><b>Semola Casillo Rimac Capp 5kg</b></a></h4>
        <p class="description">Molino Casillo Le Speciali Senatore Cappelli Rimacinata Senatore Cappelli 5 kg</p>
        <p class="right price"><b>18.04 €</b></p>
        <p class="right unitPrice">3.61 € per kg</p>
    </div>
    <div class="contButton">
    <a class="button bgRed white addToCart" href="#">Add</a>
</div>
</div><div class="left product prod24"
        data-name="Lievito Cameo Kg 1 Back'in"
        data-price="13.50"
        data-id="26057"
        data-available="yes"
        data-category="2905"
        data-bestselling="">
    <a href="../lievito-cameo-kg-1-backin.html">
        <div style="background-image: url('../../cdn.spesati.com/images/products/000114167/cameo-professional-polvere-lievitante-lievito-backin-1-kg-01.png')">
            <div class="hover"></div>
            
            <div class="stickers"></div>
        </div>
    </a>
    <div>
        <h4><a href="../lievito-cameo-kg-1-backin.html"><b>Lievito Cameo Kg 1 Back'in</b></a></h4>
        <p class="description">cameo Professional Polvere lievitante "Lievito Backin" 1 kg</p>
        <p class="right price"><b>13.50 €</b></p>
        <p class="right unitPrice">13.50 € per kg</p>
    </div>
    <div class="contButton">
    <a class="button bgRed white addToCart" href="#">Add</a>
</div>
</div><div class="left product prod25"
        data-name="Lievito P.angeli Kg 1"
        data-price="15.10"
        data-id="26055"
        data-available="yes"
        data-category="2905"
        data-bestselling="">
    <a href="../lievito-pangeli-kg-1.html">
        <div style="background-image: url('../../cdn.spesati.com/images/products/000114165/paneangeli-lievito-pane-degli-angeli-vaniglinato-1-kg-01.png')">
            <div class="hover"></div>
            
            <div class="stickers"></div>
        </div>
    </a>
    <div>
        <h4><a href="../lievito-pangeli-kg-1.html"><b>Lievito P.angeli Kg 1</b></a></h4>
        <p class="description">PANEANGELI "Lievito Pane degli Angeli" Vaniglinato 1 kg</p>
        <p class="right price"><b>15.10 €</b></p>
        <p class="right unitPrice">15.10 € per kg</p>
    </div>
    <div class="contButton">
    <a class="button bgRed white addToCart" href="#">Add</a>
</div>
</div><div class="left product prod26"
        data-name="Paneangeli Lievito Pizza Tris"
        data-price="1.54"
        data-id="2929"
        data-available="yes"
        data-category="2905"
        data-bestselling="1">
    <a href="../paneangeli-lievito-pizza-tris.html">
        <div style="background-image: url('../../cdn.spesati.com/images/products/000114101/paneangeli-lievito-istantaneo-pizzaiolo-torte-salate-e-piadine-3-x-15-g-01.png')">
            <div class="hover"></div>
            <p class="arrow bgRed white">Best Seller</p>
            <div class="stickers"></div>
        </div>
    </a>
    <div>
        <h4><a href="../paneangeli-lievito-pizza-tris.html"><b>Paneangeli Lievito Pizza Tris</b></a></h4>
        <p class="description">PANEANGELI Lievito Istantaneo Pizzaiolo Torte Salate e Piadine 3 x 15 g</p>
        <p class="right price"><b>1.54 €</b></p>
        <p class="right unitPrice">34.24 € per kg</p>
    </div>
    <div class="contButton">
    <a class="button bgRed white addToCart" href="#">Add</a>
</div>
</div><div class="left product prod27"
        data-name="Farina Selez Casi Multicer 5kg"
        data-price="15.25"
        data-id="26026"
        data-available="yes"
        data-category="2775"
        data-bestselling="">
    <a href="../farina-selez-casi-multicer-5kg.html">
        <div style="background-image: url('../../cdn.spesati.com/images/products/000114089/molino-casillo-le-speciali-multicereali-farina-multicereali-con-semi-5-kg-01.png')">
            <div class="hover"></div>
            
            <div class="stickers"></div>
        </div>
    </a>
    <div>
        <h4><a href="../farina-selez-casi-multicer-5kg.html"><b>Farina Selez Casi Multicer 5kg</b></a></h4>
        <p class="description">Molino Casillo Le Speciali Multicereali Farina Multicereali con Semi 5 kg</p>
        <p class="right price"><b>15.25 €</b></p>
        <p class="right unitPrice">3.05 € per kg</p>
    </div>
    <div class="contButton">
    <a class="button bgRed white addToCart" href="#">Add</a>
</div>
</div><div class="left product prod28"
        data-name="Farina Selezionata Casillo Tipo 0 1Kg"
        data-price="1.35"
        data-id="6968"
        data-available="yes"
        data-category="2775"
        data-bestselling="3">
    <a href="../farina-selezionata-casillo-tipo-0-1kg.html">
        <div style="background-image: url('../../cdn.spesati.com/images/products/000114087/molino-casillo-tipo-0-farina-tipo-0-1000-g-01.png')">
            <div class="hover"></div>
            <p class="arrow bgRed white">Best Seller</p>
            <div class="stickers"></div>
        </div>
    </a>
    <div>
        <h4><a href="../farina-selezionata-casillo-tipo-0-1kg.html"><b>Farina Selezionata Casillo Tipo 0 1Kg</b></a></h4>
        <p class="description">Molino Casillo Tipo '0' Farina Tipo '0' 1000 g</p>
        <p class="right price"><b>1.35 €</b></p>
        <p class="right unitPrice">1.35 € per kg</p>
    </div>
    <div class="contButton">
    <a class="button bgRed white addToCart" href="#">Add</a>
</div>
</div><div class="left product prod29"
        data-name="Farina Caputo Nuvola 0 25kg"
        data-price="52.81"
        data-id="60078"
        data-available="yes"
        data-category="2775"
        data-bestselling="">
    <a href="../farina-caputo-nuvola-0-25kg.html">
        <div style="background-image: url('../../cdn.spesati.com/images/products/000113091/caputo-nuvola-farina-di-grano-tenero-tipo-0-25-kg-01.png')">
            <div class="hover"></div>
            
            <div class="stickers"></div>
        </div>
    </a>
    <div>
        <h4><a href="../farina-caputo-nuvola-0-25kg.html"><b>Farina Caputo Nuvola 0 25kg</b></a></h4>
        <p class="description">Caputo Nuvola Farina di Grano Tenero Tipo "0" 25 kg</p>
        <p class="right price"><b>52.81 €</b></p>
        <p class="right unitPrice">2.11 € per kg</p>
    </div>
    <div class="contButton">
    <a class="button bgRed white addToCart" href="#">Add</a>
</div>
</div><div class="left product prod30"
        data-name="Farina Caputo Rinfo Rosso 25kg"
        data-price="35.90"
        data-id="25952"
        data-available="yes"
        data-category="2775"
        data-bestselling="">
    <a href="../farina-caputo-rinfo-rosso-25kg.html">
        <div style="background-image: url('../../cdn.spesati.com/images/products/000112455/caputo-saccorosso-farina-di-grano-tenero-tipo-00-25-kg-01.png')">
            <div class="hover"></div>
            
            <div class="stickers"></div>
        </div>
    </a>
    <div>
        <h4><a href="../farina-caputo-rinfo-rosso-25kg.html"><b>Farina Caputo Rinfo Rosso 25kg</b></a></h4>
        <p class="description">Caputo Saccorosso Farina di Grano Tenero Tipo "00" 25 kg</p>
        <p class="right price"><b>35.90 €</b></p>
        <p class="right unitPrice">1.44 € per kg</p>
    </div>
    <div class="contButton">
    <a class="button bgRed white addToCart" href="#">Add</a>
</div>
</div><div class="left product prod31"
        data-name="Farina Caputo Pizz Blu 00 25kg"
        data-price="35.86"
        data-id="25951"
        data-available="yes"
        data-category="2775"
        data-bestselling="">
    <a href="../farina-caputo-pizz-blu-00-25kg.html">
        <div style="background-image: url('../../cdn.spesati.com/images/products/000112454/caputo-pizzeria-farina-di-grano-tenero-tipo-00-25-kg-01.png')">
            <div class="hover"></div>
            
            <div class="stickers"></div>
        </div>
    </a>
    <div>
        <h4><a href="../farina-caputo-pizz-blu-00-25kg.html"><b>Farina Caputo Pizz Blu 00 25kg</b></a></h4>
        <p class="description">Caputo Pizzeria Farina di Grano Tenero Tipo "00" 25 kg</p>
        <p class="right price"><b>35.86 €</b></p>
        <p class="right unitPrice">1.44 € per kg</p>
    </div>
    <div class="contButton">
    <a class="button bgRed white addToCart" href="#">Add</a>
</div>
</div><div class="left product prod32"
        data-name="Semola Lecca Fine 0.500"
        data-price="1.39"
        data-id="25935"
        data-available="yes"
        data-category="2775"
        data-bestselling="">
    <a href="../semola-lecca-fine-0500.html">
        <div style="background-image: url('../../cdn.spesati.com/images/products/000112412/semola-fine-500-g-01.png')">
            <div class="hover"></div>
            
            <div class="stickers"></div>
        </div>
    </a>
    <div>
        <h4><a href="../semola-lecca-fine-0500.html"><b>Semola Lecca Fine 0.500</b></a></h4>
        <p class="description">Semola Fine 500 g</p>
        <p class="right price"><b>1.39 €</b></p>
        <p class="right unitPrice">2.78 € per kg</p>
    </div>
    <div class="contButton">
    <a class="button bgRed white addToCart" href="#">Add</a>
</div>
</div><div class="left product prod33"
        data-name="Semola Lecca Grossa 0.500"
        data-price="1.39"
        data-id="25934"
        data-available="yes"
        data-category="2775"
        data-bestselling="">
    <a href="../semola-lecca-grossa-0500.html">
        <div style="background-image: url('../../cdn.spesati.com/images/products/000112410/semola-grossa-500-g-01.png')">
            <div class="hover"></div>
            
            <div class="stickers"></div>
        </div>
    </a>
    <div>
        <h4><a href="../semola-lecca-grossa-0500.html"><b>Semola Lecca Grossa 0.500</b></a></h4>
        <p class="description">Semola Grossa 500 g</p>
        <p class="right price"><b>1.39 €</b></p>
        <p class="right unitPrice">2.78 € per kg</p>
    </div>
    <div class="contButton">
    <a class="button bgRed white addToCart" href="#">Add</a>
</div>
</div><div class="left product prod34"
        data-name="Granito Lecca 500gr"
        data-price="1.15"
        data-id="25931"
        data-available="yes"
        data-category="2775"
        data-bestselling="">
    <a href="../granito-lecca-500gr.html">
        <div style="background-image: url('../../cdn.spesati.com/images/products/000112400/granito00-di-grano-tenero-500-g-01.png')">
            <div class="hover"></div>
            
            <div class="stickers"></div>
        </div>
    </a>
    <div>
        <h4><a href="../granito-lecca-500gr.html"><b>Granito Lecca 500gr</b></a></h4>
        <p class="description">granito”00” di grano tenero 500 g</p>
        <p class="right price"><b>1.15 €</b></p>
        <p class="right unitPrice">2.30 € per kg</p>
    </div>
    <div class="contButton">
    <a class="button bgRed white addToCart" href="#">Add</a>
</div>
</div><div class="left product prod35"
        data-name="Polenta Bramata Il Molino 1Kg"
        data-price="1.78"
        data-id="6688"
        data-available="yes"
        data-category="2775"
        data-bestselling="">
    <a href="../polenta-bramata-il-molino-1kg.html">
        <div style="background-image: url('../../cdn.spesati.com/images/products/000112386/il-molino-chiavazza-farina-di-granoturco-polenta-rustica-bramata-1-kg-01.png')">
            <div class="hover"></div>
            
            <div class="stickers"></div>
        </div>
    </a>
    <div>
        <h4><a href="../polenta-bramata-il-molino-1kg.html"><b>Polenta Bramata Il Molino 1Kg</b></a></h4>
        <p class="description">il Molino Chiavazza Farina di Granoturco Polenta Rustica Bramata 1 kg</p>
        <p class="right price"><b>1.78 €</b></p>
        <p class="right unitPrice">1.78 € per kg</p>
    </div>
    <div class="contButton">
    <a class="button bgRed white addToCart" href="#">Add</a>
</div>
</div><div class="left product prod36"
        data-name="Farina Manitoba 1 Kg"
        data-price="1.75"
        data-id="5725"
        data-available="yes"
        data-category="2775"
        data-bestselling="">
    <a href="../farina-manitoba-1-kg.html">
        <div style="background-image: url('../../cdn.spesati.com/images/products/000112360/il-molino-chiavazza-farina-tipo-0-di-grano-tenero-manitoba-1-kg-01.png')">
            <div class="hover"></div>
            
            <div class="stickers"></div>
        </div>
    </a>
    <div>
        <h4><a href="../farina-manitoba-1-kg.html"><b>Farina Manitoba 1 Kg</b></a></h4>
        <p class="description">il Molino Chiavazza Farina Tipo 0 di Grano Tenero Manitoba 1 kg</p>
        <p class="right price"><b>1.75 €</b></p>
        <p class="right unitPrice">1.75 € per kg</p>
    </div>
    <div class="contButton">
    <a class="button bgRed white addToCart" href="#">Add</a>
</div>
</div><div class="left product prod37"
        data-name="Farina Casillo Manitoba 1kg"
        data-price="1.59"
        data-id="25898"
        data-available="yes"
        data-category="2775"
        data-bestselling="">
    <a href="../farina-casillo-manitoba-1kg.html">
        <div style="background-image: url('../../cdn.spesati.com/images/products/000112154/molino-casillo-tipo-manitoba-farina-tipo-manitoba-1000-g-01.png')">
            <div class="hover"></div>
            
            <div class="stickers"></div>
        </div>
    </a>
    <div>
        <h4><a href="../farina-casillo-manitoba-1kg.html"><b>Farina Casillo Manitoba 1kg</b></a></h4>
        <p class="description">Molino Casillo Tipo Manitoba Farina Tipo "Manitoba" 1000 g</p>
        <p class="right price"><b>1.59 €</b></p>
        <p class="right unitPrice">1.59 € per kg</p>
    </div>
    <div class="contButton">
    <a class="button bgRed white addToCart" href="#">Add</a>
</div>
</div><div class="left product prod38"
        data-name="Farina Selezione Casillo Dolci 1Kg"
        data-price="1.50"
        data-id="6955"
        data-available="yes"
        data-category="2775"
        data-bestselling="3">
    <a href="../farina-selezione-casillo-dolci-1kg.html">
        <div style="background-image: url('../../cdn.spesati.com/images/products/000112144/molino-casillo-il-dolce-farina-tipo-00-1000-g-01.png')">
            <div class="hover"></div>
            <p class="arrow bgRed white">Best Seller</p>
            <div class="stickers"></div>
        </div>
    </a>
    <div>
        <h4><a href="../farina-selezione-casillo-dolci-1kg.html"><b>Farina Selezione Casillo Dolci 1Kg</b></a></h4>
        <p class="description">Molino Casillo il Dolce Farina Tipo '00' 1000 g</p>
        <p class="right price"><b>1.50 €</b></p>
        <p class="right unitPrice">1.50 € per kg</p>
    </div>
    <div class="contButton">
    <a class="button bgRed white addToCart" href="#">Add</a>
</div>
</div><div class="left product prod39"
        data-name="Semola Grano Duro Ism 5 Kg"
        data-price="9.62"
        data-id="25883"
        data-available="yes"
        data-category="2775"
        data-bestselling="">
    <a href="../semola-grano-duro-ism-5-kg.html">
        <div style="background-image: url('../../cdn.spesati.com/images/products/000112110/simec-semola-di-grano-duro-5-kg-01.png')">
            <div class="hover"></div>
            
            <div class="stickers"></div>
        </div>
    </a>
    <div>
        <h4><a href="../semola-grano-duro-ism-5-kg.html"><b>Semola Grano Duro Ism 5 Kg</b></a></h4>
        <p class="description">Simec Semola di grano duro 5 kg</p>
        <p class="right price"><b>9.62 €</b></p>
        <p class="right unitPrice">1.92 € per kg</p>
    </div>
    <div class="contButton">
    <a class="button bgRed white addToCart" href="#">Add</a>
</div>
</div><div class="left product prod40"
        data-name="Farina Selezione Casil 00 1 Kg"
        data-price="1.30"
        data-id="25882"
        data-available="yes"
        data-category="2775"
        data-bestselling="">
    <a href="../farina-selezione-casil-00-1-kg.html">
        <div style="background-image: url('../../cdn.spesati.com/images/products/000112104/molino-casillo-tipo-00-farina-tipo-00-1000-g-01.png')">
            <div class="hover"></div>
            
            <div class="stickers"></div>
        </div>
    </a>
    <div>
        <h4><a href="../farina-selezione-casil-00-1-kg.html"><b>Farina Selezione Casil 00 1 Kg</b></a></h4>
        <p class="description">Molino Casillo Tipo '00' Farina Tipo '00' 1000 g</p>
        <p class="right price"><b>1.30 €</b></p>
        <p class="right unitPrice">1.30 € per kg</p>
    </div>
    <div class="contButton">
    <a class="button bgRed white addToCart" href="#">Add</a>
</div>
</div><div class="left product prod41"
        data-name="Farina 0 Ism Manitoba 5kg"
        data-price="9.91"
        data-id="25876"
        data-available="yes"
        data-category="2775"
        data-bestselling="">
    <a href="../farina-0-ism-manitoba-5kg.html">
        <div style="background-image: url('../../cdn.spesati.com/images/products/000112095/simec-farina-di-grano-tenero-tipo-0-manitoba-5-kg-01.png')">
            <div class="hover"></div>
            
            <div class="stickers"></div>
        </div>
    </a>
    <div>
        <h4><a href="../farina-0-ism-manitoba-5kg.html"><b>Farina 0 Ism Manitoba 5kg</b></a></h4>
        <p class="description">Simec Farina di grano tenero Tipo "0" Manitoba 5 kg</p>
        <p class="right price"><b>9.91 €</b></p>
        <p class="right unitPrice">1.99 € per kg</p>
    </div>
    <div class="contButton">
    <a class="button bgRed white addToCart" href="#">Add</a>
</div>
</div><div class="left product prod42"
        data-name="Farina Spadoni Ceci 500Gr"
        data-price="2.69"
        data-id="6948"
        data-available="yes"
        data-category="2775"
        data-bestselling="1">
    <a href="../farina-spadoni-ceci-500gr.html">
        <div style="background-image: url('../../cdn.spesati.com/images/products/000112044/molino-spadoni-farina-di-ceci-500-g-01.png')">
            <div class="hover"></div>
            <p class="arrow bgRed white">Best Seller</p>
            <div class="stickers"></div>
        </div>
    </a>
    <div>
        <h4><a href="../farina-spadoni-ceci-500gr.html"><b>Farina Spadoni Ceci 500Gr</b></a></h4>
        <p class="description">Molino Spadoni Farina di Ceci 500 g</p>
        <p class="right price"><b>2.69 €</b></p>
        <p class="right unitPrice">5.38 € per kg</p>
    </div>
    <div class="contButton">
    <a class="button bgRed white addToCart" href="#">Add</a>
</div>
</div><div class="left product prod43"
        data-name="Spadoni Farina Calibrata"
        data-price="11.57"
        data-id="2917"
        data-available="yes"
        data-category="2775"
        data-bestselling="">
    <a href="../spadoni-farina-calibrata.html">
        <div style="background-image: url('../../cdn.spesati.com/images/products/000112039/molino-spadoni-gran-mugnaio-la-calibrata-del-gran-mugnaio-farina-00-5-kg-01.png')">
            <div class="hover"></div>
            
            <div class="stickers"></div>
        </div>
    </a>
    <div>
        <h4><a href="../spadoni-farina-calibrata.html"><b>Spadoni Farina Calibrata</b></a></h4>
        <p class="description">Molino Spadoni Gran Mugnaio la Calibrata del Gran Mugnaio Farina "00" 5 Kg</p>
        <p class="right price"><b>11.57 €</b></p>
        <p class="right unitPrice">2.31 € per kg</p>
    </div>
    <div class="contButton">
    <a class="button bgRed white addToCart" href="#">Add</a>
</div>
</div><div class="left product prod44"
        data-name="Farina Spadoni Pizza Pz 3 25kg"
        data-price="42.10"
        data-id="25857"
        data-available="yes"
        data-category="2775"
        data-bestselling="">
    <a href="../farina-spadoni-pizza-pz-3-25kg.html">
        <div style="background-image: url('../../cdn.spesati.com/images/products/000112019/molino-spadoni-gran-mugnaio-pz3-farina-di-grano-tenero-tipo-00-per-pizza-classica-25-kg-01.png')">
            <div class="hover"></div>
            
            <div class="stickers"></div>
        </div>
    </a>
    <div>
        <h4><a href="../farina-spadoni-pizza-pz-3-25kg.html"><b>Farina Spadoni Pizza Pz 3 25kg</b></a></h4>
        <p class="description">Molino Spadoni Gran Mugnaio PZ3 Farina di grano tenero tipo "00" per Pizza Classica 25 Kg</p>
        <p class="right price"><b>42.10 €</b></p>
        <p class="right unitPrice">1.68 € per kg</p>
    </div>
    <div class="contButton">
    <a class="button bgRed white addToCart" href="#">Add</a>
</div>
</div><div class="left product prod45"
        data-name="Farina Spadoni Pizza Pz 2 25kg"
        data-price="41.19"
        data-id="25856"
        data-available="yes"
        data-category="2775"
        data-bestselling="">
    <a href="../farina-spadoni-pizza-pz-2-25kg.html">
        <div style="background-image: url('../../cdn.spesati.com/images/products/000112018/molino-spadoni-gran-mugnaio-pz2-farina-di-grano-tenero-tipo-00-per-pizza-soffice-25-kg-01.png')">
            <div class="hover"></div>
            
            <div class="stickers"></div>
        </div>
    </a>
    <div>
        <h4><a href="../farina-spadoni-pizza-pz-2-25kg.html"><b>Farina Spadoni Pizza Pz 2 25kg</b></a></h4>
        <p class="description">Molino Spadoni Gran Mugnaio PZ2 Farina di grano tenero tipo "00" per Pizza Soffice 25 Kg</p>
        <p class="right price"><b>41.19 €</b></p>
        <p class="right unitPrice">1.64 € per kg</p>
    </div>
    <div class="contButton">
    <a class="button bgRed white addToCart" href="#">Add</a>
</div>
</div><div class="left product prod46"
        data-name="Farina Mulino B Per Dolci 1kg"
        data-price="2.19"
        data-id="25853"
        data-available="yes"
        data-category="2775"
        data-bestselling="">
    <a href="../farina-mulino-b-per-dolci-1kg.html">
        <div style="background-image: url('../../cdn.spesati.com/images/products/000112006/mulino-bianco-miscela-per-torte-1000g-01.png')">
            <div class="hover"></div>
            
            <div class="stickers"></div>
        </div>
    </a>
    <div>
        <h4><a href="../farina-mulino-b-per-dolci-1kg.html"><b>Farina Mulino B Per Dolci 1kg</b></a></h4>
        <p class="description">Mulino Bianco Miscela per Torte 1000g</p>
        <p class="right price"><b>2.19 €</b></p>
        <p class="right unitPrice">2.19 € per kg</p>
    </div>
    <div class="contButton">
    <a class="button bgRed white addToCart" href="#">Add</a>
</div>
</div><div class="left product prod47"
        data-name="Barilla Farina 00"
        data-price="1.19"
        data-id="2900"
        data-available="yes"
        data-category="2775"
        data-bestselling="">
    <a href="../barilla-farina-00.html">
        <div style="background-image: url('../../cdn.spesati.com/images/products/000112005/barilla-farina-tipo-00-1000g-01.png')">
            <div class="hover"></div>
            
            <div class="stickers"></div>
        </div>
    </a>
    <div>
        <h4><a href="../barilla-farina-00.html"><b>Barilla Farina 00</b></a></h4>
        <p class="description">Barilla Farina tipo "00" 1000g</p>
        <p class="right price"><b>1.19 €</b></p>
        <p class="right unitPrice">1.19 € per kg</p>
    </div>
    <div class="contButton">
    <a class="button bgRed white addToCart" href="#">Add</a>
</div>
</div><div class="left product prod48"
        data-name="Farina Barilla Oo 500gr"
        data-price="0.87"
        data-id="25852"
        data-available="yes"
        data-category="2775"
        data-bestselling="1">
    <a href="../farina-barilla-oo-500gr.html">
        <div style="background-image: url('../../cdn.spesati.com/images/products/000112004/barilla-farina-tipo-00-di-grano-tenero-500-g-01.png')">
            <div class="hover"></div>
            <p class="arrow bgRed white">Best Seller</p>
            <div class="stickers"></div>
        </div>
    </a>
    <div>
        <h4><a href="../farina-barilla-oo-500gr.html"><b>Farina Barilla Oo 500gr</b></a></h4>
        <p class="description">Barilla Farina Tipo "00" di Grano Tenero 500 g</p>
        <p class="right price"><b>0.87 €</b></p>
        <p class="right unitPrice">1.75 € per kg</p>
    </div>
    <div class="contButton">
    <a class="button bgRed white addToCart" href="#">Add</a>
</div>
</div><div class="left product prod49"
        data-name="semola di grano duro barilla per pasta e pane"
        data-price="2.41"
        data-id="2915"
        data-available="yes"
        data-category="2775"
        data-bestselling="">
    <a href="../semola-di-grano-duro-barilla-per-pasta-e-pane.html">
        <div style="background-image: url('../../cdn.spesati.com/images/products/000112001/barilla-semola-rimacinata-grano-duro-ideale-per-pane-e-pasta-fresca-1000g-01.png')">
            <div class="hover"></div>
            
            <div class="stickers"></div>
        </div>
    </a>
    <div>
        <h4><a href="../semola-di-grano-duro-barilla-per-pasta-e-pane.html"><b>semola di grano duro barilla per pasta e pane</b></a></h4>
        <p class="description">Barilla Semola Rimacinata Grano Duro Ideale per Pane e Pasta Fresca 1000g</p>
        <p class="right price"><b>2.41 €</b></p>
        <p class="right unitPrice">2.41 € per kg</p>
    </div>
    <div class="contButton">
    <a class="button bgRed white addToCart" href="#">Add</a>
</div>
</div><div class="left product prod50"
        data-name="Ds Farina Senza Glutine"
        data-price="4.15"
        data-id="2903"
        data-available="yes"
        data-category="2775"
        data-bestselling="">
    <a href="../ds-farina-senza-glutine.html">
        <div style="background-image: url('../../cdn.spesati.com/images/products/000110077/schaer-mix-it-universale-1-kg-01.png')">
            <div class="hover"></div>
            
            <div class="stickers"><img class="left" src="../../cdn.spesati.com/images/layout/gluten-free.png" /></div>
        </div>
    </a>
    <div>
        <h4><a href="../ds-farina-senza-glutine.html"><b>Ds Farina Senza Glutine</b></a></h4>
        <p class="description">Schär Mix It Universale 1 Kg</p>
        <p class="right price"><b>4.15 €</b></p>
        <p class="right unitPrice">4.15 € per kg</p>
    </div>
    <div class="contButton">
    <a class="button bgRed white addToCart" href="#">Add</a>
</div>
</div><div class="left product prod51"
        data-name="Lievito Bertolini Vanig 100 Bs"
        data-price="56.89"
        data-id="25316"
        data-available="yes"
        data-category="2905"
        data-bestselling="">
    <a href="../lievito-bertolini-vanig-100-bs.html">
        <div style="background-image: url('../../cdn.spesati.com/images/products/000108603/bertolini-lievito-vaniglinato-16-g-01.png')">
            <div class="hover"></div>
            
            <div class="stickers"></div>
        </div>
    </a>
    <div>
        <h4><a href="../lievito-bertolini-vanig-100-bs.html"><b>Lievito Bertolini Vanig 100 Bs</b></a></h4>
        <p class="description">Bertolini Lievito Vaniglinato 16 g</p>
        <p class="right price"><b>56.89 €</b></p>
        <p class="right unitPrice">568.92 € per kg</p>
    </div>
    <div class="contButton">
    <a class="button bgRed white addToCart" href="#">Add</a>
</div>
</div><div class="left product prod52"
        data-name="Pasta Madre Pane Angeli Per Pane 30Gr"
        data-price="1.25"
        data-id="7075"
        data-available="yes"
        data-category="2905"
        data-bestselling="">
    <a href="../pasta-madre-pane-angeli-per-pane-30gr.html">
        <div style="background-image: url('../../cdn.spesati.com/images/products/000108598/paneangeli-pasta-madre-disidratata-con-lievito-30-g-01.png')">
            <div class="hover"></div>
            
            <div class="stickers"></div>
        </div>
    </a>
    <div>
        <h4><a href="../pasta-madre-pane-angeli-per-pane-30gr.html"><b>Pasta Madre Pane Angeli Per Pane 30Gr</b></a></h4>
        <p class="description">PANEANGELI Pasta madre disidratata con lievito 30 g</p>
        <p class="right price"><b>1.25 €</b></p>
        <p class="right unitPrice">41.66 € per kg</p>
    </div>
    <div class="contButton">
    <a class="button bgRed white addToCart" href="#">Add</a>
</div>
</div><div class="left product prod53"
        data-name="Cremortartaro Rebecchi X 2pz"
        data-price="2.25"
        data-id="25241"
        data-available="yes"
        data-category="2905"
        data-bestselling="">
    <a href="../cremortartaro-rebecchi-x-2pz.html">
        <div style="background-image: url('../../cdn.spesati.com/images/products/000108465/mariarosa-cremor-tartaro-2-x-8-g-01.png')">
            <div class="hover"></div>
            
            <div class="stickers"></div>
        </div>
    </a>
    <div>
        <h4><a href="../cremortartaro-rebecchi-x-2pz.html"><b>Cremortartaro Rebecchi X 2pz</b></a></h4>
        <p class="description">Mariarosa Cremor Tartaro 2 x 8 g</p>
        <p class="right price"><b>2.25 €</b></p>
        <p class="right unitPrice">140.61 € per kg</p>
    </div>
    <div class="contButton">
    <a class="button bgRed white addToCart" href="#">Add</a>
</div>
</div><div class="left product prod54"
        data-name="Paneangeli Mastro Fornaio"
        data-price="1.25"
        data-id="2931"
        data-available="yes"
        data-category="2905"
        data-bestselling="1">
    <a href="../paneangeli-mastro-fornaio.html">
        <div style="background-image: url('../../cdn.spesati.com/images/products/000108372/paneangeli-lievito-di-birra-mastro-fornaio-per-pizze-focacce-pani-speciali-e-dolci-3-x-7-g-01.png')">
            <div class="hover"></div>
            <p class="arrow bgRed white">Best Seller</p>
            <div class="stickers"></div>
        </div>
    </a>
    <div>
        <h4><a href="../paneangeli-mastro-fornaio.html"><b>Paneangeli Mastro Fornaio</b></a></h4>
        <p class="description">PANEANGELI Lievito di Birra Mastro Fornaio per Pizze, Focacce, Pani Speciali e Dolci 3 x 7 g</p>
        <p class="right price"><b>1.25 €</b></p>
        <p class="right unitPrice">59.51 € per kg</p>
    </div>
    <div class="contButton">
    <a class="button bgRed white addToCart" href="#">Add</a>
</div>
</div><div class="left product prod55"
        data-name="Lievito Paneangeli Vanigl 10bs"
        data-price="3.69"
        data-id="25194"
        data-available="yes"
        data-category="2905"
        data-bestselling="">
    <a href="../lievito-paneangeli-vanigl-10bs.html">
        <div style="background-image: url('../../cdn.spesati.com/images/products/000108368/paneangeli-lievito-pane-degli-angeli-vaniglinato-10-x-16-g-01.png')">
            <div class="hover"></div>
            
            <div class="stickers"></div>
        </div>
    </a>
    <div>
        <h4><a href="../lievito-paneangeli-vanigl-10bs.html"><b>Lievito Paneangeli Vanigl 10bs</b></a></h4>
        <p class="description">PANEANGELI "Lievito Pane degli Angeli" Vaniglinato 10 x 16 g</p>
        <p class="right price"><b>3.69 €</b></p>
        <p class="right unitPrice">23.07 € per kg</p>
    </div>
    <div class="contButton">
    <a class="button bgRed white addToCart" href="#">Add</a>
</div>
</div><div class="left product prod56"
        data-name="Paneangeli Lievito Tris"
        data-price="1.19"
        data-id="2930"
        data-available="yes"
        data-category="2905"
        data-bestselling="">
    <a href="../paneangeli-lievito-tris.html">
        <div style="background-image: url('../../cdn.spesati.com/images/products/000108366/paneangeli-lievito-pane-degli-angeli-vaniglinato-3-x-16-g-01.png')">
            <div class="hover"></div>
            
            <div class="stickers"></div>
        </div>
    </a>
    <div>
        <h4><a href="../paneangeli-lievito-tris.html"><b>Paneangeli Lievito Tris</b></a></h4>
        <p class="description">PANEANGELI "Lievito Pane degli Angeli" Vaniglinato 3 x 16 g</p>
        <p class="right price"><b>1.19 €</b></p>
        <p class="right unitPrice">24.79 € per kg</p>
    </div>
    <div class="contButton">
    <a class="button bgRed white addToCart" href="#">Add</a>
</div>
</div><div class="left product prod57"
        data-name="Bertolini Lievito"
        data-price="1.69"
        data-id="2924"
        data-available="yes"
        data-category="2905"
        data-bestselling="">
    <a href="../bertolini-lievito.html">
        <div style="background-image: url('../../cdn.spesati.com/images/products/000108355/bertolini-lievito-vaniglinato-4-x-16-g-01.png')">
            <div class="hover"></div>
            
            <div class="stickers"></div>
        </div>
    </a>
    <div>
        <h4><a href="../bertolini-lievito.html"><b>Bertolini Lievito</b></a></h4>
        <p class="description">Bertolini Lievito Vaniglinato 4 x 16 g</p>
        <p class="right price"><b>1.69 €</b></p>
        <p class="right unitPrice">35.20 € per kg</p>
    </div>
    <div class="contButton">
    <a class="button bgRed white addToCart" href="#">Add</a>
</div>
</div><div class="left product prod58"
        data-name="Lievito Pane Angeli Pizza Veloce 1 Bustina"
        data-price="1.19"
        data-id="7074"
        data-available="yes"
        data-category="2905"
        data-bestselling="">
    <a href="../lievito-pane-angeli-pizza-veloce-1-bustina.html">
        <div style="background-image: url('../../cdn.spesati.com/images/products/000108028/paneangeli-lievito-istantaneo-pizza-veloce-26-g-01.png')">
            <div class="hover"></div>
            
            <div class="stickers"></div>
        </div>
    </a>
    <div>
        <h4><a href="../lievito-pane-angeli-pizza-veloce-1-bustina.html"><b>Lievito Pane Angeli Pizza Veloce 1 Bustina</b></a></h4>
        <p class="description">PANEANGELI Lievito Istantaneo Pizza Veloce 26 g</p>
        <p class="right price"><b>1.19 €</b></p>
        <p class="right unitPrice">1.19 € per piece</p>
    </div>
    <div class="contButton">
    <a class="button bgRed white addToCart" href="#">Add</a>
</div>
</div><div class="left product prod59"
        data-name="Semolato Rimacinato Galleu 5kg"
        data-price="9.87"
        data-id="25860"
        data-available="yes"
        data-category="2775"
        data-bestselling="">
    <a href="../semolato-rimacinato-galleu-5kg.html">
        <div style="background-image: url('../../cdn.spesati.com/images/products/missing-image/missing-image.jpg')">
            <div class="hover"></div>
            
            <div class="stickers"></div>
        </div>
    </a>
    <div>
        <h4><a href="../semolato-rimacinato-galleu-5kg.html"><b>Semolato Rimacinato Galleu 5kg</b></a></h4>
        <p class="description">5 Kg</p>
        <p class="right price"><b>9.87 €</b></p>
        <p class="right unitPrice">1.98 € per kg</p>
    </div>
    <div class="contButton">
    <a class="button bgRed white addToCart" href="#">Add</a>
</div>
</div><div class="left product prod60"
        data-name="Semola Rimacinata Galleu 5kg"
        data-price="11.14"
        data-id="25861"
        data-available="yes"
        data-category="2775"
        data-bestselling="">
    <a href="../semola-rimacinata-galleu-5kg.html">
        <div style="background-image: url('../../cdn.spesati.com/images/products/missing-image/missing-image.jpg')">
            <div class="hover"></div>
            
            <div class="stickers"></div>
        </div>
    </a>
    <div>
        <h4><a href="../semola-rimacinata-galleu-5kg.html"><b>Semola Rimacinata Galleu 5kg</b></a></h4>
        <p class="description">5 Kg</p>
        <p class="right price"><b>11.14 €</b></p>
        <p class="right unitPrice">2.23 € per kg</p>
    </div>
    <div class="contButton">
    <a class="button bgRed white addToCart" href="#">Add</a>
</div>
</div><div class="left product prod61"
        data-name="Semolato Ism Rimacinato 25kg"
        data-price="35.45"
        data-id="25864"
        data-available="yes"
        data-category="2775"
        data-bestselling="">
    <a href="../semolato-ism-rimacinato-25kg.html">
        <div style="background-image: url('../../cdn.spesati.com/images/products/missing-image/missing-image.jpg')">
            <div class="hover"></div>
            
            <div class="stickers"></div>
        </div>
    </a>
    <div>
        <h4><a href="../semolato-ism-rimacinato-25kg.html"><b>Semolato Ism Rimacinato 25kg</b></a></h4>
        <p class="description">25 Kg</p>
        <p class="right price"><b>35.45 €</b></p>
        <p class="right unitPrice">1.41 € per kg</p>
    </div>
    <div class="contButton">
    <a class="button bgRed white addToCart" href="#">Add</a>
</div>
</div><div class="left product prod62"
        data-name="Farina Ism Spolverino 5kg"
        data-price="8.26"
        data-id="25866"
        data-available="yes"
        data-category="2775"
        data-bestselling="">
    <a href="../farina-ism-spolverino-5kg.html">
        <div style="background-image: url('../../cdn.spesati.com/images/products/missing-image/missing-image.jpg')">
            <div class="hover"></div>
            
            <div class="stickers"></div>
        </div>
    </a>
    <div>
        <h4><a href="../farina-ism-spolverino-5kg.html"><b>Farina Ism Spolverino 5kg</b></a></h4>
        <p class="description">5 Kg</p>
        <p class="right price"><b>8.26 €</b></p>
        <p class="right unitPrice">1.65 € per kg</p>
    </div>
    <div class="contButton">
    <a class="button bgRed white addToCart" href="#">Add</a>
</div>
</div><div class="left product prod63"
        data-name="Semola Ism Grano Duro 25kg"
        data-price="41.01"
        data-id="25867"
        data-available="yes"
        data-category="2775"
        data-bestselling="">
    <a href="../semola-ism-grano-duro-25kg.html">
        <div style="background-image: url('../../cdn.spesati.com/images/products/missing-image/missing-image.jpg')">
            <div class="hover"></div>
            
            <div class="stickers"></div>
        </div>
    </a>
    <div>
        <h4><a href="../semola-ism-grano-duro-25kg.html"><b>Semola Ism Grano Duro 25kg</b></a></h4>
        <p class="description">25 Kg</p>
        <p class="right price"><b>41.01 €</b></p>
        <p class="right unitPrice">1.64 € per kg</p>
    </div>
    <div class="contButton">
    <a class="button bgRed white addToCart" href="#">Add</a>
</div>
</div><div class="left product prod64"
        data-name="Lievito Birra Selez Casi Secco"
        data-price="5.24"
        data-id="25895"
        data-available="yes"
        data-category="2905"
        data-bestselling="">
    <a href="../lievito-birra-selez-casi-secco.html">
        <div style="background-image: url('../../cdn.spesati.com/images/products/missing-image/missing-image.jpg')">
            <div class="hover"></div>
            
            <div class="stickers"></div>
        </div>
    </a>
    <div>
        <h4><a href="../lievito-birra-selez-casi-secco.html"><b>Lievito Birra Selez Casi Secco</b></a></h4>
        <p class="description">0.5 Kg</p>
        <p class="right price"><b>5.24 €</b></p>
        <p class="right unitPrice">10.48 € per kg</p>
    </div>
    <div class="contButton">
    <a class="button bgRed white addToCart" href="#">Add</a>
</div>
</div><div class="left product prod65"
        data-name="Semola Ism Rimacinata 25kg"
        data-price="39.00"
        data-id="25868"
        data-available="yes"
        data-category="2775"
        data-bestselling="">
    <a href="../semola-ism-rimacinata-25kg.html">
        <div style="background-image: url('../../cdn.spesati.com/images/products/missing-image/missing-image.jpg')">
            <div class="hover"></div>
            
            <div class="stickers"></div>
        </div>
    </a>
    <div>
        <h4><a href="../semola-ism-rimacinata-25kg.html"><b>Semola Ism Rimacinata 25kg</b></a></h4>
        <p class="description">25 Kg</p>
        <p class="right price"><b>39.00 €</b></p>
        <p class="right unitPrice">1.56 € per kg</p>
    </div>
    <div class="contButton">
    <a class="button bgRed white addToCart" href="#">Add</a>
</div>
</div><div class="left product prod66"
        data-name="Lievito Pizza Selez Casi Secco"
        data-price="9.53"
        data-id="25896"
        data-available="yes"
        data-category="2905"
        data-bestselling="">
    <a href="../lievito-pizza-selez-casi-secco.html">
        <div style="background-image: url('../../cdn.spesati.com/images/products/missing-image/missing-image.jpg')">
            <div class="hover"></div>
            
            <div class="stickers"></div>
        </div>
    </a>
    <div>
        <h4><a href="../lievito-pizza-selez-casi-secco.html"><b>Lievito Pizza Selez Casi Secco</b></a></h4>
        <p class="description">1 Kg</p>
        <p class="right price"><b>9.53 €</b></p>
        <p class="right unitPrice">9.53 € per kg</p>
    </div>
    <div class="contButton">
    <a class="button bgRed white addToCart" href="#">Add</a>
</div>
</div><div class="left product prod67"
        data-name="Farina 00 Speciale Pizza 25kg"
        data-price="36.02"
        data-id="25873"
        data-available="yes"
        data-category="2775"
        data-bestselling="">
    <a href="../farina-00-speciale-pizza-25kg.html">
        <div style="background-image: url('../../cdn.spesati.com/images/products/missing-image/missing-image.jpg')">
            <div class="hover"></div>
            
            <div class="stickers"></div>
        </div>
    </a>
    <div>
        <h4><a href="../farina-00-speciale-pizza-25kg.html"><b>Farina 00 Speciale Pizza 25kg</b></a></h4>
        <p class="description">25 Kg</p>
        <p class="right price"><b>36.02 €</b></p>
        <p class="right unitPrice">1.45 € per kg</p>
    </div>
    <div class="contButton">
    <a class="button bgRed white addToCart" href="#">Add</a>
</div>
</div><div class="left product prod68"
        data-name="Granito Ism Grano Tenero 25kg"
        data-price="35.98"
        data-id="25875"
        data-available="yes"
        data-category="2775"
        data-bestselling="">
    <a href="../granito-ism-grano-tenero-25kg.html">
        <div style="background-image: url('../../cdn.spesati.com/images/products/missing-image/missing-image.jpg')">
            <div class="hover"></div>
            
            <div class="stickers"></div>
        </div>
    </a>
    <div>
        <h4><a href="../granito-ism-grano-tenero-25kg.html"><b>Granito Ism Grano Tenero 25kg</b></a></h4>
        <p class="description">25 Kg</p>
        <p class="right price"><b>35.98 €</b></p>
        <p class="right unitPrice">1.44 € per kg</p>
    </div>
    <div class="contButton">
    <a class="button bgRed white addToCart" href="#">Add</a>
</div>
</div><div class="left product prod69"
        data-name="Farina 0 Stipar 25kg"
        data-price="32.23"
        data-id="25879"
        data-available="yes"
        data-category="2775"
        data-bestselling="">
    <a href="../farina-0-stipar-25kg.html">
        <div style="background-image: url('../../cdn.spesati.com/images/products/missing-image/missing-image.jpg')">
            <div class="hover"></div>
            
            <div class="stickers"></div>
        </div>
    </a>
    <div>
        <h4><a href="../farina-0-stipar-25kg.html"><b>Farina 0 Stipar 25kg</b></a></h4>
        <p class="description">25 Kg</p>
        <p class="right price"><b>32.23 €</b></p>
        <p class="right unitPrice">1.29 € per kg</p>
    </div>
    <div class="contButton">
    <a class="button bgRed white addToCart" href="#">Add</a>
</div>
</div><div class="left product prod70"
        data-name="Farina Panificazione 00 25kg"
        data-price="28.04"
        data-id="25890"
        data-available="yes"
        data-category="2775"
        data-bestselling="">
    <a href="../farina-panificazione-00-25kg.html">
        <div style="background-image: url('../../cdn.spesati.com/images/products/missing-image/missing-image.jpg')">
            <div class="hover"></div>
            
            <div class="stickers"></div>
        </div>
    </a>
    <div>
        <h4><a href="../farina-panificazione-00-25kg.html"><b>Farina Panificazione 00 25kg</b></a></h4>
        <p class="description">25 Kg</p>
        <p class="right price"><b>28.04 €</b></p>
        <p class="right unitPrice">1.12 € per kg</p>
    </div>
    <div class="contButton">
    <a class="button bgRed white addToCart" href="#">Add</a>
</div>
</div><div class="left product prod71"
        data-name="Farina Sel Casil Manitoba 25kg"
        data-price="34.50"
        data-id="25891"
        data-available="yes"
        data-category="2775"
        data-bestselling="">
    <a href="../farina-sel-casil-manitoba-25kg.html">
        <div style="background-image: url('../../cdn.spesati.com/images/products/missing-image/missing-image.jpg')">
            <div class="hover"></div>
            
            <div class="stickers"></div>
        </div>
    </a>
    <div>
        <h4><a href="../farina-sel-casil-manitoba-25kg.html"><b>Farina Sel Casil Manitoba 25kg</b></a></h4>
        <p class="description">25 Kg</p>
        <p class="right price"><b>34.50 €</b></p>
        <p class="right unitPrice">1.38 € per kg</p>
    </div>
    <div class="contButton">
    <a class="button bgRed white addToCart" href="#">Add</a>
</div>
</div><div class="left product prod72"
        data-name="Farina Posillipo Pizza Cro 25k"
        data-price="30.70"
        data-id="25894"
        data-available="yes"
        data-category="2775"
        data-bestselling="">
    <a href="../farina-posillipo-pizza-cro-25k.html">
        <div style="background-image: url('../../cdn.spesati.com/images/products/missing-image/missing-image.jpg')">
            <div class="hover"></div>
            
            <div class="stickers"></div>
        </div>
    </a>
    <div>
        <h4><a href="../farina-posillipo-pizza-cro-25k.html"><b>Farina Posillipo Pizza Cro 25k</b></a></h4>
        <p class="description">25 Kg</p>
        <p class="right price"><b>30.70 €</b></p>
        <p class="right unitPrice">1.23 € per kg</p>
    </div>
    <div class="contButton">
    <a class="button bgRed white addToCart" href="#">Add</a>
</div>
</div><div class="left product prod73"
        data-name="Semola Grano Duro Brundu 1 Kg"
        data-price="1.99"
        data-id="25901"
        data-available="yes"
        data-category="2775"
        data-bestselling="">
    <a href="../semola-grano-duro-brundu-1-kg.html">
        <div style="background-image: url('../../cdn.spesati.com/images/products/missing-image/missing-image.jpg')">
            <div class="hover"></div>
            
            <div class="stickers"></div>
        </div>
    </a>
    <div>
        <h4><a href="../semola-grano-duro-brundu-1-kg.html"><b>Semola Grano Duro Brundu 1 Kg</b></a></h4>
        <p class="description">1 Kg</p>
        <p class="right price"><b>1.99 €</b></p>
        <p class="right unitPrice">1.99 € per kg</p>
    </div>
    <div class="contButton">
    <a class="button bgRed white addToCart" href="#">Add</a>
</div>
</div><div class="left product prod74"
        data-name="Semolato Rimacinato Brundu 1kg"
        data-price="1.95"
        data-id="25902"
        data-available="yes"
        data-category="2775"
        data-bestselling="">
    <a href="../semolato-rimacinato-brundu-1kg.html">
        <div style="background-image: url('../../cdn.spesati.com/images/products/missing-image/missing-image.jpg')">
            <div class="hover"></div>
            
            <div class="stickers"></div>
        </div>
    </a>
    <div>
        <h4><a href="../semolato-rimacinato-brundu-1kg.html"><b>Semolato Rimacinato Brundu 1kg</b></a></h4>
        <p class="description">1 Kg</p>
        <p class="right price"><b>1.95 €</b></p>
        <p class="right unitPrice">1.96 € per kg</p>
    </div>
    <div class="contButton">
    <a class="button bgRed white addToCart" href="#">Add</a>
</div>
</div><div class="left product prod75"
        data-name="Prepar Spadoni Pizza Nera 5kg"
        data-price="26.00"
        data-id="25948"
        data-available="yes"
        data-category="2775"
        data-bestselling="">
    <a href="../prepar-spadoni-pizza-nera-5kg.html">
        <div style="background-image: url('../../cdn.spesati.com/images/products/missing-image/missing-image.jpg')">
            <div class="hover"></div>
            
            <div class="stickers"></div>
        </div>
    </a>
    <div>
        <h4><a href="../prepar-spadoni-pizza-nera-5kg.html"><b>Prepar Spadoni Pizza Nera 5kg</b></a></h4>
        <p class="description">5 Kg</p>
        <p class="right price"><b>26.00 €</b></p>
        <p class="right unitPrice">5.20 € per kg</p>
    </div>
    <div class="contButton">
    <a class="button bgRed white addToCart" href="#">Add</a>
</div>
</div><div class="left product prod76"
        data-name="Farina Spadoni Integr Bio 5kg"
        data-price="13.96"
        data-id="25949"
        data-available="yes"
        data-category="2775"
        data-bestselling="">
    <a href="../farina-spadoni-integr-bio-5kg.html">
        <div style="background-image: url('../../cdn.spesati.com/images/products/missing-image/missing-image.jpg')">
            <div class="hover"></div>
            
            <div class="stickers"></div>
        </div>
    </a>
    <div>
        <h4><a href="../farina-spadoni-integr-bio-5kg.html"><b>Farina Spadoni Integr Bio 5kg</b></a></h4>
        <p class="description">5 Kg</p>
        <p class="right price"><b>13.96 €</b></p>
        <p class="right unitPrice">2.79 € per kg</p>
    </div>
    <div class="contButton">
    <a class="button bgRed white addToCart" href="#">Add</a>
</div>
</div><div class="left product prod77"
        data-name="Farina Spadoni Mac Pietra 5kg"
        data-price="12.46"
        data-id="25950"
        data-available="yes"
        data-category="2775"
        data-bestselling="">
    <a href="../farina-spadoni-mac-pietra-5kg.html">
        <div style="background-image: url('../../cdn.spesati.com/images/products/missing-image/missing-image.jpg')">
            <div class="hover"></div>
            
            <div class="stickers"></div>
        </div>
    </a>
    <div>
        <h4><a href="../farina-spadoni-mac-pietra-5kg.html"><b>Farina Spadoni Mac Pietra 5kg</b></a></h4>
        <p class="description">5 Kg</p>
        <p class="right price"><b>12.46 €</b></p>
        <p class="right unitPrice">2.50 € per kg</p>
    </div>
    <div class="contButton">
    <a class="button bgRed white addToCart" href="#">Add</a>
</div>
</div><div class="left product prod78"
        data-name="Farina Spadoni Kamut Bio 5kg"
        data-price="39.68"
        data-id="25953"
        data-available="yes"
        data-category="2775"
        data-bestselling="">
    <a href="../farina-spadoni-kamut-bio-5kg.html">
        <div style="background-image: url('../../cdn.spesati.com/images/products/missing-image/missing-image.jpg')">
            <div class="hover"></div>
            
            <div class="stickers"></div>
        </div>
    </a>
    <div>
        <h4><a href="../farina-spadoni-kamut-bio-5kg.html"><b>Farina Spadoni Kamut Bio 5kg</b></a></h4>
        <p class="description">5 Kg</p>
        <p class="right price"><b>39.68 €</b></p>
        <p class="right unitPrice">7.94 € per kg</p>
    </div>
    <div class="contButton">
    <a class="button bgRed white addToCart" href="#">Add</a>
</div>
</div><div class="left product prod79"
        data-name="Farina Sele Casillo Integ Kg5"
        data-price="7.20"
        data-id="25954"
        data-available="yes"
        data-category="2775"
        data-bestselling="">
    <a href="../farina-sele-casillo-integ-kg5.html">
        <div style="background-image: url('../../cdn.spesati.com/images/products/missing-image/missing-image.jpg')">
            <div class="hover"></div>
            
            <div class="stickers"></div>
        </div>
    </a>
    <div>
        <h4><a href="../farina-sele-casillo-integ-kg5.html"><b>Farina Sele Casillo Integ Kg5</b></a></h4>
        <p class="description">5 Kg</p>
        <p class="right price"><b>7.20 €</b></p>
        <p class="right unitPrice">1.45 € per kg</p>
    </div>
    <div class="contButton">
    <a class="button bgRed white addToCart" href="#">Add</a>
</div>
</div><div class="left product prod80"
        data-name="Farina Ism Stella Rossa 25kg"
        data-price="34.53"
        data-id="26046"
        data-available="yes"
        data-category="2775"
        data-bestselling="">
    <a href="../farina-ism-stella-rossa-25kg.html">
        <div style="background-image: url('../../cdn.spesati.com/images/products/missing-image/missing-image.jpg')">
            <div class="hover"></div>
            
            <div class="stickers"></div>
        </div>
    </a>
    <div>
        <h4><a href="../farina-ism-stella-rossa-25kg.html"><b>Farina Ism Stella Rossa 25kg</b></a></h4>
        <p class="description">25 Kg</p>
        <p class="right price"><b>34.53 €</b></p>
        <p class="right unitPrice">1.38 € per kg</p>
    </div>
    <div class="contButton">
    <a class="button bgRed white addToCart" href="#">Add</a>
</div>
</div><div class="left product prod81"
        data-name="Granella Di Arachidi 750 Gr"
        data-price="6.58"
        data-id="26140"
        data-available="yes"
        data-category="2775"
        data-bestselling="">
    <a href="../granella-di-arachidi-750-gr.html">
        <div style="background-image: url('../../cdn.spesati.com/images/products/missing-image/missing-image.jpg')">
            <div class="hover"></div>
            
            <div class="stickers"></div>
        </div>
    </a>
    <div>
        <h4><a href="../granella-di-arachidi-750-gr.html"><b>Granella Di Arachidi 750 Gr</b></a></h4>
        <p class="description">0.75 Kg</p>
        <p class="right price"><b>6.58 €</b></p>
        <p class="right unitPrice">8.78 € per kg</p>
    </div>
    <div class="contButton">
    <a class="button bgRed white addToCart" href="#">Add</a>
</div>
</div><div class="left product prod82"
        data-name="Farina Di Cocco 500 Gr"
        data-price="3.25"
        data-id="26141"
        data-available="yes"
        data-category="2775"
        data-bestselling="">
    <a href="../farina-di-cocco-500-gr.html">
        <div style="background-image: url('../../cdn.spesati.com/images/products/missing-image/missing-image.jpg')">
            <div class="hover"></div>
            
            <div class="stickers"></div>
        </div>
    </a>
    <div>
        <h4><a href="../farina-di-cocco-500-gr.html"><b>Farina Di Cocco 500 Gr</b></a></h4>
        <p class="description">0.5 Kg</p>
        <p class="right price"><b>3.25 €</b></p>
        <p class="right unitPrice">6.49 € per kg</p>
    </div>
    <div class="contButton">
    <a class="button bgRed white addToCart" href="#">Add</a>
</div>
</div><div class="left product prod83"
        data-name="Granella Di Nocciole 750 Gr"
        data-price="18.42"
        data-id="26142"
        data-available="yes"
        data-category="2775"
        data-bestselling="">
    <a href="../granella-di-nocciole-750-gr.html">
        <div style="background-image: url('../../cdn.spesati.com/images/products/missing-image/missing-image.jpg')">
            <div class="hover"></div>
            
            <div class="stickers"></div>
        </div>
    </a>
    <div>
        <h4><a href="../granella-di-nocciole-750-gr.html"><b>Granella Di Nocciole 750 Gr</b></a></h4>
        <p class="description">0.75 Kg</p>
        <p class="right price"><b>18.42 €</b></p>
        <p class="right unitPrice">24.56 € per kg</p>
    </div>
    <div class="contButton">
    <a class="button bgRed white addToCart" href="#">Add</a>
</div>
</div><div class="left product prod84"
        data-name="Farina Di Mandorle 500 Gr"
        data-price="11.28"
        data-id="26144"
        data-available="yes"
        data-category="2775"
        data-bestselling="">
    <a href="../farina-di-mandorle-500-gr.html">
        <div style="background-image: url('../../cdn.spesati.com/images/products/missing-image/missing-image.jpg')">
            <div class="hover"></div>
            
            <div class="stickers"></div>
        </div>
    </a>
    <div>
        <h4><a href="../farina-di-mandorle-500-gr.html"><b>Farina Di Mandorle 500 Gr</b></a></h4>
        <p class="description">0.5 Kg</p>
        <p class="right price"><b>11.28 €</b></p>
        <p class="right unitPrice">22.56 € per kg</p>
    </div>
    <div class="contButton">
    <a class="button bgRed white addToCart" href="#">Add</a>
</div>
</div><div class="left product prod85"
        data-name="Granella Di Pistacchio 750 Gr"
        data-price="40.75"
        data-id="26145"
        data-available="yes"
        data-category="2775"
        data-bestselling="">
    <a href="../granella-di-pistacchio-750-gr.html">
        <div style="background-image: url('../../cdn.spesati.com/images/products/missing-image/missing-image.jpg')">
            <div class="hover"></div>
            
            <div class="stickers"></div>
        </div>
    </a>
    <div>
        <h4><a href="../granella-di-pistacchio-750-gr.html"><b>Granella Di Pistacchio 750 Gr</b></a></h4>
        <p class="description">0.75 Kg</p>
        <p class="right price"><b>40.75 €</b></p>
        <p class="right unitPrice">54.34 € per kg</p>
    </div>
    <div class="contButton">
    <a class="button bgRed white addToCart" href="#">Add</a>
</div>
</div><div class="left product prod86"
        data-name="Farina Cocco 1800gr Secchiello"
        data-price="13.52"
        data-id="26180"
        data-available="yes"
        data-category="2775"
        data-bestselling="">
    <a href="../farina-cocco-1800gr-secchiello.html">
        <div style="background-image: url('../../cdn.spesati.com/images/products/missing-image/missing-image.jpg')">
            <div class="hover"></div>
            
            <div class="stickers"></div>
        </div>
    </a>
    <div>
        <h4><a href="../farina-cocco-1800gr-secchiello.html"><b>Farina Cocco 1800gr Secchiello</b></a></h4>
        <p class="description">1.8 Kg</p>
        <p class="right price"><b>13.52 €</b></p>
        <p class="right unitPrice">7.51 € per kg</p>
    </div>
    <div class="contButton">
    <a class="button bgRed white addToCart" href="#">Add</a>
</div>
</div><div class="left product prod87"
        data-name="Lorighittas Cagliaritani 250gr"
        data-price="11.56"
        data-id="27802"
        data-available="yes"
        data-category="2775"
        data-bestselling="">
    <a href="../lorighittas-cagliaritani-250gr.html">
        <div style="background-image: url('../../cdn.spesati.com/images/products/missing-image/missing-image.jpg')">
            <div class="hover"></div>
            
            <div class="stickers"></div>
        </div>
    </a>
    <div>
        <h4><a href="../lorighittas-cagliaritani-250gr.html"><b>Lorighittas Cagliaritani 250gr</b></a></h4>
        <p class="description">0.25 Kg</p>
        <p class="right price"><b>11.56 €</b></p>
        <p class="right unitPrice">46.23 € per kg</p>
    </div>
    <div class="contButton">
    <a class="button bgRed white addToCart" href="#">Add</a>
</div>
</div><div class="left product prod88"
        data-name="Semola Casillo Rimacinata 25kg"
        data-price="39.50"
        data-id="35152"
        data-available="yes"
        data-category="2775"
        data-bestselling="">
    <a href="../semola-casillo-rimacinata-25kg.html">
        <div style="background-image: url('../../cdn.spesati.com/images/products/missing-image/missing-image.jpg')">
            <div class="hover"></div>
            
            <div class="stickers"></div>
        </div>
    </a>
    <div>
        <h4><a href="../semola-casillo-rimacinata-25kg.html"><b>Semola Casillo Rimacinata 25kg</b></a></h4>
        <p class="description">25 Kg</p>
        <p class="right price"><b>39.50 €</b></p>
        <p class="right unitPrice">1.58 € per kg</p>
    </div>
    <div class="contButton">
    <a class="button bgRed white addToCart" href="#">Add</a>
</div>
</div><div class="left product prod89"
        data-name="Farina Selez Casill Ischia 5kg"
        data-price="6.91"
        data-id="61464"
        data-available="yes"
        data-category="2775"
        data-bestselling="">
    <a href="../farina-selez-casill-ischia-5kg.html">
        <div style="background-image: url('../../cdn.spesati.com/images/products/missing-image/missing-image.jpg')">
            <div class="hover"></div>
            
            <div class="stickers"></div>
        </div>
    </a>
    <div>
        <h4><a href="../farina-selez-casill-ischia-5kg.html"><b>Farina Selez Casill Ischia 5kg</b></a></h4>
        <p class="description">5 Kg</p>
        <p class="right price"><b>6.91 €</b></p>
        <p class="right unitPrice">1.38 € per kg</p>
    </div>
    <div class="contButton">
    <a class="button bgRed white addToCart" href="#">Add</a>
</div>
</div><div class="left product prod90"
        data-name="Farina Di Marco Pinsa "0" 25kg"
        data-price="64.26"
        data-id="63249"
        data-available="yes"
        data-category="2775"
        data-bestselling="">
    <a href="../farina-di-marco-pinsa-0-25kg.html">
        <div style="background-image: url('../../cdn.spesati.com/images/products/missing-image/missing-image.jpg')">
            <div class="hover"></div>
            
            <div class="stickers"></div>
        </div>
    </a>
    <div>
        <h4><a href="../farina-di-marco-pinsa-0-25kg.html"><b>Farina Di Marco Pinsa "0" 25kg</b></a></h4>
        <p class="description">25 Kg</p>
        <p class="right price"><b>64.26 €</b></p>
        <p class="right unitPrice">2.57 € per kg</p>
    </div>
    <div class="contButton">
    <a class="button bgRed white addToCart" href="#">Add</a>
</div>
</div><div class="left product prod91"
        data-name="Semola Integ Galleu Gr/duro 1k"
        data-price="2.34"
        data-id="66519"
        data-available="yes"
        data-category="2775"
        data-bestselling="">
    <a href="../semola-integ-galleu-grduro-1k.html">
        <div style="background-image: url('../../cdn.spesati.com/images/products/missing-image/missing-image.jpg')">
            <div class="hover"></div>
            
            <div class="stickers"></div>
        </div>
    </a>
    <div>
        <h4><a href="../semola-integ-galleu-grduro-1k.html"><b>Semola Integ Galleu Gr/duro 1k</b></a></h4>
        <p class="description">1 Kg</p>
        <p class="right price"><b>2.34 €</b></p>
        <p class="right unitPrice">2.34 € per kg</p>
    </div>
    <div class="contButton">
    <a class="button bgRed white addToCart" href="#">Add</a>
</div>
</div><div class="left product prod92"
        data-name="Farina Sele Casillo Integ 25kg"
        data-price="33.03"
        data-id="25741"
        data-available="yes"
        data-category="2775"
        data-bestselling="">
    <a href="../farina-sele-casillo-integ-25kg.html">
        <div style="background-image: url('../../cdn.spesati.com/images/products/missing-image/missing-image.jpg')">
            <div class="hover"></div>
            
            <div class="stickers"></div>
        </div>
    </a>
    <div>
        <h4><a href="../farina-sele-casillo-integ-25kg.html"><b>Farina Sele Casillo Integ 25kg</b></a></h4>
        <p class="description">25 Kg</p>
        <p class="right price"><b>33.03 €</b></p>
        <p class="right unitPrice">1.32 € per kg</p>
    </div>
    <div class="contButton">
    <a class="button bgRed white addToCart" href="#">Add</a>
</div>
</div><div class="left product prod93"
        data-name="Farina Casil Gr Ten Chiaia 25k"
        data-price="34.52"
        data-id="25787"
        data-available="yes"
        data-category="2775"
        data-bestselling="">
    <a href="../farina-casil-gr-ten-chiaia-25k.html">
        <div style="background-image: url('../../cdn.spesati.com/images/products/missing-image/missing-image.jpg')">
            <div class="hover"></div>
            
            <div class="stickers"></div>
        </div>
    </a>
    <div>
        <h4><a href="../farina-casil-gr-ten-chiaia-25k.html"><b>Farina Casil Gr Ten Chiaia 25k</b></a></h4>
        <p class="description">25 Kg</p>
        <p class="right price"><b>34.52 €</b></p>
        <p class="right unitPrice">1.38 € per kg</p>
    </div>
    <div class="contButton">
    <a class="button bgRed white addToCart" href="#">Add</a>
</div>
</div><div class="left product prod94"
        data-name="Semola Ledda Gr Duro Rimac 1kg"
        data-price="1.79"
        data-id="25854"
        data-available="yes"
        data-category="2775"
        data-bestselling="">
    <a href="../semola-ledda-gr-duro-rimac-1kg.html">
        <div style="background-image: url('../../cdn.spesati.com/images/products/missing-image/missing-image.jpg')">
            <div class="hover"></div>
            
            <div class="stickers"></div>
        </div>
    </a>
    <div>
        <h4><a href="../semola-ledda-gr-duro-rimac-1kg.html"><b>Semola Ledda Gr Duro Rimac 1kg</b></a></h4>
        <p class="description">1 Kg</p>
        <p class="right price"><b>1.79 €</b></p>
        <p class="right unitPrice">1.79 € per kg</p>
    </div>
    <div class="contButton">
    <a class="button bgRed white addToCart" href="#">Add</a>
</div>
</div><div class="left product prod95"
        data-name="Semola Ledda Gr Dur Tipo Ex 1k"
        data-price="1.49"
        data-id="25855"
        data-available="yes"
        data-category="2775"
        data-bestselling="">
    <a href="../semola-ledda-gr-dur-tipo-ex-1k.html">
        <div style="background-image: url('../../cdn.spesati.com/images/products/missing-image/missing-image.jpg')">
            <div class="hover"></div>
            
            <div class="stickers"></div>
        </div>
    </a>
    <div>
        <h4><a href="../semola-ledda-gr-dur-tipo-ex-1k.html"><b>Semola Ledda Gr Dur Tipo Ex 1k</b></a></h4>
        <p class="description">1 Kg</p>
        <p class="right price"><b>1.49 €</b></p>
        <p class="right unitPrice">1.49 € per kg</p>
    </div>
    <div class="contButton">
    <a class="button bgRed white addToCart" href="#">Add</a>
</div>
</div><div class="left product prod96"
        data-name="Lievito Di Birra 500gr"
        data-price="2.79"
        data-id="25188"
        data-available="yes"
        data-category="2905"
        data-bestselling="">
    <a href="../lievito-di-birra-500gr.html">
        <div style="background-image: url('../../cdn.spesati.com/images/products/missing-image/missing-image.jpg')">
            <div class="hover"></div>
            
            <div class="stickers"></div>
        </div>
    </a>
    <div>
        <h4><a href="../lievito-di-birra-500gr.html"><b>Lievito Di Birra 500gr</b></a></h4>
        <p class="description">1 piece</p>
        <p class="right price"><b>2.79 €</b></p>
        <p class="right unitPrice">2.78 € per piece</p>
    </div>
    <div class="contButton">
    <a class="button bgRed white addToCart" href="#">Add</a>
</div>
</div><div class="left product prod97"
        data-name="Galleu Semola Grano Duro Rosso"
        data-price="2.48"
        data-id="2909"
        data-available="no"
        data-category="2775"
        data-bestselling="">
    <a href="../galleu-semola-grano-duro-rosso.html">
        <div style="background-image: url('../../cdn.spesati.com/images/products/7086502/galleu-semola-grano.jpg')">
            <div class="hover"></div>
            
            <div class="stickers"></div>
        </div>
    </a>
    <div>
        <h4><a href="../galleu-semola-grano-duro-rosso.html"><b>Galleu Semola Grano Duro Rosso</b></a></h4>
        <p class="description">1 Kg</p>
        <p class="right price"><b>2.48 €</b></p>
        <p class="right unitPrice">2.49 € per kg</p>
    </div>
    <div class="notAvailable">
    <a class="button bgDarkGrey white" href="../galleu-semola-grano-duro-rosso.html">Not available</a>
</div>
</div><div class="left product prod98"
        data-name="Farina F/magiche Per Pizza 1kg"
        data-price="2.64"
        data-id="60765"
        data-available="no"
        data-category="2775"
        data-bestselling="">
    <a href="../farina-fmagiche-per-pizza-1kg.html">
        <div style="background-image: url('https://cdn.spesati.com/images/products/000435567/le-farine-magiche-farina-poco-raffinata-per-pizza-1000-g-01.png')">
            <div class="hover"></div>
            
            <div class="stickers"></div>
        </div>
    </a>
    <div>
        <h4><a href="https://www.spesati.com/farina-fmagiche-per-pizza-1kg"><b>Farina F/magiche Per Pizza 1kg</b></a></h4>
        <p class="description">Le Farine Magiche Farina poco raffinata per Pizza 1000 g</p>
        <p class="right price"><b>2.64 €</b></p>
        <p class="right unitPrice">2.64 € per kg</p>
    </div>
    <div class="notAvailable">
    <a class="button bgDarkGrey white" href="https://www.spesati.com/farina-fmagiche-per-pizza-1kg">Not available</a>
</div>
</div><div class="left product prod99"
        data-name="Pure' Pfanni 4buste X 75gr"
        data-price="2.99"
        data-id="64041"
        data-available="no"
        data-category="2775"
        data-bestselling="">
    <a href="https://www.spesati.com/pure-pfanni-4buste-x-75gr">
        <div style="background-image: url('https://cdn.spesati.com/images/products/000431746/pfanni-pure-di-patate-in-fiocchi-4-x-75-g-01.png')">
            <div class="hover"></div>
            
            <div class="stickers"></div>
        </div>
    </a>
    <div>
        <h4><a href="https://www.spesati.com/pure-pfanni-4buste-x-75gr"><b>Pure' Pfanni 4buste X 75gr</b></a></h4>
        <p class="description">Pfanni Purè di Patate in Fiocchi 4 x 75 g</p>
        <p class="right price"><b>2.99 €</b></p>
        <p class="right unitPrice">9.97 € per kg</p>
    </div>
    <div class="notAvailable">
    <a class="button bgDarkGrey white" href="https://www.spesati.com/pure-pfanni-4buste-x-75gr">Not available</a>
</div>
</div><div class="left product prod100"
        data-name="Farina Barilla Oo 5kg"
        data-price="6.79"
        data-id="27687"
        data-available="no"
        data-category="2775"
        data-bestselling="">
    <a href="https://www.spesati.com/farina-barilla-oo-5kg">
        <div style="background-image: url('https://cdn.spesati.com/images/products/000145020/barilla-farina-tipo-00-di-grano-tenero-5-kg-01.png')">
            <div class="hover"></div>
            
            <div class="stickers"></div>
        </div>
    </a>
    <div>
        <h4><a href="https://www.spesati.com/farina-barilla-oo-5kg"><b>Farina Barilla Oo 5kg</b></a></h4>
        <p class="description">Barilla Farina Tipo "00" di Grano Tenero 5 kg</p>
        <p class="right price"><b>6.79 €</b></p>
        <p class="right unitPrice">1.36 € per kg</p>
    </div>
    <div class="notAvailable">
    <a class="button bgDarkGrey white" href="https://www.spesati.com/farina-barilla-oo-5kg">Not available</a>
</div>
</div><div class="left product prod101"
        data-name="Preparato Per Pizza Spadoni Ai Cereali 1 Kg"
        data-price="3.71"
        data-id="5724"
        data-available="no"
        data-category="2775"
        data-bestselling="">
    <a href="https://www.spesati.com/preparato-per-pizza-spadoni-ai-cereali-1-kg">
        <div style="background-image: url('https://cdn.spesati.com/images/products/000112635/molino-spadoni-gran-mugnaio-pizza-nera-ai-7-cereali-1000-gf-01.png')">
            <div class="hover"></div>
            
            <div class="stickers"></div>
        </div>
    </a>
    <div>
        <h4><a href="https://www.spesati.com/preparato-per-pizza-spadoni-ai-cereali-1-kg"><b>Preparato Per Pizza Spadoni Ai Cereali 1 Kg</b></a></h4>
        <p class="description">Molino Spadoni Gran Mugnaio Pizza Nera ai 7 Cereali 1000 gf</p>
        <p class="right price"><b>3.71 €</b></p>
        <p class="right unitPrice">3.71 € per kg</p>
    </div>
    <div class="notAvailable">
    <a class="button bgDarkGrey white" href="https://www.spesati.com/preparato-per-pizza-spadoni-ai-cereali-1-kg">Not available</a>
</div>
</div><div class="left product prod102"
        data-name="Farina Spadoni Manitoba 1kg"
        data-price="1.70"
        data-id="60648"
        data-available="no"
        data-category="2775"
        data-bestselling="">
    <a href="https://www.spesati.com/farina-spadoni-manitoba-1kg">
        <div style="background-image: url('https://cdn.spesati.com/images/products/000112311/molino-spadoni-farina-damerica-farina-di-grano-tenero-tipo-0-tipo-manitoba-1000-g-01.png')">
            <div class="hover"></div>
            
            <div class="stickers"></div>
        </div>
    </a>
    <div>
        <h4><a href="https://www.spesati.com/farina-spadoni-manitoba-1kg"><b>Farina Spadoni Manitoba 1kg</b></a></h4>
        <p class="description">Molino Spadoni Farina d'America Farina di grano tenero tipo "0" tipo Manitoba 1000 g</p>
        <p class="right price"><b>1.70 €</b></p>
        <p class="right unitPrice">1.70 € per kg</p>
    </div>
    <div class="notAvailable">
    <a class="button bgDarkGrey white" href="https://www.spesati.com/farina-spadoni-manitoba-1kg">Not available</a>
</div>
</div><div class="left product prod103"
        data-name="Farina Spadoni 00 Antigrumi 1k"
        data-price="1.49"
        data-id="25859"
        data-available="no"
        data-category="2775"
        data-bestselling="">
    <a href="https://www.spesati.com/farina-spadoni-00-antigrumi-1k">
        <div style="background-image: url('https://cdn.spesati.com/images/products/000112026/molino-spadoni-gran-mugnaio-farina-di-grano-tenero-tipo-00-anti-grumi-1000-g-01.png')">
            <div class="hover"></div>
            
            <div class="stickers"></div>
        </div>
    </a>
    <div>
        <h4><a href="https://www.spesati.com/farina-spadoni-00-antigrumi-1k"><b>Farina Spadoni 00 Antigrumi 1k</b></a></h4>
        <p class="description">Molino Spadoni Gran Mugnaio Farina di Grano Tenero Tipo "00" Anti-Grumi 1000 g</p>
        <p class="right price"><b>1.49 €</b></p>
        <p class="right unitPrice">1.49 € per kg</p>
    </div>
    <div class="notAvailable">
    <a class="button bgDarkGrey white" href="https://www.spesati.com/farina-spadoni-00-antigrumi-1k">Not available</a>
</div>
</div><div class="left product prod104"
        data-name="Farina Spadoni Pizza Pz 4 25kg"
        data-price="44.46"
        data-id="25858"
        data-available="no"
        data-category="2775"
        data-bestselling="">
    <a href="https://www.spesati.com/farina-spadoni-pizza-pz-4-25kg">
        <div style="background-image: url('https://cdn.spesati.com/images/products/000112024/molino-spadoni-gran-mugnaio-pz4-farina-di-grano-tenero-tipo-00-per-pizza-croccante-25-kg-01.png')">
            <div class="hover"></div>
            
            <div class="stickers"></div>
        </div>
    </a>
    <div>
        <h4><a href="https://www.spesati.com/farina-spadoni-pizza-pz-4-25kg"><b>Farina Spadoni Pizza Pz 4 25kg</b></a></h4>
        <p class="description">Molino Spadoni Gran Mugnaio PZ4 Farina di grano tenero tipo "00" per Pizza Croccante 25 Kg</p>
        <p class="right price"><b>44.46 €</b></p>
        <p class="right unitPrice">1.78 € per kg</p>
    </div>
    <div class="notAvailable">
    <a class="button bgDarkGrey white" href="https://www.spesati.com/farina-spadoni-pizza-pz-4-25kg">Not available</a>
</div>
</div><div class="left product prod105"
        data-name="Lievito P.angeli Vanig 100 Bs"
        data-price="62.93"
        data-id="25320"
        data-available="no"
        data-category="2905"
        data-bestselling="">
    <a href="https://www.spesati.com/lievito-pangeli-vanig-100-bs">
        <div style="background-image: url('https://cdn.spesati.com/images/products/000108611/paneangeli-lievito-pane-degli-angeli-vanigliato-per-dolci-16-g-01.png')">
            <div class="hover"></div>
            
            <div class="stickers"></div>
        </div>
    </a>
    <div>
        <h4><a href="https://www.spesati.com/lievito-pangeli-vanig-100-bs"><b>Lievito P.angeli Vanig 100 Bs</b></a></h4>
        <p class="description">PANEANGELI Lievito Pane degli Angeli Vanigliato Per Dolci 16 g</p>
        <p class="right price"><b>62.93 €</b></p>
        <p class="right unitPrice">62.93 € per piece</p>
    </div>
    <div class="notAvailable">
    <a class="button bgDarkGrey white" href="https://www.spesati.com/lievito-pangeli-vanig-100-bs">Not available</a>
</div>
</div><div class="left product prod106"
        data-name="Lievito Birra Cubetti 2x25gr"
        data-price="0.36"
        data-id="25191"
        data-available="no"
        data-category="2905"
        data-bestselling="">
    <a href="https://www.spesati.com/lievito-birra-cubetti-2x25gr">
        <div style="background-image: url('https://cdn.spesati.com/images/products/000108345/original-lievito-fresco-2-x-25-g-01.png')">
            <div class="hover"></div>
            
            <div class="stickers"></div>
        </div>
    </a>
    <div>
        <h4><a href="https://www.spesati.com/lievito-birra-cubetti-2x25gr"><b>Lievito Birra Cubetti 2x25gr</b></a></h4>
        <p class="description">Original lievito fresco 2 x 25 g</p>
        <p class="right price"><b>0.36 €</b></p>
        <p class="right unitPrice">7.19 € per kg</p>
    </div>
    <div class="notAvailable">
    <a class="button bgDarkGrey white" href="https://www.spesati.com/lievito-birra-cubetti-2x25gr">Not available</a>
</div>
</div><div class="left product prod107"
        data-name="Farina 5 Stag 00 Ros-oro 25kg"
        data-price="42.98"
        data-id="25869"
        data-available="no"
        data-category="2775"
        data-bestselling="">
    <a href="https://www.spesati.com/farina-5-stag-00-ros-oro-25kg">
        <div style="background-image: url('https://cdn.spesati.com/images/products/missing-image/missing-image.jpg')">
            <div class="hover"></div>
            
            <div class="stickers"></div>
        </div>
    </a>
    <div>
        <h4><a href="https://www.spesati.com/farina-5-stag-00-ros-oro-25kg"><b>Farina 5 Stag 00 Ros-oro 25kg</b></a></h4>
        <p class="description">25 Kg</p>
        <p class="right price"><b>42.98 €</b></p>
        <p class="right unitPrice">1.72 € per kg</p>
    </div>
    <div class="notAvailable">
    <a class="button bgDarkGrey white" href="https://www.spesati.com/farina-5-stag-00-ros-oro-25kg">Not available</a>
</div>
</div><div class="left product prod108"
        data-name="Farina 5 Stag 00 Verd-rinf 25k"
        data-price="40.01"
        data-id="25870"
        data-available="no"
        data-category="2775"
        data-bestselling="">
    <a href="https://www.spesati.com/farina-5-stag-00-verd-rinf-25k">
        <div style="background-image: url('https://cdn.spesati.com/images/products/missing-image/missing-image.jpg')">
            <div class="hover"></div>
            
            <div class="stickers"></div>
        </div>
    </a>
    <div>
        <h4><a href="https://www.spesati.com/farina-5-stag-00-verd-rinf-25k"><b>Farina 5 Stag 00 Verd-rinf 25k</b></a></h4>
        <p class="description">25 Kg</p>
        <p class="right price"><b>40.01 €</b></p>
        <p class="right unitPrice">1.60 € per kg</p>
    </div>
    <div class="notAvailable">
    <a class="button bgDarkGrey white" href="https://www.spesati.com/farina-5-stag-00-verd-rinf-25k">Not available</a>
</div>
</div><div class="left product prod109"
        data-name="Farina 5 Stag 00 Blu-super 25k"
        data-price="41.49"
        data-id="25872"
        data-available="no"
        data-category="2775"
        data-bestselling="">
    <a href="https://www.spesati.com/farina-5-stag-00-blu-super-25k">
        <div style="background-image: url('https://cdn.spesati.com/images/products/missing-image/missing-image.jpg')">
            <div class="hover"></div>
            
            <div class="stickers"></div>
        </div>
    </a>
    <div>
        <h4><a href="https://www.spesati.com/farina-5-stag-00-blu-super-25k"><b>Farina 5 Stag 00 Blu-super 25k</b></a></h4>
        <p class="description">25 Kg</p>
        <p class="right price"><b>41.49 €</b></p>
        <p class="right unitPrice">1.66 € per kg</p>
    </div>
    <div class="notAvailable">
    <a class="button bgDarkGrey white" href="https://www.spesati.com/farina-5-stag-00-blu-super-25k">Not available</a>
</div>
</div><div class="left product prod110"
        data-name="Farina 5 Stag Pizza Deligh 10k"
        data-price="27.04"
        data-id="25878"
        data-available="no"
        data-category="2775"
        data-bestselling="">
    <a href="https://www.spesati.com/farina-5-stag-pizza-deligh-10k">
        <div style="background-image: url('https://cdn.spesati.com/images/products/missing-image/missing-image.jpg')">
            <div class="hover"></div>
            
            <div class="stickers"></div>
        </div>
    </a>
    <div>
        <h4><a href="https://www.spesati.com/farina-5-stag-pizza-deligh-10k"><b>Farina 5 Stag Pizza Deligh 10k</b></a></h4>
        <p class="description">10 Kg</p>
        <p class="right price"><b>27.04 €</b></p>
        <p class="right unitPrice">2.71 € per kg</p>
    </div>
    <div class="notAvailable">
    <a class="button bgDarkGrey white" href="https://www.spesati.com/farina-5-stag-pizza-deligh-10k">Not available</a>
</div>
</div><div class="left product prod111"
        data-name="Farina Naturkraft Pizza 10kg"
        data-price="74.60"
        data-id="25881"
        data-available="no"
        data-category="2775"
        data-bestselling="">
    <a href="https://www.spesati.com/farina-naturkraft-pizza-10kg">
        <div style="background-image: url('https://cdn.spesati.com/images/products/missing-image/missing-image.jpg')">
            <div class="hover"></div>
            
            <div class="stickers"></div>
        </div>
    </a>
    <div>
        <h4><a href="https://www.spesati.com/farina-naturkraft-pizza-10kg"><b>Farina Naturkraft Pizza 10kg</b></a></h4>
        <p class="description">10 Kg</p>
        <p class="right price"><b>74.60 €</b></p>
        <p class="right unitPrice">7.46 € per kg</p>
    </div>
    <div class="notAvailable">
    <a class="button bgDarkGrey white" href="https://www.spesati.com/farina-naturkraft-pizza-10kg">Not available</a>
</div>
</div><div class="left product prod112"
        data-name="Farina Selez Cas Pizza Sof 25k"
        data-price="23.28"
        data-id="25892"
        data-available="no"
        data-category="2775"
        data-bestselling="">
    <a href="https://www.spesati.com/farina-selez-cas-pizza-sof-25k">
        <div style="background-image: url('https://cdn.spesati.com/images/products/missing-image/missing-image.jpg')">
            <div class="hover"></div>
            
            <div class="stickers"></div>
        </div>
    </a>
    <div>
        <h4><a href="https://www.spesati.com/farina-selez-cas-pizza-sof-25k"><b>Farina Selez Cas Pizza Sof 25k</b></a></h4>
        <p class="description">25 Kg</p>
        <p class="right price"><b>23.28 €</b></p>
        <p class="right unitPrice">0.94 € per kg</p>
    </div>
    <div class="notAvailable">
    <a class="button bgDarkGrey white" href="https://www.spesati.com/farina-selez-cas-pizza-sof-25k">Not available</a>
</div>
</div><div class="left product prod113"
        data-name="Farina 5 Stag Pizza Napoli 25k"
        data-price="39.20"
        data-id="25913"
        data-available="no"
        data-category="2775"
        data-bestselling="">
    <a href="https://www.spesati.com/farina-5-stag-pizza-napoli-25k">
        <div style="background-image: url('https://cdn.spesati.com/images/products/missing-image/missing-image.jpg')">
            <div class="hover"></div>
            
            <div class="stickers"></div>
        </div>
    </a>
    <div>
        <h4><a href="https://www.spesati.com/farina-5-stag-pizza-napoli-25k"><b>Farina 5 Stag Pizza Napoli 25k</b></a></h4>
        <p class="description">25 Kg</p>
        <p class="right price"><b>39.20 €</b></p>
        <p class="right unitPrice">1.57 € per kg</p>
    </div>
    <div class="notAvailable">
    <a class="button bgDarkGrey white" href="https://www.spesati.com/farina-5-stag-pizza-napoli-25k">Not available</a>
</div>
</div><div class="left product prod114"
        data-name="Farina 5 Stag 00 Ros-oro 10kg"
        data-price="17.63"
        data-id="26143"
        data-available="no"
        data-category="2775"
        data-bestselling="">
    <a href="https://www.spesati.com/farina-5-stag-00-ros-oro-10kg">
        <div style="background-image: url('https://cdn.spesati.com/images/products/missing-image/missing-image.jpg')">
            <div class="hover"></div>
            
            <div class="stickers"></div>
        </div>
    </a>
    <div>
        <h4><a href="https://www.spesati.com/farina-5-stag-00-ros-oro-10kg"><b>Farina 5 Stag 00 Ros-oro 10kg</b></a></h4>
        <p class="description">10 Kg</p>
        <p class="right price"><b>17.63 €</b></p>
        <p class="right unitPrice">1.77 € per kg</p>
    </div>
    <div class="notAvailable">
    <a class="button bgDarkGrey white" href="https://www.spesati.com/farina-5-stag-00-ros-oro-10kg">Not available</a>
</div>
</div><div class="left product prod115"
        data-name="Semola Casillo Top Rossa 25kg"
        data-price="42.12"
        data-id="26930"
        data-available="no"
        data-category="2775"
        data-bestselling="">
    <a href="https://www.spesati.com/semola-casillo-top-rossa-25kg">
        <div style="background-image: url('https://cdn.spesati.com/images/products/missing-image/missing-image.jpg')">
            <div class="hover"></div>
            
            <div class="stickers"></div>
        </div>
    </a>
    <div>
        <h4><a href="https://www.spesati.com/semola-casillo-top-rossa-25kg"><b>Semola Casillo Top Rossa 25kg</b></a></h4>
        <p class="description">25 Kg</p>
        <p class="right price"><b>42.12 €</b></p>
        <p class="right unitPrice">1.68 € per kg</p>
    </div>
    <div class="notAvailable">
    <a class="button bgDarkGrey white" href="https://www.spesati.com/semola-casillo-top-rossa-25kg">Not available</a>
</div>
</div><div class="left product prod116"
        data-name="Farina Spolverina 5 Stag 10 Kg"
        data-price="17.78"
        data-id="35150"
        data-available="no"
        data-category="2775"
        data-bestselling="">
    <a href="https://www.spesati.com/farina-spolverina-5-stag-10-kg">
        <div style="background-image: url('https://cdn.spesati.com/images/products/missing-image/missing-image.jpg')">
            <div class="hover"></div>
            
            <div class="stickers"></div>
        </div>
    </a>
    <div>
        <h4><a href="https://www.spesati.com/farina-spolverina-5-stag-10-kg"><b>Farina Spolverina 5 Stag 10 Kg</b></a></h4>
        <p class="description">10 Kg</p>
        <p class="right price"><b>17.78 €</b></p>
        <p class="right unitPrice">1.78 € per kg</p>
    </div>
    <div class="notAvailable">
    <a class="button bgDarkGrey white" href="https://www.spesati.com/farina-spolverina-5-stag-10-kg">Not available</a>
</div>
</div><div class="left product prod117"
        data-name="Semola Grano Duro Brundu 5 Kg"
        data-price="9.19"
        data-id="35181"
        data-available="no"
        data-category="2775"
        data-bestselling="">
    <a href="https://www.spesati.com/semola-grano-duro-brundu-5-kg">
        <div style="background-image: url('https://cdn.spesati.com/images/products/missing-image/missing-image.jpg')">
            <div class="hover"></div>
            
            <div class="stickers"></div>
        </div>
    </a>
    <div>
        <h4><a href="https://www.spesati.com/semola-grano-duro-brundu-5-kg"><b>Semola Grano Duro Brundu 5 Kg</b></a></h4>
        <p class="description">5 Kg</p>
        <p class="right price"><b>9.19 €</b></p>
        <p class="right unitPrice">1.84 € per kg</p>
    </div>
    <div class="notAvailable">
    <a class="button bgDarkGrey white" href="https://www.spesati.com/semola-grano-duro-brundu-5-kg">Not available</a>
</div>
</div><div class="left product prod118"
        data-name="Farina Selez Casill Ischia 25k"
        data-price="30.01"
        data-id="59610"
        data-available="no"
        data-category="2775"
        data-bestselling="">
    <a href="https://www.spesati.com/farina-selez-casill-ischia-25k">
        <div style="background-image: url('https://cdn.spesati.com/images/products/missing-image/missing-image.jpg')">
            <div class="hover"></div>
            
            <div class="stickers"></div>
        </div>
    </a>
    <div>
        <h4><a href="https://www.spesati.com/farina-selez-casill-ischia-25k"><b>Farina Selez Casill Ischia 25k</b></a></h4>
        <p class="description">25 Kg</p>
        <p class="right price"><b>30.01 €</b></p>
        <p class="right unitPrice">1.20 € per kg</p>
    </div>
    <div class="notAvailable">
    <a class="button bgDarkGrey white" href="https://www.spesati.com/farina-selez-casill-ischia-25k">Not available</a>
</div>
</div><div class="left product prod119"
        data-name="Farina F/mag Farinat Ceci 320g"
        data-price="4.45"
        data-id="73849"
        data-available="no"
        data-category="2775"
        data-bestselling="">
    <a href="https://www.spesati.com/farina-fmag-farinat-ceci-320g">
        <div style="background-image: url('https://cdn.spesati.com/images/products/missing-image/missing-image.jpg')">
            <div class="hover"></div>
            
            <div class="stickers"></div>
        </div>
    </a>
    <div>
        <h4><a href="https://www.spesati.com/farina-fmag-farinat-ceci-320g"><b>Farina F/mag Farinat Ceci 320g</b></a></h4>
        <p class="description">0.32 Kg</p>
        <p class="right price"><b>4.45 €</b></p>
        <p class="right unitPrice">13.90 € per kg</p>
    </div>
    <div class="notAvailable">
    <a class="button bgDarkGrey white" href="https://www.spesati.com/farina-fmag-farinat-ceci-320g">Not available</a>
</div>
</div>        </div>
    </div>
</section>
<div class="footer">
    <div class="bgDarkGrey"></div>
    <footer>
        <div class="left bgDarkGrey">
            <a id="logoFooter" href="https://www.spesati.com/" class="estDynamic">
                <img src="http://cdn.spesati.com/images/layout/logo-eng.png" alt="Spesati.com" />
                <h2 class="red">Grocery Delivery</h2>
            </a>
            <a class="button bgRed white mobile" href="tel:390707968318">Phone order</a>
            <a class="button bgRed white desktop" href="https://www.spesati.com/news/2020-04-07/news-on-spesati-the-telephone-order-service-is-active">Phone order</a>
            <a class="button bgRed white" href="https://www.spesati.com/cdn-cgi/l/email-protection#aec7c0c8c1eedddecbddcfdac780cdc1c3">Send mail</a>
            <div id="social">
                <a class="left" href="https://www.facebook.com/spesati/" rel="external" target="_blank">
                    <span class="facebook bgRed fa-stack fa-lg">
                        <i class="fa fa-facebook fa-stack-1x "></i>
                    </span>
                </a>
                <a class="right" href="https://twitter.com/spesati" rel="external" target="_blank">
                    <span class="twitter bgRed fa-stack fa-lg">
                        <i class="fa fa-twitter fa-stack-1x "></i>
                    </span>
                </a>
            </div>
            <p>Copyright 2024 Spesati.com </p>
            
                    <p>All rights reserved</p>
                    <p>SPESATI SRL</p>
                    <p>Corso Vittorio Veneto 15/I, 07026, Olbia</p>
                    <p>CF e P.Iva: 02772380909</p>
                        </div>
        <div class="center bgRed">
            <div class="top">
                <h3>Categories</h3>
                <div class="col">
                    <ul>
                        <li>
                            <a href="#" class="estDynamic">On sale</a>
                        </li>
                        <li>
                            <a href="https://www.spesati.com/fruit-and-vegetables" class="estDynamic">Fruit and vegetables</a>
                        </li>
                        <li>
                            <a href="https://www.spesati.com/fresh-products" class="estDynamic">Fresh products</a>
                        </li>
                        <li>
                            <a href="https://www.spesati.com/frozen-foods" class="estDynamic">Frozen foods</a>
                        </li>
                        <li>
                            <a href="https://www.spesati.com/bread-and-pasta" class="estDynamic">Bread and pasta</a>
                        </li>
                        <li>
                            <a href="https://www.spesati.com/meat" class="estDynamic">Meat</a>
                        </li>
                        <li>
                            <a href="https://www.spesati.com/fish" class="estDynamic">Fish</a>
                        </li>
                    </ul>
                </div>
                <div class="col">
                    <ul>
                        <li>
                            <a href="https://www.spesati.com/wine-beer-and-spirits" class="estDynamic">Wine beer and spirits</a>
                        </li>
                        <li>
                            <a href="https://www.spesati.com/water-and-drinks" class="estDynamic">Water and drinks</a>
                        </li>
                        <li>
                            <a href="https://www.spesati.com/sweets" class="estDynamic">Sweets</a>
                        </li>
                        <li>
                            <a href="https://www.spesati.com/shelf" class="estDynamic">Cupboard</a>
                        </li>
                        <li>
                            <a href="https://www.spesati.com/personal-care" class="estDynamic">Personal care</a>
                        </li>
                        <li>
                            <a href="https://www.spesati.com/household-and-outdoors" class="estDynamic">Home and outdoors</a>
                        </li>
                        <li>
                            <a href="https://www.spesati.com/pet" class="estDynamic">Pets</a>
                        </li>
                    </ul>
                </div>
                <div class="col">
                    <ul>
                        <li>
                            <a href="https://www.spesati.com/technology" class="estDynamic">Technology</a>
                        </li>
                        <li>
                            <a href="https://www.spesati.com/gluten-free" class="estDynamic">Gluten free</a>
                        </li>
                        <li>
                            <a href="https://www.spesati.com/lactose-free" class="estDynamic">Lactose free</a>
                        </li>
                        <li>
                            <a href="https://www.spesati.com/special" class="estDynamic">Special</a>
                        </li>
                        <li>
                            <a href="https://www.spesati.com/sardinian-products" class="estDynamic">Sardinian products</a>
                        </li>
                    </ul>
                </div>
            </div>
            <div class="bottom bgRed">
                <div class="left">
                    <h3>Delivery payment</h3>
                    <div>
                        <i class="fa fa-money fa-3x" aria-hidden="true"></i>
                        <p>Cash</p>
                    </div>
                    <div>
                        <i class="fa fa-credit-card fa-3x" aria-hidden="true"></i>
                        <p>Bancomat or card</p>
                    </div>
                </div>
                <div class="right">
                    <h3>Online payment</h3>
                    <div>
                        <i class="fa fa-credit-card fa-3x" aria-hidden="true"></i>
                        <p>Credit or debit card <span class="red">online</span></p>
                    </div>
                    <div>
                        <i class="fa fa-paypal fa-3x" aria-hidden="true"></i>
                        <p>PayPal</p>
                    </div>
                    <div>
                        <i class="fa fa-university fa-3x" aria-hidden="true"></i>
                        <p>Bank transfer</p>
                    </div>
                </div>
            </div>
        </div>
        <div class="right bgRed">
            <div>
                <i class="fa fa-truck fa-flip-horizontal"></i>
                <a class="button bgYellow white" href="https://www.spesati.com/delivery-prices">Delivery prices</a>
                
                    <h3>Home delivery:</h3>
                    <p><b>Monday to Saturday</b></p>
                    <p><b>9:00 to 20:00</b></p>
                    <p><b>Minimum order:</b> 29€</p>
                    <p><b>Delivery starting from:</b> 3,50€</p>
                            </div>
            <ul>
                <li>
                    <a href="https://www.spesati.com/delivery-prices">Delivery prices</a>
                </li>
                <li>
                    <a href="https://www.spesati.com/about">About</a>
                </li>
                <li>
                    <a href="https://www.spesati.com/faq">Faq</a>
                </li>
                <li>
                    <a href="https://www.spesati.com/customer-care">Support</a>
                </li>
                <li>
                    <a href="https://www.spesati.com/news">Blog</a>
                </li>
                <li>
                    <a href="https://www.spesati.com/terms-and-conditions">Conditions</a>
                </li>
                <li>
                    <a href="https://www.spesati.com/privacy-policy">Privacy policy</a>
                </li>
                <li>
                    <a href="https://www.spesati.com/legal-warranty">Legal guarantee</a>
                </li>
            </ul>
        </div>
    </footer>
    <div class="bgRed"></div>
</div>
<!--Start of Tawk.to Script-->
<script data-cfasync="false" src="https://www.spesati.com/cdn-cgi/scripts/5c5dd728/cloudflare-static/email-decode.min.js"></script><script type="text/javascript">
var Tawk_API=Tawk_API||{}, Tawk_LoadStart=new Date();
(function(){
var s1=document.createElement("script"),s0=document.getElementsByTagName("script")[0];
s1.async=true;
s1.src='https://embed.tawk.to/59e86945c28eca75e4626ed9/default';
s1.charset='UTF-8';
s1.setAttribute('crossorigin','*');
s0.parentNode.insertBefore(s1,s0);
})();
</script>
<!--End of Tawk.to Script-->

<!-- Here are parked a few translatable strings, useful for Javascript rendering -->
<div id="js-texts" hidden>
    <input type="hidden" name="save_cart_notice" value="Saving your cart it will be possible to reload it next time you come for shopping">
    <input type="hidden" name="save_cart_notice_title" value="Want to save your cart?">
    <input type="hidden" name="save_cart_ok" value="Save">
    <input type="hidden" name="save_cart_ko" value="Don't Save">
    <input type="hidden" name="reload_cart" value="The Reload Order function allows you to top up your last cart to make a New Order. Warning: do not use this function to add products to the last order. At this time it is not possible to modify an order placed previously.">
</div>

<!-- new site and login popup -->
</body>
<!-- Mirrored from www.spesati.com/shelf/flour-and-baking by HTTrack Website Copier/3.x [XR&CO'2014], Fri, 23 Feb 2024 18:50:08 GMT -->
</html>