<!DOCTYPE html><html lang="en">
<!-- Mirrored from www.spesati.com/shelf/oil-salt-vinegar by HTTrack Website Copier/3.x [XR&CO'2014], Fri, 23 Feb 2024 18:50:08 GMT -->
<!-- Added by HTTrack --><meta http-equiv="content-type" content="text/html;charset=utf-8" /><!-- /Added by HTTrack -->
<head>
    <title>Oil, vinegar and salt - Cupboard - Spesati.com</title>
    <meta http-equiv="Content-Type" content="text/html; charset=UTF-8" />
    <meta name="description" content="" />
    <meta name="keywords" content="" />
    <link href="https://www.spesati.com/images/favicon.ico" rel="shortcut icon" type="image/x-icon" />
    <meta name="author" content="www.dodify.com" /><link rel="canonical" href="https://www.spesati.com/shelf/oil-salt-vinegar" /><link rel="alternate" hreflang="en" href="https://www.spesati.com/shelf/oil-salt-vinegar" /><link rel="alternate" hreflang="it" href="https://www.spesati.it/scaffale/olio-aceto-sale" /><link href="https://cdnjs.cloudflare.com/ajax/libs/meyer-reset/2.0/reset.min.css" rel="stylesheet" type="text/css" /><link href="https://cdnjs.cloudflare.com/ajax/libs/font-awesome/6.5.1/css/all.min.css" rel="stylesheet" type="text/css" /><link href="https://fonts.googleapis.com/css?family=Montserrat:400,700" rel="stylesheet" type="text/css" /><link href="http://cdnjs.cloudflare.com/ajax/libs/fancybox/2.1.5/jquery.fancybox.min.css" rel="stylesheet" type="text/css" /><link href="https://www.spesati.com/style/main.css?v=7" rel="stylesheet" type="text/css" /><link href="https://www.spesati.com/style/lightslider.css" rel="stylesheet" type="text/css" /><link href="https://www.spesati.com/style/categories.css" rel="stylesheet" type="text/css" /><script src="https://cdnjs.cloudflare.com/ajax/libs/jquery/3.6.1/jquery.min.js" type="text/javascript"></script><script src="http://ajax.googleapis.com/ajax/libs/jquery/1.11.0/jquery.min.js" type="text/javascript"></script><script src="http://unpkg.com/@floating-ui/core@0.4.0" type="text/javascript"></script><script src="http://unpkg.com/@floating-ui/dom@0.2.0" type="text/javascript"></script><script src="http://cdnjs.cloudflare.com/ajax/libs/fancybox/2.1.5/jquery.fancybox.min.js" type="text/javascript"></script><script src="https://www.spesati.com/js/menu.js" type="text/javascript"></script><script src="https://www.spesati.com/js/interface.js?v=10" type="text/javascript"></script><script src="https://www.spesati.com/js/spesati.lightslider.min.js" type="text/javascript"></script><meta name="viewport" content="width=device-width, initial-scale=1, maximum-scale=1" /><meta name = "format-detection" content = "telephone=no">
<!-- Facebook Pixel Code -->
<script>
  !function(f,b,e,v,n,t,s)
  {if(f.fbq)return;n=f.fbq=function(){n.callMethod?
  n.callMethod.apply(n,arguments):n.queue.push(arguments)};
  if(!f._fbq)f._fbq=n;n.push=n;n.loaded=!0;n.version='2.0';
  n.queue=[];t=b.createElement(e);t.async=!0;
  t.src=v;s=b.getElementsByTagName(e)[0];
  s.parentNode.insertBefore(t,s)}(window, document,'script',
  'https://connect.facebook.net/en_US/fbevents.js');
  fbq('init', '792335014180667');
  fbq('track', 'PageView');
</script>
<noscript>
    <img height="1" width="1" style="display:none" src="https://www.facebook.com/tr?id=792335014180667&amp;ev=PageView&amp;noscript=1" />
</noscript>
<!-- End Facebook Pixel Code -->

<!-- GA4 -->
<script async src="https://www.googletagmanager.com/gtag/js?id=G-SSS6NRNXL0"></script>
<script>
  window.dataLayer = window.dataLayer || [];
  function gtag(){dataLayer.push(arguments);}
  gtag('js', new Date());
  gtag('config', 'AW-976671669');
  gtag('config', 'G-SSS6NRNXL0');
</script>
<!-- Elements for PWA deploy -->
<link rel="manifest" href="https://www.spesati.com/manifest.json">
<meta name="theme-color" media="(prefers-color-scheme: light)" content="white">
<meta name="theme-color" media="(prefers-color-scheme: dark)"  content="black">
<link href=https://www.spesati.com/images/icon-192.png rel=apple-touch-icon sizes="192x192">
<!-- Establishment logic -->
<script>var pageEstablishment = "Olbia"; var estDefaultPages = true</script>
    <!--[if lt IE 9]>
        <script src="https://cdnjs.cloudflare.com/ajax/libs/html5shiv/3.7.3/html5shiv.min.js" type="text/javascript"></script>
    <![endif]--><script type="text/javascript">
$(document).ready(function() {
    // Check if exists cookie
    if(document.cookie.indexOf("cookieAccepted") < 0) {
        var cookieText = '<div id=\"cookie\"><p>This site uses cookies. Cookies are used for ads personalisation. <a href=\"/privacy-policy\">More info</a></p><button id=\"cookieConsent\" type=\"button\">Accept</button></div>';
        $("body").append($(
            cookieText
        ));
        $('#cookie').css({
            'width'           : '100%',
            'text-align'      : 'center',
            'color'           : '#FFFFFF',
            'background-color': '#000000', 
            'opacity'         : '.8', 
            'position'        : 'fixed', 
            'bottom'          : '0',
            'padding'         : '.5em 0',
            'z-index'         : '999'
        });
        $('#cookie > *').css({
            'display': 'inline'
        });
        $('#cookie a').css({
            'color'          : '#FFFFFF',
            'text-decoration': 'underline',
            'margin-right'   : '2%'
        });
        $('#cookieConsent').click(function() {
            // Set cookie
            var expiry = new Date();
            expiry.setTime(expiry.getTime() + (365 * 24 * 60 * 60 * 1000));
            document.cookie = "cookieAccepted=yes; expires=" + expiry.toGMTString() + "; path=/; domain=.spesati.com";
            $('#cookie').css({'display': 'none'});
        });
    }
});
</script></head><body><script type="text/javascript">
    var addText = "Add";
    var slider  = null;
    $(document).ready(function() {
        slider = $('#cartSlider').lightSlider({
            controls: false,
            item:13,
            loop:false,
            slideMove:1,
            easing: 'cubic-bezier(0.25, 0, 0.25, 1)',
            speed:600,
            responsive : [
                {
                    breakpoint:1400,
                    settings: {
                        item:12,
                        slideMove:1,
                    }
                },
                {
                    breakpoint:1200,
                    settings: {
                        item:11,
                        slideMove:1,
                    }
                },
                {
                    breakpoint:1080,
                    settings: {
                        item:14,
                        slideMove:1,
                    }
                },
                {
                    breakpoint:800,
                    settings: {
                        item:12,
                        slideMove:1,
                    }
                }
            ]
        });
        $('.lSPager').css("display","none");
        $('.lSAction').css("display","block");
        $('#goToPrevSlide').on('click', function () {
            slider.goToPrevSlide();
        });
        $('#goToNextSlide').on('click', function () {
            slider.goToNextSlide();
        });
    });

</script>
<div id="header" class="bgYellow">
    <header>
        <a class="menu" href="#"><i class="fa red fa-bars fa-2x"></i></a>
        <a id="logo" class="colLeft estDynamic" href="https://www.spesati.com/">
            <img src="http://cdn.spesati.com/images/layout/logo-eng.png" alt="Spesati.com" />
            <h2 class="red">Grocery Delivery</h2>
        </a>
        <div class="colRight">
            <div id="controls" class="right">
                <p id="establishmentControls">
                    <span class="establishmentWarning"><i class="fa-solid fa-triangle-exclamation red" title="Stai visualizzando i prodotti disponibili in una zona diversa. Se vuoi cambiare zona, cliccan qui"></i>&nbsp;&nbsp;</span>
                    Shopping from <b><a id="establishment" href="#"></a></b> <span id="estAddress">for </span> <a href="https://www.spesati.com/change-establishment">(<i class="fa-solid fa-pencil"></i> Change)</a> <span class="establishmentWarning">but viewing <b>Olbia</b></span>
                </p>
                <p><a href="https://www.spesati.it/scaffale/olio-aceto-sale" class="black switch-site">Versione italiana</a></p>                
            </div>
            <div>
                <form id="search" action="https://www.spesati.com/search" method="post" class="left">
                    <fieldset>
                        <div>
                            <input type="text" name="searchBox" id="searchBox" placeholder="Search for a product"></input>
                            <input id="searchButton" type="submit" name="searchButton" class="button bgRed white left" value="Find" />
                        </div>
                    </fieldset>
                </form>
                <div class="center left">
                    <a class="button bgRed white log-in" href="https://www.spesati.com/login">Login</a>
                    <a class="button bgRed white sign-up" href="https://www.spesati.com/sign-up">Sign up</a>
                    <a class="button bgRed white profile" href="https://www.spesati.com/profile">Profile</a>
                    <a class="button bgRed white log-out" href="https://www.spesati.com/logout" data-endpoint-check-cart="https://api.spesati.com/cart/check">Logout</a>
                </div>
                <div class="right user-function-icons">
                    <a class="red left account"><i class="fa fa-user fa-3x"></i></a>
                    <div id="dropdown">
                        <a class="log-in button bgRed white" href="https://www.spesati.com/login">Login</a>
                        <a class="sign-up button bgRed white" href="https://www.spesati.com/sign-up">Sign up</a>
                        <a class="profile button bgRed white" href="https://www.spesati.com/profile">Profile</a>
                        <a class="log-out button bgRed white" href="https://www.spesati.com/logout">Logout</a>
                    </div>

                    <div class="cart left">
                        <i class="fa fa-sm fa-shopping-cart red" aria-hidden="true" id="shipping-cart-button"></i>
                        <p id="cartQuantity"></p>
                    </div>

                    <a class="right" href="https://www.spesati.com/cart"><p class="black" id="cartTotal"></p></a>
                </div>
            </div>
                            <div id="previewCart">
                    <i id="goToPrevSlide" class="yellow fa fa-angle-left fa-2x" aria-hidden="true"></i>
                    <div><ul id="cartSlider"></ul></div>
                    <i id="goToNextSlide" class="yellow fa fa-angle-right fa-2x" aria-hidden="true"></i>
                </div>
                    </div>
    </header>

    <div id="shipping-cart-options" data-inited="false">
        <a href="https://www.spesati.com/cart" class="goto-cart">checkout</a>
        <a href="#" data-endpoint-auth="https://api.spesati.com/cart/save" data-endpoint-noauth="/login" class="save-cart">save</a>
        <a href="#" data-endpoint-auth="https://api.spesati.com/cart/load" class="load-cart">load</a>
    </div>
</div>
<div id="menuCategoriesMobile" class="mobile bgRed">
    <div class="closeMenu">
        <i class="fa fa-times fa-2x white"></i>
        Close
    </div>
    <ul class="bgRed white">
        <div id="langMobile" class="right">
        <a href="https://www.spesati.it/scaffale/olio-aceto-sale" class="white switch-site"><p>Versione italiana</p></a>    </div>
        <li><a>Categories</a>
            <ul class="bgWhite">
                <li>
                    <img src="http://cdn.spesati.com/images/menu/on-sale.png"/>
                    On sale                    <i class="fa fa-angle-down" aria-hidden="true"></i>
                    <ul class="sub-menu">
                    <li>
    <a href="https://www.spesati.com/tacchino-fesa-a-fette">Tacchino Fesa A Fette</a>
</li><li>
    <a href="https://www.spesati.com/amaro-montenegro-15lt">Amaro Montenegro 1,5lt</a>
</li><li>
    <a href="https://www.spesati.com/carbone-di-legna-sacco-10kg">Carbone Di Legna Sacco 10Kg</a>
</li><li>
    <a href="https://www.spesati.com/filu-e-ferru-silvio-carta-70cl">Filu E Ferru Silvio Carta 70Cl</a>
</li><li>
    <a href="https://www.spesati.com/braciole-suino-con-cotenna">Braciole Suino Con Cotenna</a>
</li><li>
    <a href="https://www.spesati.com/bovino-adulto-polpa">Bovino Adulto Polpa</a>
</li><li>
    <a href="https://www.spesati.com/vino-la-palma-cannonau-le-bombarde">Vino La Palma Cannonau Le Bombarde</a>
</li><li>
    <a href="https://www.spesati.com/fettine-sceltissime-bovino-adulto">Fettine Sceltissime Bovino Adulto</a>
</li><li>
    <a href="https://www.spesati.com/suino-fettine-scelte">Suino Fettine Scelte</a>
</li><li>
    <a href="https://www.spesati.com/lavazza-caffe-qualita-rossa-2x250gr">Lavazza Caffé Qualità Rossa 2x250gr</a>
</li>                        <li>
                            <a class="estDynamic" href="https://www.spesati.com/on-offer">All products on sale</a>
                        </li>
                    </ul>
                </li>
                <li>
                    <img src="http://cdn.spesati.com/images/menu/gift.png"/>
                    Gifts                    <i class="fa fa-angle-down" aria-hidden="true"></i>
                    <ul class="sub-menu">
                        <li>
    <a href="https://www.spesati.com/gift-card-da-150">Gift Card Da 150</a>
</li><li>
    <a href="https://www.spesati.com/gift-card-da-100">Gift Card Da 100</a>
</li><li>
    <a href="https://www.spesati.com/gift-card-da-50">Gift Card Da 50</a>
</li><li>
    <a href="https://www.spesati.com/gift-card-da-25">Gift Card Da 25</a>
</li>                        <li>
                            <a class="estDynamic" href="https://www.spesati.com/gift">All products in the gifts category</a>
                        </li>
                    </ul>
                </li>
                <li>
                    <img src="http://cdn.spesati.com/images/menu/gift-card.png"/>
                    Gift card and discounts                    <i class="fa fa-angle-down" aria-hidden="true"></i>
                    <ul class="sub-menu">
                        <li>
    <a href="https://www.spesati.com/gift-card-da-150">Gift Card Da 150</a>
</li><li>
    <a href="https://www.spesati.com/gift-card-da-100">Gift Card Da 100</a>
</li><li>
    <a href="https://www.spesati.com/gift-card-da-50">Gift Card Da 50</a>
</li><li>
    <a href="https://www.spesati.com/gift-card-da-25">Gift Card Da 25</a>
</li>                    </ul>
                </li>
                <li>
                    <img src="http://cdn.spesati.com/images/menu/fuit-and-vegetables.png"/>
                    Fruit and vegetables                    <i class="fa fa-angle-down" aria-hidden="true"></i>
                    <ul class="sub-menu">
                        <li>
                            <a class="estDynamic" href="https://www.spesati.com/fruit-and-vegetables/pulses-and-beans">Cereals and pulses and beans</a>
                        </li>
                        <li>
                            <a class="estDynamic" href="https://www.spesati.com/fruit-and-vegetables/fruit">Fruit</a>
                        </li>
                        <li>
                            <a class="estDynamic" href="https://www.spesati.com/fruit-and-vegetables/canned-fruit">Canned fruit</a>
                        </li>
                        <li>
                            <a class="estDynamic" href="https://www.spesati.com/fruit-and-vegetables/dried-fruit">Dried fruit</a>
                        </li>
                        <li>
                            <a class="estDynamic" href="https://www.spesati.com/fruit-and-vegetables/ready-salads">Ready salads</a>
                        </li>
                        <li>
                            <a class="estDynamic" href="https://www.spesati.com/fruit-and-vegetables/fresh-spices">Fresh spices</a>
                        </li>
                        <li>
                            <a class="estDynamic" href="https://www.spesati.com/fruit-and-vegetables/vegetables">Vegetables and soy</a>
                        </li>
                    </ul>
                </li>
                <li>
                    <img src="http://cdn.spesati.com/images/menu/fresh-products.png"/>
                    Fresh products                    <i class="fa fa-angle-down" aria-hidden="true"></i>
                    <ul class="sub-menu">
                        <li>
                            <a class="estDynamic" href="https://www.spesati.com/fresh-products/margarine-and-butter">Butter and margarine</a>
                        </li>
                        <li>
                            <a class="estDynamic" href="https://www.spesati.com/fresh-products/danone">Danone</a>
                        </li>
                        <li>
                            <a class="estDynamic" href="https://www.spesati.com/fresh-products/dessert">Dessert</a>
                        </li>
                        <li>
                            <a class="estDynamic" href="https://www.spesati.com/fresh-products/sweets">Sweets</a>
                        </li>
                        <li>
                            <a class="estDynamic" href="https://www.spesati.com/fresh-products/dairy-products">Dairy product</a>
                        </li>
                        <li>
                            <a class="estDynamic" href="https://www.spesati.com/fresh-products/bakery">Yeast</a>
                        </li>
                        <li>
                            <a class="estDynamic" href="https://www.spesati.com/fresh-products/mascarpone">Mascarpone</a>
                        </li>
                        <li>
                            <a class="estDynamic" href="https://www.spesati.com/fresh-products/snacks">Snacks</a>
                        </li>
                        <li>
                            <a class="estDynamic" href="https://www.spesati.com/fresh-products/mozzarella">Mozzarella</a>
                        </li>
                        <li>
                            <a class="estDynamic" href="https://www.spesati.com/fresh-products/pasta">Pasta</a>
                        </li>
                        <li>
                            <a class="estDynamic" href="https://www.spesati.com/fresh-products/pesto-and-sauces">Pesto and sauces</a>
                        </li>
                        <li>
                            <a class="estDynamic" href="https://www.spesati.com/fresh-products/ricotta-and-cheese">Ricotta and cheese</a>
                        </li>
                        <li>
                            <a class="estDynamic" href="https://www.spesati.com/fresh-products/cured-meat">Cured meat</a>
                        </li>
                        <li>
                            <a class="estDynamic" href="https://www.spesati.com/fresh-products/wurstel">Würstel</a>
                        </li>
                        <li>
                            <a class="estDynamic" href="https://www.spesati.com/fresh-products/yogurt">Yogurt</a>
                        </li>
                    </ul>
                </li>
                <li>
                    <img src="http://cdn.spesati.com/images/menu/frozen-foods.png"/>
                    Frozen foods                    <i class="fa fa-angle-down" aria-hidden="true"></i>
                    <ul class="sub-menu">
                        <li>
                            <a class="estDynamic" href="https://www.spesati.com/frozen-foods/meat">Meat</a>
                        </li>
                        <li>
                            <a class="estDynamic" href="https://www.spesati.com/frozen-foods/ice-creams">Ice cream and sweet</a>
                        </li>
                        <li>
                            <a class="estDynamic" href="https://www.spesati.com/frozen-foods/pasta">Pasta</a>
                        </li>
                        <li>
                            <a class="estDynamic" href="https://www.spesati.com/frozen-foods/fish">Fish</a>
                        </li>
                        <li>
                            <a class="estDynamic" href="https://www.spesati.com/frozen-foods/ready-meals">Ready meals</a>
                        </li>
                        <li>
                            <a class="estDynamic" href="https://www.spesati.com/frozen-foods/pizzas">Pizzas</a>
                        </li>
                        <li>
                            <a class="estDynamic" href="https://www.spesati.com/frozen-foods/vegetables">Vegetables and soy</a>
                        </li>
                    </ul>
                </li>
                <li>
                    <img src="http://cdn.spesati.com/images/menu/bread-and-pasta.png"/>
                    Bread and pasta                    <i class="fa fa-angle-down" aria-hidden="true"></i>
                    <ul class="sub-menu">
                        <li>
                            <a class="estDynamic" href="https://www.spesati.com/bread-and-pasta/crackers">Crackers</a>
                        </li>
                        <li>
                            <a class="estDynamic" href="https://www.spesati.com/bread-and-pasta/rusks">Rusks</a>
                        </li>
                        <li>
                            <a class="estDynamic" href="https://www.spesati.com/bread-and-pasta/white-bread">White bread</a>
                        </li>
                        <li>
                            <a class="estDynamic" href="https://www.spesati.com/bread-and-pasta/local-bread">Local bread</a>
                        </li>
                        <li>
                            <a class="estDynamic" href="https://www.spesati.com/bread-and-pasta/soft-bread">Soft bread</a>
                        </li>
                        <li>
                            <a class="estDynamic" href="https://www.spesati.com/bread-and-pasta/sardinian-bread">Sardinian bread</a>
                        </li>
                        <li>
                            <a class="estDynamic" href="https://www.spesati.com/bread-and-pasta/bakery">Bakery</a>
                        </li>
                        <li>
                            <a class="estDynamic" href="https://www.spesati.com/bread-and-pasta/pasta">Pasta</a>
                        </li>
                        <li>
                            <a class="estDynamic" href="https://www.spesati.com/bread-and-pasta/fresh-pasta">Fresh pasta</a>
                        </li>
                    </ul>
                </li>
                <li>
                    <img src="http://cdn.spesati.com/images/menu/meat.png"/>
                    Meat                    <i class="fa fa-angle-down" aria-hidden="true"></i>
                    <ul class="sub-menu">
                        <li>
                            <a class="estDynamic" href="https://www.spesati.com/meat/beef">Beef</a>
                        </li>
                        <li>
                            <a class="estDynamic" href="https://www.spesati.com/meat/goat">Goat</a>
                        </li>
                        <li>
                            <a class="estDynamic" href="https://www.spesati.com/meat/packaged-meat">Packaged meat</a>
                        </li>
                        <li>
                            <a class="estDynamic" href="https://www.spesati.com/meat/rabbit">Rabbit</a>
                        </li>
                        <li>
                            <a class="estDynamic" href="https://www.spesati.com/meat/horse">Horse</a>
                        </li>
                        <li>
                            <a class="estDynamic" href="https://www.spesati.com/meat/pork">Pork</a>
                        </li>
                        <li>
                            <a class="estDynamic" href="https://www.spesati.com/meat/lamb">Lamb</a>
                        </li>
                        <li>
                            <a class="estDynamic" href="https://www.spesati.com/meat/poultry">Poultry</a>
                        </li>
                    </ul>
                </li>
                <li>
                    <img src="http://cdn.spesati.com/images/menu/fish.png"/>
                    Fish                    <i class="fa fa-angle-down" aria-hidden="true"></i>
                    <ul class="sub-menu">
                        <li>
                            <a class="estDynamic" href="https://www.spesati.com/fish/fresh-water">Fresh water</a>
                        </li>
                        <li>
                            <a class="estDynamic" href="https://www.spesati.com/fish/salt-water">Salt water</a>
                        </li>
                        <li>
                            <a class="estDynamic" href="https://www.spesati.com/fish/mussels">Mussels</a>
                        </li>
                        <li>
                            <a class="estDynamic" href="https://www.spesati.com/fish/dried-and-salted">Dried and salted</a>
                        </li>
                        <li>
                            <a class="estDynamic" href="https://www.spesati.com/fish/seafood-salad">Seafood salad</a>
                        </li>
                        <li>
                            <a class="estDynamic" href="https://www.spesati.com/fish/prepared">Prepared</a>
                        </li>
                        <li>
                            <a class="estDynamic" href="https://www.spesati.com/fish/specialty">Specialty</a>
                        </li>   
                        <li>
                            <a class="estDynamic" href="https://www.spesati.com/fish/tuna-and-salmon">Tuna and salmon</a>
                        </li>
                    </ul>
                </li>
                <li>
                    <img src="http://cdn.spesati.com/images/menu/alcohol.png"/>
                    Wine beer and spirits                    <i class="fa fa-angle-down" aria-hidden="true"></i>
                    <ul class="sub-menu">
                        <li>
                            <a class="estDynamic" href="https://www.spesati.com/wine-beer-and-spirits/spirits-and-liquors">Alcohol</a>
                        </li>
                        <li>
                            <a class="estDynamic" href="https://www.spesati.com/wine-beer-and-spirits/bitters">Bitters</a>
                        </li>
                        <li>
                            <a class="estDynamic" href="https://www.spesati.com/wine-beer-and-spirits/aperatif">Aperatifs</a>
                        </li>
                        <li>
                            <a class="estDynamic" href="https://www.spesati.com/wine-beer-and-spirits/beer">Beer</a>
                        </li>
                        <li>
                            <a class="estDynamic" href="https://www.spesati.com/wine-beer-and-spirits/creams">Creams</a>
                        </li>
                        <li>
                            <a class="estDynamic" href="https://www.spesati.com/wine-beer-and-spirits/spirits">Spirits</a>
                        </li>
                        <li>
                            <a class="estDynamic" href="https://www.spesati.com/wine-beer-and-spirits/liquors">Liquors</a>
                        </li>
                        <li>
                            <a class="estDynamic" href="https://www.spesati.com/wine-beer-and-spirits/white-wine">White wine</a>
                        </li>
                        <li>
                            <a class="estDynamic" href="https://www.spesati.com/wine-beer-and-spirits/prosecco-wine">Prosecco wine</a>
                        </li>
                        <li>
                            <a class="estDynamic" href="https://www.spesati.com/wine-beer-and-spirits/rose-wine">Rose wine</a>
                        </li>
                        <li>
                            <a class="estDynamic" href="https://www.spesati.com/wine-beer-and-spirits/red-wine">Red wine</a>
                        </li>
                        <li>
                            <a class="estDynamic" href="https://www.spesati.com/wine-beer-and-spirits/specialty-wine">Special wine</a>
                        </li>
                        <li>
                            <a class="estDynamic" href="https://www.spesati.com/wine-beer-and-spirits/sparkling-wine">Sparkling wine</a>
                        </li>
                        <li>
                            <a class="estDynamic" href="https://www.spesati.com/wine-beer-and-spirits/vermentino-wine">Vermentino wine</a>
                        </li>
                    </ul>
                </li>
                <li>
                    <img src="http://cdn.spesati.com/images/menu/water-and-drinks.png"/>
                    Water and drinks                    <i class="fa fa-angle-down" aria-hidden="true"></i>
                    <ul class="sub-menu">
                        <li>
                            <a class="estDynamic" href="https://www.spesati.com/water-and-drinks/san-martino">San Martino</a>
                        </li>
                        <li>
                            <a class="estDynamic" href="https://www.spesati.com/water-and-drinks/water">Water</a>
                        </li>
                        <li>
                            <a class="estDynamic" href="https://www.spesati.com/water-and-drinks/alpro">Alpro</a>
                        </li>
                        <li>
                            <a class="estDynamic" href="https://www.spesati.com/water-and-drinks/fizzy-drinks">Fizzy drinks</a>
                        </li>
                        <li>
                            <a class="estDynamic" href="https://www.spesati.com/water-and-drinks/coca-cola">Coca-Cola</a>
                        </li>
                        <li>
                            <a class="estDynamic" href="https://www.spesati.com/water-and-drinks/energy-drink">Energy drink</a>
                        </li>
                        <li>
                            <a class="estDynamic" href="https://www.spesati.com/water-and-drinks/syrups">Syrups</a>
                        </li>
                        <li>
                            <a class="estDynamic" href="https://www.spesati.com/water-and-drinks/supplements">Supplements</a>
                        </li>
                        <li>
                            <a class="estDynamic" href="https://www.spesati.com/water-and-drinks/instant-drinks">Instant drinks</a>
                        </li>
                        <li>
                            <a class="estDynamic" href="https://www.spesati.com/water-and-drinks/juice">Juice</a>
                        </li>
                        <li>
                            <a class="estDynamic" href="https://www.spesati.com/water-and-drinks/tea">Tea</a>
                        </li>
                    </ul>
                </li>
                <li>
                    <img src="http://cdn.spesati.com/images/menu/sweets.png"/>
                    Sweets                    <i class="fa fa-angle-down" aria-hidden="true"></i>
                    <ul class="sub-menu">
                        <li>
                            <a class="estDynamic" href="https://www.spesati.com/sweets/bars-and-snacks">Bars and snacks</a>
                        </li>
                        <li>
                            <a class="estDynamic" href="https://www.spesati.com/sweets/biscuits">Biscuits</a>
                        </li>
                        <li>
                            <a class="estDynamic" href="https://www.spesati.com/sweets/brioches">Brioches</a>
                        </li>
                        <li>
                            <a class="estDynamic" href="https://www.spesati.com/sweets/candy-and-chewing-gum">Candy and chewing gum</a>
                        </li>
                        <li>
                            <a class="estDynamic" href="https://www.spesati.com/sweets/cereals">Cereals</a>
                        </li>
                        <li>
                            <a class="estDynamic" href="https://www.spesati.com/sweets/chocolate">Chocolate</a>
                        </li>
                        <li>
                            <a class="estDynamic" href="https://www.spesati.com/sweets/spreadable-creams">Spreads</a>
                        </li>
                        <li>
                            <a class="estDynamic" href="https://www.spesati.com/sweets/dessert-toppings">Dessert toppings</a>
                        </li>
                        <li>
                            <a class="estDynamic" href="https://www.spesati.com/sweets/jam">Jam</a>
                        </li>
                        <li>
                            <a class="estDynamic" href="https://www.spesati.com/sweets/honey">Honey</a>
                        </li>
                        <li>
                            <a class="estDynamic" href="https://www.spesati.com/sweets/panettoni-and-pandoro">Panettone and pandoro</a>
                        </li>
                        <li>
                            <a class="estDynamic" href="https://www.spesati.com/sweets/pastry">Pastry</a>
                        </li>
                        <li>
                            <a class="estDynamic" href="https://www.spesati.com/sweets/instant-dessert">Prepared</a>
                        </li>
                        <li>
                            <a class="estDynamic" href="https://www.spesati.com/sweets/cakes-and-pies">Cakes and pies</a>
                        </li>
                        <li>
                            <a class="estDynamic" href="https://www.spesati.com/sweets/easter-eggs-and-doves">Easter eggs and doves</a>
                        </li>
                    </ul>
                </li>
                <li>
                    <img src="http://cdn.spesati.com/images/menu/shelf.png"/>
                    Cupboard                    <i class="fa fa-angle-down" aria-hidden="true"></i>
                    <ul class="sub-menu">
                        <li>
                            <a class="estDynamic" href="https://www.spesati.com/shelf/coffee">Coffee</a>
                        </li>
                        <li>
                            <a class="estDynamic" href="https://www.spesati.com/shelf/gift-baskets">Gift baskets</a>
                        </li>
                        <li>
                            <a class="estDynamic" href="https://www.spesati.com/shelf/stock-cubes">Nuts and preparations</a>
                        </li>
                        <li>
                            <a class="estDynamic" href="https://www.spesati.com/shelf/flour-and-baking">Flour and baking</a>
                        </li>
                        <li>
                            <a class="estDynamic" href="https://www.spesati.com/shelf/milk">Milk</a>
                        </li>
                        <li>
                            <a class="estDynamic" href="https://www.spesati.com/shelf/oil-salt-vinegar">Oil, vinegar and salt</a>
                        </li>
                        <li>
                            <a class="estDynamic" href="https://www.spesati.com/shelf/cream-and-bechamel">Cream and bechamel</a>
                        </li>
                        <li>
                            <a class="estDynamic" href="https://www.spesati.com/shelf/crisps-and-pretzels">Crisps and pretzels</a>
                        </li>
                        <li>
                            <a class="estDynamic" href="https://www.spesati.com/shelf/baby-and-infants-products">Early childhood products</a>
                        </li>
                        <li>
                            <a class="estDynamic" href="https://www.spesati.com/shelf/rice">Rice</a>
                        </li>
                        <li>
                            <a class="estDynamic" href="https://www.spesati.com/shelf/tins-and-preserves">Tins and Preserves</a>
                        </li>
                        <li>
                            <a class="estDynamic" href="https://www.spesati.com/shelf/spices">Spices</a>
                        </li>
                        <li>
                            <a class="estDynamic" href="https://www.spesati.com/shelf/sauces">Sauces</a>
                        </li>
                        <li>
                            <a class="estDynamic" href="https://www.spesati.com/shelf/tea-and-infusions">Tea and infusions</a>
                        </li>
                        <li>
                            <a class="estDynamic" href="https://www.spesati.com/shelf/eggs">Eggs</a>
                        </li>
                        <li>
                            <a class="estDynamic" href="https://www.spesati.com/shelf/sugar-and-sweeteners">Sugar and sweeteners</a>
                        </li>
                    </ul>
                </li>
                <li>
                    <img src="http://cdn.spesati.com/images/menu/personal-care.png"/>
                    Personal care                    <i class="fa fa-angle-down" aria-hidden="true"></i>
                    <ul class="sub-menu">
                        <li>
                            <a class="estDynamic" href="https://www.spesati.com/personal-care/accessories-and-cotton">Accessories and cotton</a>
                        </li>
                        <li>
                            <a class="estDynamic" href="https://www.spesati.com/personal-care/feminine-care-incontinence-and-baby-diapers">Feminine incontinence and diapers</a>
                        </li>
                        <li>
                            <a class="estDynamic" href="https://www.spesati.com/personal-care/shower-gel">Shower gel</a>
                        </li>
                        <li>
                            <a class="estDynamic" href="https://www.spesati.com/personal-care/creams">Creams</a>
                        </li>
                        <li>
                            <a class="estDynamic" href="https://www.spesati.com/personal-care/deodorant">Deodorant</a>
                        </li>
                        <li>
                            <a class="estDynamic" href="https://www.spesati.com/personal-care/hair-removal">Hair removal</a>
                        </li>
                        <li>
                            <a class="estDynamic" href="https://www.spesati.com/personal-care/disinfectants">Disinfectants</a>
                        </li>
                        <li>
                            <a class="estDynamic" href="https://www.spesati.com/personal-care/oral-hygiene">Oral hygiene</a>
                        </li>
                        <li>
                            <a class="estDynamic" href="https://www.spesati.com/personal-care/supplements-and-multivitamins">Supplements and multivitamins</a>
                        </li>
                        <li>
                            <a class="estDynamic" href="https://www.spesati.com/personal-care/first-aid">First aid label</a>
                        </li>
                        <li>
                            <a class="estDynamic" href="https://www.spesati.com/personal-care/beard-products">Beard products</a>
                        </li>
                        <li>
                            <a class="estDynamic" href="https://www.spesati.com/personal-care/hairs-products">Hair products</a>
                        </li>
                        <li>
                            <a class="estDynamic" href="https://www.spesati.com/personal-care/perfume">Perfumes</a>
                        </li>
                        <li>
                            <a class="estDynamic" href="https://www.spesati.com/personal-care/wipes">Wipes</a>
                        </li>
                        <li>
                            <a class="estDynamic" href="https://www.spesati.com/personal-care/soaps-and-body-wash">Soaps and body wash</a>
                        </li>
                        <li>
                            <a class="estDynamic" href="https://www.spesati.com/personal-care/shampoo-and-conditioner">Shampoo and conditioner</a>
                        </li>
                    </ul>
                </li>
                <li>
                    <img src="http://cdn.spesati.com/images/menu/pellet-and-home.png"/>
                    Home and outdoors                    <i class="fa fa-angle-down" aria-hidden="true"></i>
                    <ul class="sub-menu">
                        <li>
                            <a class="estDynamic" href="https://www.spesati.com/household-and-outdoors/distilled-water">Distilled water</a>
                        </li>
                        <li>
                            <a class="estDynamic" href="https://www.spesati.com/household-and-outdoors/car-products">Cars</a>
                        </li>
                        <li>
                            <a class="estDynamic" href="https://www.spesati.com/household-and-outdoors/bin-bags-and-buckets">Bin bags and buckets</a>
                        </li>
                        <li>
                            <a class="estDynamic" href="https://www.spesati.com/household-and-outdoors/bleach-and-stain-removers">Bleach and stain removers</a>
                        </li>
                        <li>
                            <a class="estDynamic" href="https://www.spesati.com/household-and-outdoors/candles">Candles</a>
                        </li>
                        <li>
                            <a class="estDynamic" href="https://www.spesati.com/household-and-outdoors/kitchen-roll">Kitchen roll</a>
                        </li>
                        <li>
                            <a class="estDynamic" href="https://www.spesati.com/household-and-outdoors/air-fresheners">Air fresheners</a>
                        </li>
                        <li>
                            <a class="estDynamic" href="https://www.spesati.com/household-and-outdoors/laundry-accessories-and-detergent">Laundry detergent</a>
                        </li>
                        <li>
                            <a class="estDynamic" href="https://www.spesati.com/household-and-outdoors/dishwasher-and-washing-up">Dishwasher and washing up</a>
                        </li>
                        <li>
                            <a class="estDynamic" href="https://www.spesati.com/household-and-outdoors/gardening">Gardening</a>
                        </li>
                        <li>
                            <a class="estDynamic" href="https://www.spesati.com/household-and-outdoors/light-bulbs-and-batteries">Lightbulbs and batteries</a>
                        </li>
                        <li>
                            <a class="estDynamic" href="https://www.spesati.com/household-and-outdoors/pellet-and-bbq">Pellet and BBQ</a>
                        </li>
                        <li>
                            <a class="estDynamic" href="https://www.spesati.com/household-and-outdoors/bathroom-products">Bathroom products</a>
                        </li>
                        <li>
                            <a class="estDynamic" href="https://www.spesati.com/household-and-outdoors/home-and-furniture-products">Home and furniture products</a>
                        </li>
                        <li>
                            <a class="estDynamic" href="https://www.spesati.com/household-and-outdoors/kitchen-products">Kitchen products</a>
                        </li>
                        <li>
                            <a class="estDynamic" href="https://www.spesati.com/household-and-outdoors/window-and-floor-cleaners">Window and floor cleaner</a>
                        </li>
                        <li>
                            <a class="estDynamic" href="https://www.spesati.com/household-and-outdoors/repellents">Repellents</a>
                        </li>
                        <li>
                            <a class="estDynamic" href="https://www.spesati.com/household-and-outdoors/disposable-tableware">Disposable tableware</a>
                        </li>
                    </ul>
                </li>
                <li>
                    <img src="http://cdn.spesati.com/images/menu/animals.png"/>
                    Pets                    <i class="fa fa-angle-down" aria-hidden="true"></i>
                    <ul class="sub-menu">
                        <li>
                            <a class="estDynamic" href="https://www.spesati.com/pets/pet-food-other-animals">Other animals pet food</a>
                        </li>
                        <li>
                            <a class="estDynamic" href="https://www.spesati.com/pets/pet-food-dogs">Pet food dogs</a>
                        </li>
                        <li>
                            <a class="estDynamic" href="https://www.spesati.com/pets/pet-food-cats">Pet food cats</a>
                        </li>
                        <li>
                            <a class="estDynamic" href="https://www.spesati.com/pets/hygiene-and-cleaning">Hygiene and cleaning</a>
                        </li>
                    </ul>
                </li>
                <li>
                    <img src="http://cdn.spesati.com/images/menu/technology.png"/>
                    Technology                    <i class="fa fa-angle-down" aria-hidden="true"></i>
                    <ul class="sub-menu">
                        <li>
                            <a class="estDynamic" href="https://www.spesati.com/technology/accessories">Accessories</a>
                        </li>
                        <li>
                            <a class="estDynamic" href="https://www.spesati.com/technology/computer">Computer</a>
                        </li>
                        <li>
                            <a class="estDynamic" href="https://www.spesati.com/technology/telephones">Telephones</a>
                        </li>
                        <li>
                            <a class="estDynamic" href="https://www.spesati.com/technology/tv">TV</a>
                        </li>
                    </ul>
                </li>
                <li>
                    <img src="http://cdn.spesati.com/images/menu/gluten-free.png"/>
                    Gluten free                    <i class="fa fa-angle-down" aria-hidden="true"></i>
                    <ul class="sub-menu">
                        <li>
                            <a class="estDynamic" href="https://www.spesati.com/gluten-free/frozen-foods">Frozen foods</a>
                        </li>
                        <li>
                            <a class="estDynamic" href="https://www.spesati.com/gluten-free/beer">Beer</a>
                        </li>
                        <li>
                            <a class="estDynamic" href="https://www.spesati.com/gluten-free/sweets">Sweets</a>
                        </li>
                        <li>
                            <a class="estDynamic" href="https://www.spesati.com/gluten-free/bread-and-pasta">Bread and pasta</a>
                        </li>
                        <li>
                            <a class="estDynamic" href="https://www.spesati.com/gluten-free/shelf">Cupboard</a>
                        </li>
                    </ul>
                </li>
                <li>
                    <img src="http://cdn.spesati.com/images/menu/lactose-free.png"/>
                    Lactose free                    <i class="fa fa-angle-down" aria-hidden="true"></i>
                    <ul class="sub-menu">
                        <li>
                            <a class="estDynamic" href="https://www.spesati.com/lactose-free/frozen-foods">Frozen foods</a>
                        </li>
                        <li>
                            <a class="estDynamic" href="https://www.spesati.com/lactose-free/sweets">Sweets</a>
                        </li>
                        <li>
                            <a class="estDynamic" href="https://www.spesati.com/lactose-free/dairy-product">Dairy product</a>
                        </li>
                        <li>
                            <a class="estDynamic" href="https://www.spesati.com/lactose-free/shelf">Cupboard</a>
                        </li>
                    </ul>
                </li>
                <li>
                    <img src="http://cdn.spesati.com/images/menu/special.png"/>
                    Special                    <i class="fa fa-angle-down" aria-hidden="true"></i>
                    <ul class="sub-menu">
                        <li>
                            <a class="estDynamic" href="https://www.spesati.com/special/alpro">Alpro</a>
                        </li>
                        <li>
                            <a class="estDynamic" href="https://www.spesati.com/special/organic">Biological</a>
                        </li>
                        <li>
                            <a class="estDynamic" href="https://www.spesati.com/special/meat">Meat</a>
                        </li>
                        <li>
                            <a class="estDynamic" href="https://www.spesati.com/special/wholegrain">Wholegrain</a>
                        </li>
                        <li>
                            <a class="estDynamic" href="https://www.spesati.com/special/bread-and-pasta">Bread and pasta</a>
                        </li>
                        <li>
                            <a class="estDynamic" href="https://www.spesati.com/special/vegan">Vegan</a>
                        </li>
                    </ul>
                </li>
                <li>
                    <img src="http://cdn.spesati.com/images/menu/sardinian-products.png"/>
                    Sardinian products                    <i class="fa fa-angle-down" aria-hidden="true"></i>
                    <ul class="sub-menu">
                        <li>
                            <a class="estDynamic" href="https://www.spesati.com/sardinian-products/drinks">Drinks</a>
                        </li>
                        <li>
                            <a class="estDynamic" href="https://www.spesati.com/sardinian-products/meat">Meat</a>
                        </li>
                        <li>
                            <a class="estDynamic" href="https://www.spesati.com/sardinian-products/sweets">Sweets</a>
                        </li>
                        <li>
                            <a class="estDynamic" href="https://www.spesati.com/sardinian-products/fruit-and-vegetables">Fruit and vegetables</a>
                        </li>
                        <li>
                            <a class="estDynamic" href="https://www.spesati.com/sardinian-products/ichnusa">Ichnusa</a>
                        </li>
                        <li>
                            <a class="estDynamic" href="https://www.spesati.com/sardinian-products/dairy-product">Dairy product</a>
                        </li>
                        <li>
                            <a class="estDynamic" href="https://www.spesati.com/sardinian-products/bread-and-pasta">Bread and pasta</a>
                        </li>
                        <li>
                            <a class="estDynamic" href="https://www.spesati.com/sardinian-products/fish">Fish</a>
                        </li>
                        <li>
                            <a class="estDynamic" href="https://www.spesati.com/sardinian-products/cured-meat">Cured meat</a>
                        </li>
                        <li>
                            <a class="estDynamic" href="https://www.spesati.com/sardinian-products/shelf">Cupboard</a>
                        </li>
                        <li>
                            <a class="estDynamic" href="https://www.spesati.com/sardinian-products/vermentino-wine">Vermentino wine</a>
                        </li>
                        <li>
                            <a class="estDynamic" href="https://www.spesati.com/sardinian-products/wine-beer-and-spirits">Wine beer and spirits</a>
                        </li>
                    </ul>
                </li>
            </ul>
        </li>
        <li>
            <a href="https://www.spesati.com/about">About</a>
        </li>
        <li>
            <a href="https://www.spesati.com/faq">Faq</a>
        </li>
        <li>
            <a href="https://www.spesati.com/customer-care">Support</a>
        </li>
        <li>
            <a href="https://www.spesati.com/news">Blog</a>
        </li>
        <li>
            <a href="https://www.spesati.com/terms-and-conditions">Conditions</a>
        </li>
        <li>
            <a href="https://www.spesati.com/privacy-policy">Privacy policy</a>
        </li>
        <li>
            <a href="https://www.spesati.com/login">Login</a>
        </li>
        <li>
             <a href="https://www.spesati.com/sign-up">Sign up</a>
        </li>
    </ul>
</div><section class="first">
    <div id="menuCategories" class="colLeft">
    <ul id="main_nav" >
        <li>
            <a class="estDynamic" href="https://www.spesati.com/on-offer">
               <img src="http://cdn.spesati.com/images/menu/on-sale.png"/>
               On sale            </a>
            <i class="fa fa-angle-right" aria-hidden="true"></i>
            <ul class="sub-menu">
                <li>
    <a href="https://www.spesati.com/tacchino-fesa-a-fette" class="estDynamic">Tacchino Fesa A Fette</a>
</li><li>
    <a href="https://www.spesati.com/amaro-montenegro-15lt" class="estDynamic">Amaro Montenegro 1,5lt</a>
</li><li>
    <a href="https://www.spesati.com/carbone-di-legna-sacco-10kg" class="estDynamic">Carbone Di Legna Sacco 10Kg</a>
</li><li>
    <a href="https://www.spesati.com/filu-e-ferru-silvio-carta-70cl" class="estDynamic">Filu E Ferru Silvio Carta 70Cl</a>
</li><li>
    <a href="https://www.spesati.com/braciole-suino-con-cotenna" class="estDynamic">Braciole Suino Con Cotenna</a>
</li><li>
    <a href="https://www.spesati.com/bovino-adulto-polpa" class="estDynamic">Bovino Adulto Polpa</a>
</li><li>
    <a href="https://www.spesati.com/vino-la-palma-cannonau-le-bombarde" class="estDynamic">Vino La Palma Cannonau Le Bombarde</a>
</li><li>
    <a href="https://www.spesati.com/fettine-sceltissime-bovino-adulto" class="estDynamic">Fettine Sceltissime Bovino Adulto</a>
</li><li>
    <a href="https://www.spesati.com/suino-fettine-scelte" class="estDynamic">Suino Fettine Scelte</a>
</li><li>
    <a href="https://www.spesati.com/lavazza-caffe-qualita-rossa-2x250gr" class="estDynamic">Lavazza Caffé Qualità Rossa 2x250gr</a>
</li>                <li>
                    <a class="estDynamic" href="https://www.spesati.com/on-offer">All products on sale</a>
                </li>
            </ul>
        </li>
        <li>
            <a class="estDynamic" href="https://www.spesati.com/gift">
               <img src="http://cdn.spesati.com/images/menu/gift.png"/>
               Gifts            </a>
            <i class="fa fa-angle-right" aria-hidden="true"></i>
            <ul class="sub-menu">
                <li>
    <a href="https://www.spesati.com/gift-card-da-150" class="estDynamic">Gift Card Da 150</a>
</li><li>
    <a href="https://www.spesati.com/gift-card-da-100" class="estDynamic">Gift Card Da 100</a>
</li><li>
    <a href="https://www.spesati.com/gift-card-da-50" class="estDynamic">Gift Card Da 50</a>
</li><li>
    <a href="https://www.spesati.com/gift-card-da-25" class="estDynamic">Gift Card Da 25</a>
</li>                <li>
                    <a class="estDynamic" href="https://www.spesati.com/gift">All products in the gifts category</a>
                </li>
            </ul>
        </li>
        <li>
            <a class="estDynamic" href="https://www.spesati.com/gift-card">
               <img src="http://cdn.spesati.com/images/menu/gift-card.png"/>
               Gift card and discounts            </a>
            <i class="fa fa-angle-right" aria-hidden="true"></i>
            <ul class="sub-menu">
                <li>
    <a href="https://www.spesati.com/gift-card-da-150">Gift Card Da 150</a>
</li><li>
    <a href="https://www.spesati.com/gift-card-da-100">Gift Card Da 100</a>
</li><li>
    <a href="https://www.spesati.com/gift-card-da-50">Gift Card Da 50</a>
</li><li>
    <a href="https://www.spesati.com/gift-card-da-25">Gift Card Da 25</a>
</li>            </ul>
        </li>
        <li>
            <a class="estDynamic" href="https://www.spesati.com/fruit-and-vegetables">
               <img src="http://cdn.spesati.com/images/menu/fuit-and-vegetables.png"/>
               Fruit and vegetables           </a>
            <i class="fa fa-angle-right" aria-hidden="true"></i>
            <ul class="sub-menu">
                <li>
                    <a class="estDynamic" href="https://www.spesati.com/fruit-and-vegetables/pulses-and-beans">Cereals and pulses and beans</a>
                </li>
                <li>
                    <a class="estDynamic" href="https://www.spesati.com/fruit-and-vegetables/fruit">Fruit</a>
                </li>
                <li>
                    <a class="estDynamic" href="https://www.spesati.com/fruit-and-vegetables/canned-fruit">Canned fruit</a>
                </li>
                <li>
                    <a class="estDynamic" href="https://www.spesati.com/fruit-and-vegetables/dried-fruit">Dried fruit</a>
                </li>
                <li>
                    <a class="estDynamic" href="https://www.spesati.com/fruit-and-vegetables/ready-salads">Ready salads</a>
                </li>
                <li>
                    <a class="estDynamic" href="https://www.spesati.com/fruit-and-vegetables/fresh-spices">Fresh spices</a>
                </li>
                <li>
                    <a class="estDynamic" href="https://www.spesati.com/fruit-and-vegetables/vegetables">Vegetables and soy</a>
                </li>
            </ul>
        </li>
        <li>
            <a class="estDynamic" href="https://www.spesati.com/fresh-products">
                <img src="http://cdn.spesati.com/images/menu/fresh-products.png"/>
                Fresh products            </a>
            <i class="fa fa-angle-right" aria-hidden="true"></i>
            <ul class="sub-menu">
                <li>
                    <a class="estDynamic" href="https://www.spesati.com/fresh-products/margarine-and-butter">Butter and margarine</a>
                </li>
                <li>
                    <a class="estDynamic" href="https://www.spesati.com/fresh-products/danone">Danone</a>
                </li>
                <li>
                    <a class="estDynamic" href="https://www.spesati.com/fresh-products/dessert">Dessert</a>
                </li>
                <li>
                    <a class="estDynamic" href="https://www.spesati.com/fresh-products/sweets">Sweets</a>
                </li>
                <li>
                    <a class="estDynamic" href="https://www.spesati.com/fresh-products/dairy-products">Dairy product</a>
                </li>
                <li>
                    <a class="estDynamic" href="https://www.spesati.com/fresh-products/bakery">Yeast</a>
                </li>
                <li>
                    <a class="estDynamic" href="https://www.spesati.com/fresh-products/mascarpone">Mascarpone</a>
                </li>
                <li>
                    <a class="estDynamic" href="https://www.spesati.com/fresh-products/snacks">Snacks</a>
                </li>
                <li>
                    <a class="estDynamic" href="https://www.spesati.com/fresh-products/mozzarella">Mozzarella</a>
                </li>
                <li>
                    <a class="estDynamic" href="https://www.spesati.com/fresh-products/pasta">Pasta</a>
                </li>
                <li>
                    <a class="estDynamic" href="https://www.spesati.com/fresh-products/pesto-and-sauces">Pesto and sauces</a>
                </li>
                <li>
                    <a class="estDynamic" href="https://www.spesati.com/fresh-products/ricotta-and-cheese">Ricotta and cheese</a>
                </li>
                <li>
                    <a class="estDynamic" href="https://www.spesati.com/fresh-products/cured-meat">Cured meat</a>
                </li>
                <li>
                    <a class="estDynamic" href="https://www.spesati.com/fresh-products/wurstel">Würstel</a>
                </li>
                <li>
                    <a class="estDynamic" href="https://www.spesati.com/fresh-products/yogurt">Yogurt</a>
                </li>
            </ul>
        </li>
        <li>
            <a class="estDynamic" href="https://www.spesati.com/frozen-foods">
                <img src="http://cdn.spesati.com/images/menu/frozen-foods.png"/>
                Frozen foods            </a>
            <i class="fa fa-angle-right" aria-hidden="true"></i>
            <ul class="sub-menu">
                <li>
                    <a class="estDynamic" href="https://www.spesati.com/frozen-foods/meat">Meat</a>
                </li>
                <li>
                    <a class="estDynamic" href="https://www.spesati.com/frozen-foods/ice-creams">Ice cream and sweet</a>
                </li>
                <li>
                    <a class="estDynamic" href="https://www.spesati.com/frozen-foods/pasta">Pasta</a>
                </li>
                <li>
                    <a class="estDynamic" href="https://www.spesati.com/frozen-foods/fish">Fish</a>
                </li>
                <li>
                    <a class="estDynamic" href="https://www.spesati.com/frozen-foods/ready-meals">Ready meals</a>
                </li>
                <li>
                    <a class="estDynamic" href="https://www.spesati.com/frozen-foods/pizzas">Pizzas</a>
                </li>
                <li>
                    <a class="estDynamic" href="https://www.spesati.com/frozen-foods/vegetables">Vegetables and soy</a>
                </li>
            </ul>
        </li>
        <li>
            <a class="estDynamic" href="https://www.spesati.com/bread-and-pasta">
                <img src="http://cdn.spesati.com/images/menu/bread-and-pasta.png"/>
                Bread and pasta            </a>
            <i class="fa fa-angle-right" aria-hidden="true"></i>
            <ul class="sub-menu">
                <li>
                    <a class="estDynamic" href="https://www.spesati.com/bread-and-pasta/crackers">Crackers</a>
                </li>
                <li>
                    <a class="estDynamic" href="https://www.spesati.com/bread-and-pasta/rusks">Rusks</a>
                </li>
                <li>
                    <a class="estDynamic" href="https://www.spesati.com/bread-and-pasta/white-bread">White bread</a>
                </li>
                <li>
                    <a class="estDynamic" href="https://www.spesati.com/bread-and-pasta/local-bread">Local bread</a>
                </li>
                <li>
                    <a class="estDynamic" href="https://www.spesati.com/bread-and-pasta/soft-bread">Soft bread</a>
                </li>
                <li>
                    <a class="estDynamic" href="https://www.spesati.com/bread-and-pasta/sardinian-bread">Sardinian bread</a>
                </li>
                <li>
                    <a class="estDynamic" href="https://www.spesati.com/bread-and-pasta/bakery">Bakery</a>
                </li>
                <li>
                    <a class="estDynamic" href="https://www.spesati.com/bread-and-pasta/pasta">Pasta</a>
                </li>
                <li>
                    <a class="estDynamic" href="https://www.spesati.com/bread-and-pasta/fresh-pasta">Fresh pasta</a>
                </li>
            </ul>
        </li>
        <li>
            <a class="estDynamic" href="https://www.spesati.com/meat">
                <img src="http://cdn.spesati.com/images/menu/meat.png"/>
                Meat            </a>
            <i class="fa fa-angle-right" aria-hidden="true"></i>
            <ul class="sub-menu">
                <li>
                    <a class="estDynamic" href="https://www.spesati.com/meat/beef">Beef</a>
                </li>
                <li>
                    <a class="estDynamic" href="https://www.spesati.com/meat/goat">Goat</a>
                </li>
                <li>
                    <a class="estDynamic" href="https://www.spesati.com/meat/packaged-meat">Packaged meat</a>
                </li>
                <li>
                    <a class="estDynamic" href="https://www.spesati.com/meat/rabbit">Rabbit</a>
                </li>
                <li>
                    <a class="estDynamic" href="https://www.spesati.com/meat/horse">Horse</a>
                </li>
                <li>
                    <a class="estDynamic" href="https://www.spesati.com/meat/pork">Pork</a>
                </li>
                <li>
                    <a class="estDynamic" href="https://www.spesati.com/meat/lamb">Lamb</a>
                </li>
                <li>
                    <a class="estDynamic" href="https://www.spesati.com/meat/poultry">Poultry</a>
                </li>
            </ul>
        </li>
        <li>
            <a class="estDynamic" href="https://www.spesati.com/fish">
                <img src="http://cdn.spesati.com/images/menu/fish.png"/>
                Fish            </a>
            <i class="fa fa-angle-right" aria-hidden="true"></i>
            <ul class="sub-menu">
                <li>
                    <a class="estDynamic" href="https://www.spesati.com/fish/fresh-water">Fresh water</a>
                </li>
                <li>
                    <a class="estDynamic" href="https://www.spesati.com/fish/salt-water">Salt water</a>
                </li>
                <li>
                    <a class="estDynamic" href="https://www.spesati.com/fish/mussels">Mussels</a>
                </li>
                <li>
                    <a class="estDynamic" href="https://www.spesati.com/fish/dried-and-salted">Dried and salted</a>
                </li>
                <li>
                    <a class="estDynamic" href="https://www.spesati.com/fish/seafood-salad">Seafood salad</a>
                </li>
                <li>
                    <a class="estDynamic" href="https://www.spesati.com/fish/prepared">Prepared</a>
                </li>
                <li>
                    <a class="estDynamic" href="https://www.spesati.com/fish/specialty">Specialty</a>
                </li>   
                <li>
                    <a class="estDynamic" href="https://www.spesati.com/fish/tuna-and-salmon">Tuna and salmon</a>
                </li>
            </ul>
        </li>
        <li>
            <a class="estDynamic" href="https://www.spesati.com/wine-beer-and-spirits">
                <img src="http://cdn.spesati.com/images/menu/alcohol.png"/>
                Wine beer and spirits            </a>
            <i class="fa fa-angle-right" aria-hidden="true"></i>
            <ul class="sub-menu">
                <li>
                    <a class="estDynamic" href="https://www.spesati.com/wine-beer-and-spirits/spirits-and-liquors">Alcohol</a>
                </li>
                <li>
                    <a class="estDynamic" href="https://www.spesati.com/wine-beer-and-spirits/bitters">Bitters</a>
                </li>
                <li>
                    <a class="estDynamic" href="https://www.spesati.com/wine-beer-and-spirits/aperatif">Aperatifs</a>
                </li>
                <li>
                    <a class="estDynamic" href="https://www.spesati.com/wine-beer-and-spirits/beer">Beer</a>
                </li>
                <li>
                    <a class="estDynamic" href="https://www.spesati.com/wine-beer-and-spirits/creams">Creams</a>
                </li>
                <li>
                    <a class="estDynamic" href="https://www.spesati.com/wine-beer-and-spirits/spirits">Spirits</a>
                </li>
                <li>
                    <a class="estDynamic" href="https://www.spesati.com/wine-beer-and-spirits/liquors">Liquors</a>
                </li>
                <li>
                    <a class="estDynamic" href="https://www.spesati.com/wine-beer-and-spirits/white-wine">White wine</a>
                </li>
                <li>
                    <a class="estDynamic" href="https://www.spesati.com/wine-beer-and-spirits/prosecco-wine">Prosecco wine</a>
                </li>
                <li>
                    <a class="estDynamic" href="https://www.spesati.com/wine-beer-and-spirits/rose-wine">Rose wine</a>
                </li>
                <li>
                    <a class="estDynamic" href="https://www.spesati.com/wine-beer-and-spirits/red-wine">Red wine</a>
                </li>
                <li>
                    <a class="estDynamic" href="https://www.spesati.com/wine-beer-and-spirits/specialty-wine">Special wine</a>
                </li>
                <li>
                    <a class="estDynamic" href="https://www.spesati.com/wine-beer-and-spirits/sparkling-wine">Sparkling wine</a>
                </li>
                <li>
                    <a class="estDynamic" href="https://www.spesati.com/wine-beer-and-spirits/vermentino-wine">Vermentino wine</a>
                </li>
            </ul>
        </li>
        <li>
            <a class="estDynamic" href="https://www.spesati.com/water-and-drinks">
                <img src="http://cdn.spesati.com/images/menu/water-and-drinks.png"/>
                Water and drinks            </a>
            <i class="fa fa-angle-right" aria-hidden="true"></i>
            <ul class="sub-menu">
                <li>
                    <a class="estDynamic" href="https://www.spesati.com/water-and-drinks/san-martino">San Martino</a>
                </li>
                <li>
                    <a class="estDynamic" href="https://www.spesati.com/water-and-drinks/water">Water</a>
                </li>
                <li>
                    <a class="estDynamic" href="https://www.spesati.com/water-and-drinks/alpro">Alpro</a>
                </li>
                <li>
                    <a class="estDynamic" href="https://www.spesati.com/water-and-drinks/fizzy-drinks">Fizzy drinks</a>
                </li>
                <li>
                    <a class="estDynamic" href="https://www.spesati.com/water-and-drinks/coca-cola">Coca-Cola</a>
                </li>
                <li>
                    <a class="estDynamic" href="https://www.spesati.com/water-and-drinks/energy-drink">Energy drink</a>
                </li>
                <li>
                    <a class="estDynamic" href="https://www.spesati.com/water-and-drinks/syrups">Syrups</a>
                </li>
                <li>
                    <a class="estDynamic" href="https://www.spesati.com/water-and-drinks/supplements">Supplements</a>
                </li>
                <li>
                    <a class="estDynamic" href="https://www.spesati.com/water-and-drinks/instant-drinks">Instant drinks</a>
                </li>
                <li>
                    <a class="estDynamic" href="https://www.spesati.com/water-and-drinks/juice">Juice</a>
                </li>
                <li>
                    <a class="estDynamic" href="https://www.spesati.com/water-and-drinks/tea">Tea</a>
                </li>
            </ul>
        </li>
        <li>
            <a class="estDynamic" href="https://www.spesati.com/sweets">
                <img src="http://cdn.spesati.com/images/menu/sweets.png"/>
                Sweets            </a>
            <i class="fa fa-angle-right" aria-hidden="true"></i>
            <ul class="sub-menu">
                <li>
                    <a class="estDynamic" href="https://www.spesati.com/sweets/bars-and-snacks">Bars and snacks</a>
                </li>
                <li>
                    <a class="estDynamic" href="https://www.spesati.com/sweets/biscuits">Biscuits</a>
                </li>
                <li>
                    <a class="estDynamic" href="https://www.spesati.com/sweets/brioches">Brioches</a>
                </li>
                <li>
                    <a class="estDynamic" href="https://www.spesati.com/sweets/candy-and-chewing-gum">Candy and chewing gum</a>
                </li>
                <li>
                    <a class="estDynamic" href="https://www.spesati.com/sweets/cereals">Cereals</a>
                </li>
                <li>
                    <a class="estDynamic" href="https://www.spesati.com/sweets/chocolate">Chocolate</a>
                </li>
                <li>
                    <a class="estDynamic" href="https://www.spesati.com/sweets/spreadable-creams">Spreads</a>
                </li>
                <li>
                    <a class="estDynamic" href="https://www.spesati.com/sweets/dessert-toppings">Dessert toppings</a>
                </li>
                <li>
                    <a class="estDynamic" href="https://www.spesati.com/sweets/jam">Jam</a>
                </li>
                <li>
                    <a class="estDynamic" href="https://www.spesati.com/sweets/honey">Honey</a>
                </li>
                <li>
                    <a class="estDynamic" href="https://www.spesati.com/sweets/panettoni-and-pandoro">Panettone and pandoro</a>
                </li>
                <li>
                    <a class="estDynamic" href="https://www.spesati.com/sweets/pastry">Pastry</a>
                </li>
                <li>
                    <a class="estDynamic" href="https://www.spesati.com/sweets/instant-dessert">Prepared</a>
                </li>
                <li>
                    <a class="estDynamic" href="https://www.spesati.com/sweets/cakes-and-pies">Cakes and pies</a>
                </li>
                <li>
                    <a class="estDynamic" href="https://www.spesati.com/sweets/easter-eggs-and-doves">Easter eggs and doves</a>
                </li>
            </ul>
        </li>
        <li>
            <a class="estDynamic" href="https://www.spesati.com/shelf">
                <img src="http://cdn.spesati.com/images/menu/shelf.png"/>
                Cupboard            </a>
            <i class="fa fa-angle-right" aria-hidden="true"></i>
            <ul class="sub-menu">
                <li>
                    <a class="estDynamic" href="https://www.spesati.com/shelf/coffee">Coffee</a>
                </li>
                <li>
                    <a class="estDynamic" href="https://www.spesati.com/shelf/gift-baskets">Gift baskets</a>
                </li>
                <li>
                    <a class="estDynamic" href="https://www.spesati.com/shelf/stock-cubes">Nuts and preparations</a>
                </li>
                <li>
                    <a class="estDynamic" href="https://www.spesati.com/shelf/flour-and-baking">Flour and baking</a>
                </li>
                <li>
                    <a class="estDynamic" href="https://www.spesati.com/shelf/milk">Milk</a>
                </li>
                <li>
                    <a class="estDynamic" href="https://www.spesati.com/shelf/oil-salt-vinegar">Oil, vinegar and salt</a>
                </li>
                <li>
                    <a class="estDynamic" href="https://www.spesati.com/shelf/cream-and-bechamel">Cream and bechamel</a>
                </li>
                <li>
                    <a class="estDynamic" href="https://www.spesati.com/shelf/crisps-and-pretzels">Crisps and pretzels</a>
                </li>
                <li>
                    <a class="estDynamic" href="https://www.spesati.com/shelf/baby-and-infants-products">Early childhood products</a>
                </li>
                <li>
                    <a class="estDynamic" href="https://www.spesati.com/shelf/rice">Rice</a>
                </li>
                <li>
                    <a class="estDynamic" href="https://www.spesati.com/shelf/tins-and-preserves">Tins and Preserves</a>
                </li>
                <li>
                    <a class="estDynamic" href="https://www.spesati.com/shelf/spices">Spices</a>
                </li>
                <li>
                    <a class="estDynamic" href="https://www.spesati.com/shelf/sauces">Sauces</a>
                </li>
                <li>
                    <a class="estDynamic" href="https://www.spesati.com/shelf/tea-and-infusions">Tea and infusions</a>
                </li>
                <li>
                    <a class="estDynamic" href="https://www.spesati.com/shelf/eggs">Eggs</a>
                </li>
                <li>
                    <a class="estDynamic" href="https://www.spesati.com/shelf/sugar-and-sweeteners">Sugar and sweeteners</a>
                </li>
            </ul>
        </li>
        <li>
            <a class="estDynamic" href="https://www.spesati.com/personal-care">
                <img src="http://cdn.spesati.com/images/menu/personal-care.png"/>
                Personal care            </a>
            <i class="fa fa-angle-right" aria-hidden="true"></i>
            <ul class="sub-menu">
                <li>
                    <a class="estDynamic" href="https://www.spesati.com/personal-care/accessories-and-cotton">Accessories and cotton</a>
                </li>
                <li>
                    <a class="estDynamic" href="https://www.spesati.com/personal-care/feminine-care-incontinence-and-baby-diapers">Feminine incontinence and diapers</a>
                </li>
                <li>
                    <a class="estDynamic" href="https://www.spesati.com/personal-care/shower-gel">Shower gel</a>
                </li>
                <li>
                    <a class="estDynamic" href="https://www.spesati.com/personal-care/creams">Creams</a>
                </li>
                <li>
                    <a class="estDynamic" href="https://www.spesati.com/personal-care/deodorant">Deodorant</a>
                </li>
                <li>
                    <a class="estDynamic" href="https://www.spesati.com/personal-care/hair-removal">Hair removal</a>
                </li>
                <li>
                    <a class="estDynamic" href="https://www.spesati.com/personal-care/disinfectants">Disinfectants</a>
                </li>
                <li>
                    <a class="estDynamic" href="https://www.spesati.com/personal-care/oral-hygiene">Oral hygiene</a>
                </li>
                <li>
                    <a class="estDynamic" href="https://www.spesati.com/personal-care/supplements-and-multivitamins">Supplements and multivitamins</a>
                </li>
                <li>
                    <a class="estDynamic" href="https://www.spesati.com/personal-care/first-aid">First aid label</a>
                </li>
                <li>
                    <a class="estDynamic" href="https://www.spesati.com/personal-care/beard-products">Beard products</a>
                </li>
                <li>
                    <a class="estDynamic" href="https://www.spesati.com/personal-care/hairs-products">Hair products</a>
                </li>
                <li>
                    <a class="estDynamic" href="https://www.spesati.com/personal-care/perfume">Perfumes</a>
                </li>
                <li>
                    <a class="estDynamic" href="https://www.spesati.com/personal-care/wipes">Wipes</a>
                </li>
                <li>
                    <a class="estDynamic" href="https://www.spesati.com/personal-care/soaps-and-body-wash">Soaps and body wash</a>
                </li>
                <li>
                    <a class="estDynamic" href="https://www.spesati.com/personal-care/shampoo-and-conditioner">Shampoo and conditioner</a>
                </li>
            </ul>
        </li>
        <li>
            <a class="estDynamic" href="https://www.spesati.com/household-and-outdoors">
                <img src="http://cdn.spesati.com/images/menu/pellet-and-home.png"/>
                Home and outdoors 
            </a>
            <i class="fa fa-angle-right" aria-hidden="true"></i>
            <ul class="sub-menu">
                <li>
                    <a class="estDynamic" href="https://www.spesati.com/household-and-outdoors/distilled-water">Distilled water</a>
                </li>
                <li>
                    <a class="estDynamic" href="https://www.spesati.com/household-and-outdoors/car-products">Cars</a>
                </li>
                <li>
                    <a class="estDynamic" href="https://www.spesati.com/household-and-outdoors/bin-bags-and-buckets">Bin bags and buckets</a>
                </li>
                <li>
                    <a class="estDynamic" href="https://www.spesati.com/household-and-outdoors/bleach-and-stain-removers">Bleach and stain removers</a>
                </li>
                <li>
                    <a class="estDynamic" href="https://www.spesati.com/household-and-outdoors/candles">Candles</a>
                </li>
                <li>
                    <a class="estDynamic" href="https://www.spesati.com/household-and-outdoors/kitchen-roll">Kitchen roll</a>
                </li>
                <li>
                    <a class="estDynamic" href="https://www.spesati.com/household-and-outdoors/air-fresheners">Air fresheners</a>
                </li>
                <li>
                    <a class="estDynamic" href="https://www.spesati.com/household-and-outdoors/laundry-accessories-and-detergent">Laundry detergent</a>
                </li>
                <li>
                    <a class="estDynamic" href="https://www.spesati.com/household-and-outdoors/dishwasher-and-washing-up">Dishwasher and washing up</a>
                </li>
                <li>
                    <a class="estDynamic" href="https://www.spesati.com/household-and-outdoors/gardening">Gardening</a>
                </li>
                <li>
                    <a class="estDynamic" href="https://www.spesati.com/household-and-outdoors/light-bulbs-and-batteries">Lightbulbs and batteries</a>
                </li>
                <li>
                    <a class="estDynamic" href="https://www.spesati.com/household-and-outdoors/pellet-and-bbq">Pellet and BBQ</a>
                </li>
                <li>
                    <a class="estDynamic" href="https://www.spesati.com/household-and-outdoors/bathroom-products">Bathroom products</a>
                </li>
                <li>
                    <a class="estDynamic" href="https://www.spesati.com/household-and-outdoors/home-and-furniture-products">Home and furniture products</a>
                </li>
                <li>
                    <a class="estDynamic" href="https://www.spesati.com/household-and-outdoors/kitchen-products">Kitchen products</a>
                </li>
                <li>
                    <a class="estDynamic" href="https://www.spesati.com/household-and-outdoors/window-and-floor-cleaners">Window and floor cleaner</a>
                </li>
                <li>
                    <a class="estDynamic" href="https://www.spesati.com/household-and-outdoors/repellents">Repellents</a>
                </li>
                <li>
                    <a class="estDynamic" href="https://www.spesati.com/household-and-outdoors/disposable-tableware">Disposable tableware</a>
                </li>
            </ul>
        </li>
        <li>
            <a class="estDynamic" href="https://www.spesati.com/pet">
                <img src="http://cdn.spesati.com/images/menu/animals.png"/>
                Pets            </a>
            <i class="fa fa-angle-right" aria-hidden="true"></i>
            <ul class="sub-menu">
                <li>
                    <a class="estDynamic" href="https://www.spesati.com/pets/pet-food-other-animals">Other animals pet food</a>
                </li>
                <li>
                    <a class="estDynamic" href="https://www.spesati.com/pets/pet-food-dogs">Pet food dogs</a>
                </li>
                <li>
                    <a class="estDynamic" href="https://www.spesati.com/pets/pet-food-cats">Pet food cats</a>
                </li>
                <li>
                    <a class="estDynamic" href="https://www.spesati.com/pets/hygiene-and-cleaning">Hygiene and cleaning</a>
                </li>
            </ul>
        </li>
        <li>
            <a class="estDynamic" href="https://www.spesati.com/technology">
                <img src="http://cdn.spesati.com/images/menu/technology.png"/>
                Technology            </a>
            <i class="fa fa-angle-right" aria-hidden="true"></i>
            <ul class="sub-menu">
                <li>
                    <a class="estDynamic" href="https://www.spesati.com/technology/accessories">Accessories</a>
                </li>
                <li>
                    <a class="estDynamic" href="https://www.spesati.com/technology/computer">Computer</a>
                </li>
                <li>
                    <a class="estDynamic" href="https://www.spesati.com/technology/telephones">Telephones</a>
                </li>
                <li>
                    <a class="estDynamic" href="https://www.spesati.com/technology/tv">TV</a>
                </li>
            </ul>
        </li>
        <li>
            <a class="estDynamic" href="https://www.spesati.com/gluten-free">
                <img src="http://cdn.spesati.com/images/menu/gluten-free.png"/>
                Gluten free            </a>
            <i class="fa fa-angle-right" aria-hidden="true"></i>
            <ul class="sub-menu">
                <li>
                    <a class="estDynamic" href="https://www.spesati.com/gluten-free/frozen-foods">Frozen foods</a>
                </li>
                <li>
                    <a class="estDynamic" href="https://www.spesati.com/gluten-free/beer">Beer</a>
                </li>
                <li>
                    <a class="estDynamic" href="https://www.spesati.com/gluten-free/sweets">Sweets</a>
                </li>
                <li>
                    <a class="estDynamic" href="https://www.spesati.com/gluten-free/bread-and-pasta">Bread and pasta</a>
                </li>
                <li>
                    <a class="estDynamic" href="https://www.spesati.com/gluten-free/shelf">Cupboard</a>
                </li>
            </ul>
        </li>
        <li>
            <a class="estDynamic" href="https://www.spesati.com/lactose-free">
                <img src="http://cdn.spesati.com/images/menu/lactose-free.png"/>
                Lactose free            </a>
            <i class="fa fa-angle-right" aria-hidden="true"></i>
            <ul class="sub-menu">
                <li>
                    <a class="estDynamic" href="https://www.spesati.com/lactose-free/frozen-foods">Frozen foods</a>
                </li>
                <li>
                    <a class="estDynamic" href="https://www.spesati.com/lactose-free/sweets">Sweets</a>
                </li>
                <li>
                    <a class="estDynamic" href="https://www.spesati.com/lactose-free/dairy-product">Dairy product</a>
                </li>
                <li>
                    <a class="estDynamic" href="https://www.spesati.com/lactose-free/shelf">Cupboard</a>
                </li>
            </ul>
        </li>
        <li>
            <a class="estDynamic" href="https://www.spesati.com/special">
                <img src="http://cdn.spesati.com/images/menu/special.png"/>
                Special            </a>
            <i class="fa fa-angle-right" aria-hidden="true"></i>
            <ul class="sub-menu">
                <li>
                    <a class="estDynamic" href="https://www.spesati.com/special/alpro">Alpro</a>
                </li>
                <li>
                    <a class="estDynamic" href="https://www.spesati.com/special/organic">Biological</a>
                </li>
                <li>
                    <a class="estDynamic" href="https://www.spesati.com/special/meat">Meat</a>
                </li>
                <li>
                    <a class="estDynamic" href="https://www.spesati.com/special/wholegrain">Wholegrain</a>
                </li>
                <li>
                    <a class="estDynamic" href="https://www.spesati.com/special/bread-and-pasta">Bread and pasta</a>
                </li>
                <li>
                    <a class="estDynamic" href="https://www.spesati.com/special/vegan">Vegan</a>
                </li>
            </ul>
        </li>
        <li>
            <a class="estDynamic" href="https://www.spesati.com/sardinian-products">
                <img src="http://cdn.spesati.com/images/menu/sardinian-products.png"/>
                Sardinian products            </a>
            <i class="fa fa-angle-right" aria-hidden="true"></i>
            <ul class="sub-menu">
                <li>
                    <a class="estDynamic" href="https://www.spesati.com/sardinian-products/drinks">Drinks</a>
                </li>
                <li>
                    <a class="estDynamic" href="https://www.spesati.com/sardinian-products/meat">Meat</a>
                </li>
                <li>
                    <a class="estDynamic" href="https://www.spesati.com/sardinian-products/sweets">Sweets</a>
                </li>
                <li>
                    <a class="estDynamic" href="https://www.spesati.com/sardinian-products/fruit-and-vegetables">Fruit and vegetables</a>
                </li>
                <li>
                    <a class="estDynamic" href="https://www.spesati.com/sardinian-products/ichnusa">Ichnusa</a>
                </li>
                <li>
                    <a class="estDynamic" href="https://www.spesati.com/sardinian-products/dairy-product">Dairy product</a>
                </li>
                <li>
                    <a class="estDynamic" href="https://www.spesati.com/sardinian-products/bread-and-pasta">Bread and pasta</a>
                </li>
                <li>
                    <a class="estDynamic" href="https://www.spesati.com/sardinian-products/fish">Fish</a>
                </li>
                <li>
                    <a class="estDynamic" href="https://www.spesati.com/sardinian-products/cured-meat">Cured meat</a>
                </li>
                <li>
                    <a class="estDynamic" href="https://www.spesati.com/sardinian-products/shelf">Cupboard</a>
                </li>
                <li>
                    <a class="estDynamic" href="https://www.spesati.com/sardinian-products/vermentino-wine">Vermentino wine</a>
                </li>
                <li>
                    <a class="estDynamic" href="https://www.spesati.com/sardinian-products/wine-beer-and-spirits">Wine beer and spirits</a>
                </li>
            </ul>
        </li>
    </ul>
</div>    <div class="colRight">
        <div class="title mobile">
	<a href="https://www.spesati.com/shelf"><i class="fa red fa-angle-left fa-3x mobile" aria-hidden="true"></i></a>
	<h2>
		<b>
			oil salt vinegar		</b>
	</h2>
</div>

<div class="breadcrumb bgGrey internal">
	<p>
		<b>
			<a href="https://www.spesati.com/">Home</a>
												&gt; <a href="https://www.spesati.com/shelf">Cupboard</a>
																&gt; Oil, vinegar and salt									</b>
	</p>
	<div>
		<p>Order by</p>
		<select name="orderProd" id="orderProd">
			<option disabled="disabled" selected="selected">- Choose -</option>
			<option value="nameAsc">Name (A - Z)</option>
			<option value="nameDes">Name (Z - A)</option>
			<option value="priceHigh">Price - High to low</option>
			<option value="priceLow">Price - Low to high</option>
			<option value="soldAsc">Best Selling</option>
			<option value="available">Availability</option>
		</select>
	</div>
</div>
        <div class="containerProduct">
            <script type='text/javascript'>var track = '{"event":"ViewContent", "type":"category", "id":"Scaffale", "subids":["Olio","Aceto","Sale"], "url":"https://www.spesati.com/shelf/oil-salt-vinegar"}';</script>
<script>
gtag('event', 'select_content', {content_type: 'category', item_id: 'Scaffale'});gtag('event', 'select_content', {content_type: 'category', item_id: 'Olio'});gtag('event', 'select_content', {content_type: 'category', item_id: 'Aceto'});gtag('event', 'select_content', {content_type: 'category', item_id: 'Sale'});
</script>
<div class="left product prod1"
        data-name="Sale Grosso 1 Kg"
        data-price="0.39"
        data-id="4945"
        data-available="yes"
        data-category="4611"
        data-bestselling="3">
    <a href="https://www.spesati.com/sale-grosso-1-kg">
        <div style="background-image: url('https://cdn.spesati.com/images/products/fl7070/sale-grosso-1-01.jpg')">
            <div class="hover"></div>
            <p class="arrow bgRed white">Best Seller</p>
            <div class="stickers"></div>
        </div>
    </a>
    <div>
        <h4><a href="https://www.spesati.com/sale-grosso-1-kg"><b>Sale Grosso 1 Kg</b></a></h4>
        <p class="description">1 Kg</p>
        <p class="right price"><b>0.39 €</b></p>
        <p class="right unitPrice">0.39 € per kg</p>
    </div>
    <div class="contButton">
    <a class="button bgRed white addToCart" href="#">Add</a>
</div>
</div><div class="left product prod2"
        data-name="4 Cuochi Olio Per Frittura"
        data-price="2.91"
        data-id="2937"
        data-available="yes"
        data-category="2126"
        data-bestselling="">
    <a href="https://www.spesati.com/4-cuochi-olio-per-frittura">
        <div style="background-image: url('https://cdn.spesati.com/images/products/57644101/4-cuochi-olio.jpg')">
            <div class="hover"></div>
            
            <div class="stickers"></div>
        </div>
    </a>
    <div>
        <h4><a href="https://www.spesati.com/4-cuochi-olio-per-frittura"><b>4 Cuochi Olio Per Frittura</b></a></h4>
        <p class="description">1 Lt</p>
        <p class="right price"><b>2.91 €</b></p>
        <p class="right unitPrice">2.91 € per litre</p>
    </div>
    <div class="contButton">
    <a class="button bgRed white addToCart" href="#">Add</a>
</div>
</div><div class="left product prod3"
        data-name="Olio semi di girasole san marco 1lt"
        data-price="3.99"
        data-id="5249"
        data-available="yes"
        data-category="2126"
        data-bestselling="5">
    <a href="https://www.spesati.com/olio-semi-di-girasole-san-marco-1lt">
        <div style="background-image: url('https://cdn.spesati.com/images/products/490107/olio-semi-di-01.jpg')">
            <div class="hover"></div>
            <p class="arrow bgRed white">Best Seller</p>
            <div class="stickers"></div>
        </div>
    </a>
    <div>
        <h4><a href="https://www.spesati.com/olio-semi-di-girasole-san-marco-1lt"><b>Olio semi di girasole san marco 1lt</b></a></h4>
        <p class="description">1 Lt</p>
        <p class="right price"><b>3.99 €</b></p>
        <p class="right unitPrice">3.99 € per litre</p>
    </div>
    <div class="contButton">
    <a class="button bgRed white addToCart" href="#">Add</a>
</div>
</div><div class="left product prod4"
        data-name="Sale Marino Grosso Iodato 1Kg"
        data-price="0.61"
        data-id="6384"
        data-available="yes"
        data-category="4611"
        data-bestselling="">
    <a href="https://www.spesati.com/sale-marino-grosso-iodato-1kg">
        <div style="background-image: url('https://cdn.spesati.com/images/products/116833/sale-marino-grosso-01.jpg')">
            <div class="hover"></div>
            
            <div class="stickers"><img class="left" src="http://cdn.spesati.com/images/layout/sardinian.png" /></div>
        </div>
    </a>
    <div>
        <h4><a href="https://www.spesati.com/sale-marino-grosso-iodato-1kg"><b>Sale Marino Grosso Iodato 1Kg</b></a></h4>
        <p class="description">1 Kg</p>
        <p class="right price"><b>0.61 €</b></p>
        <p class="right unitPrice">0.61 € per kg</p>
    </div>
    <div class="contButton">
    <a class="button bgRed white addToCart" href="#">Add</a>
</div>
</div><div class="left product prod5"
        data-name="Sale Marino Fino 1Kg"
        data-price="0.39"
        data-id="5763"
        data-available="yes"
        data-category="4611"
        data-bestselling="2">
    <a href="https://www.spesati.com/sale-marino-fino-1kg">
        <div style="background-image: url('https://cdn.spesati.com/images/products/116075/sale-marino-fino-01.jpg')">
            <div class="hover"></div>
            <p class="arrow bgRed white">Best Seller</p>
            <div class="stickers"></div>
        </div>
    </a>
    <div>
        <h4><a href="https://www.spesati.com/sale-marino-fino-1kg"><b>Sale Marino Fino 1Kg</b></a></h4>
        <p class="description">1 Kg</p>
        <p class="right price"><b>0.39 €</b></p>
        <p class="right unitPrice">0.39 € per kg</p>
    </div>
    <div class="contButton">
    <a class="button bgRed white addToCart" href="#">Add</a>
</div>
</div><div class="left product prod6"
        data-name="Olio Extra Vergine Di Oliva Zucchi 250Ml"
        data-price="5.86"
        data-id="5794"
        data-available="yes"
        data-category="2126"
        data-bestselling="">
    <a href="https://www.spesati.com/olio-extra-vergine-di-oliva-zucchi-250ml">
        <div style="background-image: url('https://cdn.spesati.com/images/products/102154/olio-extra-vergine-01.jpg')">
            <div class="hover"></div>
            
            <div class="stickers"></div>
        </div>
    </a>
    <div>
        <h4><a href="https://www.spesati.com/olio-extra-vergine-di-oliva-zucchi-250ml"><b>Olio Extra Vergine Di Oliva Zucchi 250Ml</b></a></h4>
        <p class="description">0.25 Lt</p>
        <p class="right price"><b>5.86 €</b></p>
        <p class="right unitPrice">23.44 € per litre</p>
    </div>
    <div class="contButton">
    <a class="button bgRed white addToCart" href="#">Add</a>
</div>
</div><div class="left product prod7"
        data-name="Olio Extra Vergine De Santis Gemma Pet 1 lt"
        data-price="13.27"
        data-id="5417"
        data-available="yes"
        data-category="2126"
        data-bestselling="1">
    <a href="https://www.spesati.com/olio-extra-vergine-de-santis-gemma-pet-1-lt">
        <div style="background-image: url('https://cdn.spesati.com/images/products/102061/olio-extra-vergine-01.jpg')">
            <div class="hover"></div>
            <p class="arrow bgRed white">Best Seller</p>
            <div class="stickers"></div>
        </div>
    </a>
    <div>
        <h4><a href="https://www.spesati.com/olio-extra-vergine-de-santis-gemma-pet-1-lt"><b>Olio Extra Vergine De Santis Gemma Pet 1 lt</b></a></h4>
        <p class="description">1 Lt</p>
        <p class="right price"><b>13.27 €</b></p>
        <p class="right unitPrice">13.27 € per litre</p>
    </div>
    <div class="contButton">
    <a class="button bgRed white addToCart" href="#">Add</a>
</div>
</div><div class="left product prod8"
        data-name="Olio Zeta Semi Arachide 5lt"
        data-price="23.42"
        data-id="33663"
        data-available="yes"
        data-category="2126"
        data-bestselling="">
    <a href="https://www.spesati.com/olio-zeta-semi-arachide-5lt">
        <div style="background-image: url('https://cdn.spesati.com/images/products/000490164/zeta-olio-di-semi-di-arachide-5l-01.png')">
            <div class="hover"></div>
            
            <div class="stickers"></div>
        </div>
    </a>
    <div>
        <h4><a href="https://www.spesati.com/olio-zeta-semi-arachide-5lt"><b>Olio Zeta Semi Arachide 5lt</b></a></h4>
        <p class="description">Zeta Olio di Semi di Arachide 5L</p>
        <p class="right price"><b>23.42 €</b></p>
        <p class="right unitPrice">4.68 € per litre</p>
    </div>
    <div class="contButton">
    <a class="button bgRed white addToCart" href="#">Add</a>
</div>
</div><div class="left product prod9"
        data-name="Olio Zeta Semi Arachide 10lt"
        data-price="44.09"
        data-id="33662"
        data-available="yes"
        data-category="2126"
        data-bestselling="">
    <a href="https://www.spesati.com/olio-zeta-semi-arachide-10lt">
        <div style="background-image: url('https://cdn.spesati.com/images/products/000490163/zeta-olio-di-semi-di-arachide-10l-01.png')">
            <div class="hover"></div>
            
            <div class="stickers"></div>
        </div>
    </a>
    <div>
        <h4><a href="https://www.spesati.com/olio-zeta-semi-arachide-10lt"><b>Olio Zeta Semi Arachide 10lt</b></a></h4>
        <p class="description">Zeta Olio di Semi di Arachide 10L</p>
        <p class="right price"><b>44.09 €</b></p>
        <p class="right unitPrice">4.41 € per litre</p>
    </div>
    <div class="contButton">
    <a class="button bgRed white addToCart" href="#">Add</a>
</div>
</div><div class="left product prod10"
        data-name="Olio Zeta Semi Di Soia 5lt"
        data-price="14.18"
        data-id="33661"
        data-available="yes"
        data-category="2126"
        data-bestselling="">
    <a href="https://www.spesati.com/olio-zeta-semi-di-soia-5lt">
        <div style="background-image: url('https://cdn.spesati.com/images/products/000490162/zeta-olio-di-semi-di-soia-5l-01.png')">
            <div class="hover"></div>
            
            <div class="stickers"></div>
        </div>
    </a>
    <div>
        <h4><a href="https://www.spesati.com/olio-zeta-semi-di-soia-5lt"><b>Olio Zeta Semi Di Soia 5lt</b></a></h4>
        <p class="description">Zeta Olio di Semi di Soia 5L</p>
        <p class="right price"><b>14.18 €</b></p>
        <p class="right unitPrice">2.84 € per litre</p>
    </div>
    <div class="contButton">
    <a class="button bgRed white addToCart" href="#">Add</a>
</div>
</div><div class="left product prod11"
        data-name="Olio Zeta Friggimi 5lt"
        data-price="15.49"
        data-id="33660"
        data-available="yes"
        data-category="2126"
        data-bestselling="">
    <a href="https://www.spesati.com/olio-zeta-friggimi-5lt">
        <div style="background-image: url('https://cdn.spesati.com/images/products/000490161/zeta-per-friggere-5-l-01.png')">
            <div class="hover"></div>
            
            <div class="stickers"></div>
        </div>
    </a>
    <div>
        <h4><a href="https://www.spesati.com/olio-zeta-friggimi-5lt"><b>Olio Zeta Friggimi 5lt</b></a></h4>
        <p class="description">Zeta per Friggere 5 L</p>
        <p class="right price"><b>15.49 €</b></p>
        <p class="right unitPrice">3.10 € per litre</p>
    </div>
    <div class="contButton">
    <a class="button bgRed white addToCart" href="#">Add</a>
</div>
</div><div class="left product prod12"
        data-name="Olio Zeta Friggimi 10lt"
        data-price="26.90"
        data-id="33659"
        data-available="yes"
        data-category="2126"
        data-bestselling="">
    <a href="https://www.spesati.com/olio-zeta-friggimi-10lt">
        <div style="background-image: url('https://cdn.spesati.com/images/products/000490160/zeta-per-friggere-10l-01.png')">
            <div class="hover"></div>
            
            <div class="stickers"></div>
        </div>
    </a>
    <div>
        <h4><a href="https://www.spesati.com/olio-zeta-friggimi-10lt"><b>Olio Zeta Friggimi 10lt</b></a></h4>
        <p class="description">Zeta per Friggere 10L</p>
        <p class="right price"><b>26.90 €</b></p>
        <p class="right unitPrice">2.69 € per litre</p>
    </div>
    <div class="contButton">
    <a class="button bgRed white addToCart" href="#">Add</a>
</div>
</div><div class="left product prod13"
        data-name="Olio Zucchi Semi Vari 10l"
        data-price="27.92"
        data-id="33658"
        data-available="yes"
        data-category="2126"
        data-bestselling="">
    <a href="https://www.spesati.com/olio-zucchi-semi-vari-10l">
        <div style="background-image: url('https://cdn.spesati.com/images/products/000490159/zeta-olio-di-semi-vari-10l-01.png')">
            <div class="hover"></div>
            
            <div class="stickers"></div>
        </div>
    </a>
    <div>
        <h4><a href="https://www.spesati.com/olio-zucchi-semi-vari-10l"><b>Olio Zucchi Semi Vari 10l</b></a></h4>
        <p class="description">Zeta Olio di Semi Vari 10L</p>
        <p class="right price"><b>27.92 €</b></p>
        <p class="right unitPrice">2.79 € per litre</p>
    </div>
    <div class="contButton">
    <a class="button bgRed white addToCart" href="#">Add</a>
</div>
</div><div class="left product prod14"
        data-name="Olio Extrav Antirab Frut Ml250"
        data-price="5.81"
        data-id="33656"
        data-available="yes"
        data-category="2126"
        data-bestselling="">
    <a href="https://www.spesati.com/olio-extrav-antirab-frut-ml250">
        <div style="background-image: url('https://cdn.spesati.com/images/products/000490156/oleificio-secchi-olio-extra-vergine-di-oliva-fruttato-0250-l-01.png')">
            <div class="hover"></div>
            
            <div class="stickers"></div>
        </div>
    </a>
    <div>
        <h4><a href="https://www.spesati.com/olio-extrav-antirab-frut-ml250"><b>Olio Extrav Antirab Frut Ml250</b></a></h4>
        <p class="description">Oleificio Secchi Olio Extra Vergine di Oliva Fruttato 0,250 l</p>
        <p class="right price"><b>5.81 €</b></p>
        <p class="right unitPrice">23.24 € per litre</p>
    </div>
    <div class="contButton">
    <a class="button bgRed white addToCart" href="#">Add</a>
</div>
</div><div class="left product prod15"
        data-name="Olio Zucchi Semi Girasole 10l"
        data-price="26.37"
        data-id="33655"
        data-available="yes"
        data-category="2126"
        data-bestselling="">
    <a href="https://www.spesati.com/olio-zucchi-semi-girasole-10l">
        <div style="background-image: url('https://cdn.spesati.com/images/products/000490155/zeta-olio-di-semi-di-girasole-10l-01.png')">
            <div class="hover"></div>
            
            <div class="stickers"></div>
        </div>
    </a>
    <div>
        <h4><a href="https://www.spesati.com/olio-zucchi-semi-girasole-10l"><b>Olio Zucchi Semi Girasole 10l</b></a></h4>
        <p class="description">Zeta Olio di Semi di Girasole 10L</p>
        <p class="right price"><b>26.37 €</b></p>
        <p class="right unitPrice">2.64 € per litre</p>
    </div>
    <div class="contButton">
    <a class="button bgRed white addToCart" href="#">Add</a>
</div>
</div><div class="left product prod16"
        data-name="Olio Zucchi Semi Girasole 5l"
        data-price="14.90"
        data-id="33654"
        data-available="yes"
        data-category="2126"
        data-bestselling="">
    <a href="https://www.spesati.com/olio-zucchi-semi-girasole-5l">
        <div style="background-image: url('https://cdn.spesati.com/images/products/000490154/zeta-olio-di-semi-di-girasole-5-l-01.png')">
            <div class="hover"></div>
            
            <div class="stickers"></div>
        </div>
    </a>
    <div>
        <h4><a href="https://www.spesati.com/olio-zucchi-semi-girasole-5l"><b>Olio Zucchi Semi Girasole 5l</b></a></h4>
        <p class="description">Zeta Olio di Semi di Girasole 5 L</p>
        <p class="right price"><b>14.90 €</b></p>
        <p class="right unitPrice">2.98 € per litre</p>
    </div>
    <div class="contButton">
    <a class="button bgRed white addToCart" href="#">Add</a>
</div>
</div><div class="left product prod17"
        data-name="Olio Semi Girasole Zucchi 25l"
        data-price="63.74"
        data-id="33653"
        data-available="yes"
        data-category="2126"
        data-bestselling="">
    <a href="https://www.spesati.com/olio-semi-girasole-zucchi-25l">
        <div style="background-image: url('https://cdn.spesati.com/images/products/000490152/zeta-olio-di-semi-di-girasole-25-l-01.png')">
            <div class="hover"></div>
            
            <div class="stickers"></div>
        </div>
    </a>
    <div>
        <h4><a href="https://www.spesati.com/olio-semi-girasole-zucchi-25l"><b>Olio Semi Girasole Zucchi 25l</b></a></h4>
        <p class="description">Zeta Olio di Semi di Girasole 25 L</p>
        <p class="right price"><b>63.74 €</b></p>
        <p class="right unitPrice">2.55 € per litre</p>
    </div>
    <div class="contButton">
    <a class="button bgRed white addToCart" href="#">Add</a>
</div>
</div><div class="left product prod18"
        data-name="Olio Semi Vari Zucchi 5lt"
        data-price="14.51"
        data-id="33652"
        data-available="yes"
        data-category="2126"
        data-bestselling="">
    <a href="https://www.spesati.com/olio-semi-vari-zucchi-5lt">
        <div style="background-image: url('https://cdn.spesati.com/images/products/000490150/zeta-olio-di-semi-vari-5l-01.png')">
            <div class="hover"></div>
            
            <div class="stickers"></div>
        </div>
    </a>
    <div>
        <h4><a href="https://www.spesati.com/olio-semi-vari-zucchi-5lt"><b>Olio Semi Vari Zucchi 5lt</b></a></h4>
        <p class="description">Zeta Olio di Semi Vari 5L</p>
        <p class="right price"><b>14.51 €</b></p>
        <p class="right unitPrice">2.90 € per litre</p>
    </div>
    <div class="contButton">
    <a class="button bgRed white addToCart" href="#">Add</a>
</div>
</div><div class="left product prod19"
        data-name="Cristalli Sale Maldon Aff 125g"
        data-price="4.89"
        data-id="75680"
        data-available="yes"
        data-category="4611"
        data-bestselling="">
    <a href="https://www.spesati.com/cristalli-sale-maldon-aff-125g">
        <div style="background-image: url('https://cdn.spesati.com/images/products/000436149/maldon-cristalli-di-sale-marino-affumicato-125-g-01.png')">
            <div class="hover"></div>
            
            <div class="stickers"></div>
        </div>
    </a>
    <div>
        <h4><a href="https://www.spesati.com/cristalli-sale-maldon-aff-125g"><b>Cristalli Sale Maldon Aff 125g</b></a></h4>
        <p class="description">Maldon Cristalli di Sale Marino Affumicato 125 g</p>
        <p class="right price"><b>4.89 €</b></p>
        <p class="right unitPrice">37.61 € per kg</p>
    </div>
    <div class="contButton">
    <a class="button bgRed white addToCart" href="#">Add</a>
</div>
</div><div class="left product prod20"
        data-name="Cristalli Di Sale Maldon 125gr"
        data-price="4.15"
        data-id="75677"
        data-available="yes"
        data-category="4611"
        data-bestselling="">
    <a href="https://www.spesati.com/cristalli-di-sale-maldon-125gr">
        <div style="background-image: url('https://cdn.spesati.com/images/products/000436148/maldon-cristalli-di-sale-marino-125-g-01.png')">
            <div class="hover"></div>
            
            <div class="stickers"></div>
        </div>
    </a>
    <div>
        <h4><a href="https://www.spesati.com/cristalli-di-sale-maldon-125gr"><b>Cristalli Di Sale Maldon 125gr</b></a></h4>
        <p class="description">Maldon Cristalli di Sale Marino 125 g</p>
        <p class="right price"><b>4.15 €</b></p>
        <p class="right unitPrice">31.93 € per kg</p>
    </div>
    <div class="contButton">
    <a class="button bgRed white addToCart" href="#">Add</a>
</div>
</div><div class="left product prod21"
        data-name="Sale C Isola Iodato Grosso 1kg"
        data-price="0.44"
        data-id="83567"
        data-available="yes"
        data-category="4611"
        data-bestselling="">
    <a href="https://www.spesati.com/sale-c-isola-iodato-grosso-1kg">
        <div style="background-image: url('https://cdn.spesati.com/images/products/000398557/cuore-dellisola-sale-marino-iodato-di-sardegna-grosso-1-kg-01.png')">
            <div class="hover"></div>
            
            <div class="stickers"></div>
        </div>
    </a>
    <div>
        <h4><a href="https://www.spesati.com/sale-c-isola-iodato-grosso-1kg"><b>Sale C Isola Iodato Grosso 1kg</b></a></h4>
        <p class="description">cuore dell'Isola Sale marino Iodato di Sardegna Grosso 1 kg</p>
        <p class="right price"><b>0.44 €</b></p>
        <p class="right unitPrice">0.44 € per kg</p>
    </div>
    <div class="contButton">
    <a class="button bgRed white addToCart" href="#">Add</a>
</div>
</div><div class="left product prod22"
        data-name="Sale C Isol Integ Peperonc 210"
        data-price="3.49"
        data-id="83561"
        data-available="yes"
        data-category="4611"
        data-bestselling="">
    <a href="https://www.spesati.com/sale-c-isol-integ-peperonc-210">
        <div style="background-image: url('https://cdn.spesati.com/images/products/000398555/cuore-dellisola-sale-marino-integrale-di-sardegna-con-peperoncino-210-g-01.png')">
            <div class="hover"></div>
            
            <div class="stickers"></div>
        </div>
    </a>
    <div>
        <h4><a href="https://www.spesati.com/sale-c-isol-integ-peperonc-210"><b>Sale C Isol Integ Peperonc 210</b></a></h4>
        <p class="description">cuore dell'Isola Sale marino integrale di Sardegna con Peperoncino 210 g</p>
        <p class="right price"><b>3.49 €</b></p>
        <p class="right unitPrice">16.62 € per kg</p>
    </div>
    <div class="contButton">
    <a class="button bgRed white addToCart" href="#">Add</a>
</div>
</div><div class="left product prod23"
        data-name="Sale C Isola Integr Spezie 210"
        data-price="3.49"
        data-id="83558"
        data-available="yes"
        data-category="4611"
        data-bestselling="">
    <a href="https://www.spesati.com/sale-c-isola-integr-spezie-210">
        <div style="background-image: url('https://cdn.spesati.com/images/products/000398554/cuore-dellisola-sale-marino-integrale-di-sardegna-con-mix-erbe-aromatiche-210-g-01.png')">
            <div class="hover"></div>
            
            <div class="stickers"></div>
        </div>
    </a>
    <div>
        <h4><a href="https://www.spesati.com/sale-c-isola-integr-spezie-210"><b>Sale C Isola Integr Spezie 210</b></a></h4>
        <p class="description">cuore dell'isola Sale marino integrale di Sardegna con mix erbe aromatiche 210 g</p>
        <p class="right price"><b>3.49 €</b></p>
        <p class="right unitPrice">16.62 € per kg</p>
    </div>
    <div class="contButton">
    <a class="button bgRed white addToCart" href="#">Add</a>
</div>
</div><div class="left product prod24"
        data-name="Sale C Isola Integr Rosm 210gr"
        data-price="3.49"
        data-id="83555"
        data-available="yes"
        data-category="4611"
        data-bestselling="">
    <a href="https://www.spesati.com/sale-c-isola-integr-rosm-210gr">
        <div style="background-image: url('https://cdn.spesati.com/images/products/000398552/cuore-dellisola-sale-marino-integrale-di-sardegna-con-rosmarino-210-g-01.png')">
            <div class="hover"></div>
            
            <div class="stickers"></div>
        </div>
    </a>
    <div>
        <h4><a href="https://www.spesati.com/sale-c-isola-integr-rosm-210gr"><b>Sale C Isola Integr Rosm 210gr</b></a></h4>
        <p class="description">cuore dell'isola Sale marino integrale di Sardegna con rosmarino 210 g</p>
        <p class="right price"><b>3.49 €</b></p>
        <p class="right unitPrice">16.62 € per kg</p>
    </div>
    <div class="contButton">
    <a class="button bgRed white addToCart" href="#">Add</a>
</div>
</div><div class="left product prod25"
        data-name="Aceto Mele Bio Nn Filtr 500 Ml"
        data-price="3.17"
        data-id="27102"
        data-available="yes"
        data-category="2140"
        data-bestselling="">
    <a href="https://www.spesati.com/aceto-mele-bio-nn-filtr-500-ml">
        <div style="background-image: url('https://cdn.spesati.com/images/products/000120540/monari-federzoni-gli-artigianali-aceto-di-mele-non-filtrato-bio-500-ml-01.png')">
            <div class="hover"></div>
            
            <div class="stickers"></div>
        </div>
    </a>
    <div>
        <h4><a href="https://www.spesati.com/aceto-mele-bio-nn-filtr-500-ml"><b>Aceto Mele Bio Nn Filtr 500 Ml</b></a></h4>
        <p class="description">Monari Federzoni gli Artigianali Aceto di Mele Non filtrato Bio 500 ml</p>
        <p class="right price"><b>3.17 €</b></p>
        <p class="right unitPrice">6.35 € per litre</p>
    </div>
    <div class="contButton">
    <a class="button bgRed white addToCart" href="#">Add</a>
</div>
</div><div class="left product prod26"
        data-name="Olio Olitalia Semi Mais 5lt"
        data-price="13.94"
        data-id="86381"
        data-available="yes"
        data-category="2126"
        data-bestselling="">
    <a href="https://www.spesati.com/olio-olitalia-semi-mais-5lt">
        <div style="background-image: url('https://cdn.spesati.com/images/products/000119604/olitalia-professional-olio-di-semi-di-mais-5-l-01.png')">
            <div class="hover"></div>
            
            <div class="stickers"></div>
        </div>
    </a>
    <div>
        <h4><a href="https://www.spesati.com/olio-olitalia-semi-mais-5lt"><b>Olio Olitalia Semi Mais 5lt</b></a></h4>
        <p class="description">Olitalia Professional Olio di Semi di Mais 5 L</p>
        <p class="right price"><b>13.94 €</b></p>
        <p class="right unitPrice">2.79 € per litre</p>
    </div>
    <div class="contButton">
    <a class="button bgRed white addToCart" href="#">Add</a>
</div>
</div><div class="left product prod27"
        data-name="Olio Sagra Evo Spray 200ml"
        data-price="5.15"
        data-id="83108"
        data-available="yes"
        data-category="2126"
        data-bestselling="">
    <a href="https://www.spesati.com/olio-sagra-evo-spray-200ml">
        <div style="background-image: url('https://cdn.spesati.com/images/products/000119592/sagra-classico-olio-extra-vergine-di-oliva-olio-spray-200-ml-01.png')">
            <div class="hover"></div>
            
            <div class="stickers"></div>
        </div>
    </a>
    <div>
        <h4><a href="https://www.spesati.com/olio-sagra-evo-spray-200ml"><b>Olio Sagra Evo Spray 200ml</b></a></h4>
        <p class="description">Sagra Classico Olio Extra Vergine di Oliva Olio Spray 200 ml</p>
        <p class="right price"><b>5.15 €</b></p>
        <p class="right unitPrice">25.75 € per litre</p>
    </div>
    <div class="contButton">
    <a class="button bgRed white addToCart" href="#">Add</a>
</div>
</div><div class="left product prod28"
        data-name="Sale Rosa D&a Macinino Gr190"
        data-price="6.82"
        data-id="26884"
        data-available="yes"
        data-category="4611"
        data-bestselling="">
    <a href="https://www.spesati.com/sale-rosa-da-macinino-gr190">
        <div style="background-image: url('https://cdn.spesati.com/images/products/000119307/la-drogheria-1880-sale-rosa-himalaya-190-g-01.png')">
            <div class="hover"></div>
            
            <div class="stickers"></div>
        </div>
    </a>
    <div>
        <h4><a href="https://www.spesati.com/sale-rosa-da-macinino-gr190"><b>Sale Rosa D&a Macinino Gr190</b></a></h4>
        <p class="description">La Drogheria 1880 Sale Rosa Himalaya 190 g</p>
        <p class="right price"><b>6.82 €</b></p>
        <p class="right unitPrice">35.88 € per kg</p>
    </div>
    <div class="contButton">
    <a class="button bgRed white addToCart" href="#">Add</a>
</div>
</div><div class="left product prod29"
        data-name="Sparg Sale Macciocu Fino 250gr"
        data-price="1.45"
        data-id="26592"
        data-available="yes"
        data-category="4611"
        data-bestselling="">
    <a href="https://www.spesati.com/sparg-sale-macciocu-fino-250gr">
        <div style="background-image: url('https://cdn.spesati.com/images/products/000117357/giuseppe-macciocu-sale-marino-di-sardegna-fino-226-g-01.png')">
            <div class="hover"></div>
            
            <div class="stickers"></div>
        </div>
    </a>
    <div>
        <h4><a href="https://www.spesati.com/sparg-sale-macciocu-fino-250gr"><b>Sparg Sale Macciocu Fino 250gr</b></a></h4>
        <p class="description">Giuseppe Macciocu Sale Marino di Sardegna Fino 226 g</p>
        <p class="right price"><b>1.45 €</b></p>
        <p class="right unitPrice">5.81 € per kg</p>
    </div>
    <div class="contButton">
    <a class="button bgRed white addToCart" href="#">Add</a>
</div>
</div><div class="left product prod30"
        data-name="Novosal Saliera 200gr"
        data-price="2.59"
        data-id="26370"
        data-available="yes"
        data-category="4611"
        data-bestselling="">
    <a href="https://www.spesati.com/novosal-saliera-200gr">
        <div style="background-image: url('https://cdn.spesati.com/images/products/000116100/cereal-novosal-sale-iposodico-200-g-01.png')">
            <div class="hover"></div>
            
            <div class="stickers"></div>
        </div>
    </a>
    <div>
        <h4><a href="https://www.spesati.com/novosal-saliera-200gr"><b>Novosal Saliera 200gr</b></a></h4>
        <p class="description">Céréal Novosal Sale iposodico  - 200 g</p>
        <p class="right price"><b>2.59 €</b></p>
        <p class="right unitPrice">12.96 € per kg</p>
    </div>
    <div class="contButton">
    <a class="button bgRed white addToCart" href="#">Add</a>
</div>
</div><div class="left product prod31"
        data-name="Succo Limone Gaia Bus 5mlx200p"
        data-price="22.93"
        data-id="26227"
        data-available="yes"
        data-category="2126"
        data-bestselling="">
    <a href="https://www.spesati.com/succo-limone-gaia-bus-5mlx200p">
        <div style="background-image: url('https://cdn.spesati.com/images/products/000115243/gaia-succo-di-limone-bustine-monodose-198-x-5-ml-01.png')">
            <div class="hover"></div>
            
            <div class="stickers"></div>
        </div>
    </a>
    <div>
        <h4><a href="https://www.spesati.com/succo-limone-gaia-bus-5mlx200p"><b>Succo Limone Gaia Bus 5mlx200p</b></a></h4>
        <p class="description">Gaia Succo di limone Bustine Monodose 198 x 5 ml</p>
        <p class="right price"><b>22.93 €</b></p>
        <p class="right unitPrice">22.92 € per litre</p>
    </div>
    <div class="contButton">
    <a class="button bgRed white addToCart" href="#">Add</a>
</div>
</div><div class="left product prod32"
        data-name="Aceto Bianco Bust.gaia 5mlx198"
        data-price="18.55"
        data-id="26221"
        data-available="yes"
        data-category="2140"
        data-bestselling="">
    <a href="https://www.spesati.com/aceto-bianco-bustgaia-5mlx198">
        <div style="background-image: url('https://cdn.spesati.com/images/products/000115218/gaia-aceto-di-vino-bianco-bustine-monodose-198-x-5-ml-01.png')">
            <div class="hover"></div>
            
            <div class="stickers"></div>
        </div>
    </a>
    <div>
        <h4><a href="https://www.spesati.com/aceto-bianco-bustgaia-5mlx198"><b>Aceto Bianco Bust.gaia 5mlx198</b></a></h4>
        <p class="description">Gaia Aceto di Vino Bianco Bustine Monodose 198 x 5 ml</p>
        <p class="right price"><b>18.55 €</b></p>
        <p class="right unitPrice">3.30 € per litre</p>
    </div>
    <div class="contButton">
    <a class="button bgRed white addToCart" href="#">Add</a>
</div>
</div><div class="left product prod33"
        data-name="Aceto Bals Monari Passione 250"
        data-price="7.79"
        data-id="26096"
        data-available="yes"
        data-category="2140"
        data-bestselling="">
    <a href="https://www.spesati.com/aceto-bals-monari-passione-250">
        <div style="background-image: url('https://cdn.spesati.com/images/products/000114547/monari-federzoni-aceto-balsamico-di-modena-igp-gusto-vellutato-250-ml-01.png')">
            <div class="hover"></div>
            
            <div class="stickers"></div>
        </div>
    </a>
    <div>
        <h4><a href="https://www.spesati.com/aceto-bals-monari-passione-250"><b>Aceto Bals Monari Passione 250</b></a></h4>
        <p class="description">Monari Federzoni Aceto Balsamico di Modena IGP Gusto Vellutato 250 ml</p>
        <p class="right price"><b>7.79 €</b></p>
        <p class="right unitPrice">31.16 € per litre</p>
    </div>
    <div class="contButton">
    <a class="button bgRed white addToCart" href="#">Add</a>
</div>
</div><div class="left product prod34"
        data-name="Aceto Bals Monari Bio 250 Ml"
        data-price="3.49"
        data-id="26095"
        data-available="yes"
        data-category="2140"
        data-bestselling="">
    <a href="https://www.spesati.com/aceto-bals-monari-bio-250-ml">
        <div style="background-image: url('https://cdn.spesati.com/images/products/000114544/monari-federzoni-aceto-balsamico-di-modena-igp-bio-250-ml-01.png')">
            <div class="hover"></div>
            
            <div class="stickers"></div>
        </div>
    </a>
    <div>
        <h4><a href="https://www.spesati.com/aceto-bals-monari-bio-250-ml"><b>Aceto Bals Monari Bio 250 Ml</b></a></h4>
        <p class="description">Monari Federzoni Aceto Balsamico di Modena IGP Bio 250 ml</p>
        <p class="right price"><b>3.49 €</b></p>
        <p class="right unitPrice">13.96 € per litre</p>
    </div>
    <div class="contButton">
    <a class="button bgRed white addToCart" href="#">Add</a>
</div>
</div><div class="left product prod35"
        data-name="Crema Aceto Monari Mele 250Ml"
        data-price="3.50"
        data-id="6682"
        data-available="yes"
        data-category="2140"
        data-bestselling="">
    <a href="https://www.spesati.com/crema-aceto-monari-mele-250ml">
        <div style="background-image: url('https://cdn.spesati.com/images/products/000114519/monari-federzoni-glassa-all-aceto-di-mele-italiano-250-ml-01.png')">
            <div class="hover"></div>
            
            <div class="stickers"></div>
        </div>
    </a>
    <div>
        <h4><a href="https://www.spesati.com/crema-aceto-monari-mele-250ml"><b>Crema Aceto Monari Mele 250Ml</b></a></h4>
        <p class="description">Monari Federzoni Glassa all' Aceto di Mele Italiano 250 ml</p>
        <p class="right price"><b>3.50 €</b></p>
        <p class="right unitPrice">14.00 € per litre</p>
    </div>
    <div class="contButton">
    <a class="button bgRed white addToCart" href="#">Add</a>
</div>
</div><div class="left product prod36"
        data-name="Monari Aceto Balsamico Spray"
        data-price="4.25"
        data-id="3774"
        data-available="yes"
        data-category="2140"
        data-bestselling="">
    <a href="https://www.spesati.com/monari-aceto-balsamico-spray">
        <div style="background-image: url('https://cdn.spesati.com/images/products/000114502/monari-federzoni-aceto-balsamico-di-modena-igp-gusto-rotondo-250-ml-01.png')">
            <div class="hover"></div>
            
            <div class="stickers"></div>
        </div>
    </a>
    <div>
        <h4><a href="https://www.spesati.com/monari-aceto-balsamico-spray"><b>Monari Aceto Balsamico Spray</b></a></h4>
        <p class="description">Monari Federzoni Aceto Balsamico di Modena IGP Gusto Rotondo 250 ml</p>
        <p class="right price"><b>4.25 €</b></p>
        <p class="right unitPrice">17.01 € per litre</p>
    </div>
    <div class="contButton">
    <a class="button bgRed white addToCart" href="#">Add</a>
</div>
</div><div class="left product prod37"
        data-name="Aceto Bals Monari Sint Igp 500"
        data-price="3.85"
        data-id="68319"
        data-available="yes"
        data-category="2140"
        data-bestselling="">
    <a href="https://www.spesati.com/aceto-bals-monari-sint-igp-500">
        <div style="background-image: url('https://cdn.spesati.com/images/products/000114501/monari-federzoni-aceto-balsamico-di-modena-igp-gusto-rotondo-500-ml-01.png')">
            <div class="hover"></div>
            
            <div class="stickers"></div>
        </div>
    </a>
    <div>
        <h4><a href="https://www.spesati.com/aceto-bals-monari-sint-igp-500"><b>Aceto Bals Monari Sint Igp 500</b></a></h4>
        <p class="description">Monari Federzoni Aceto Balsamico di Modena IGP Gusto Rotondo 500 ml</p>
        <p class="right price"><b>3.85 €</b></p>
        <p class="right unitPrice">7.70 € per litre</p>
    </div>
    <div class="contButton">
    <a class="button bgRed white addToCart" href="#">Add</a>
</div>
</div><div class="left product prod38"
        data-name="Aceto Bals Monari Et Nera 500m"
        data-price="2.79"
        data-id="26089"
        data-available="yes"
        data-category="2140"
        data-bestselling="">
    <a href="https://www.spesati.com/aceto-bals-monari-et-nera-500m">
        <div style="background-image: url('https://cdn.spesati.com/images/products/000114500/monari-federzoni-aceto-balsamico-di-modena-igp-gusto-vivace-500-ml-01.png')">
            <div class="hover"></div>
            
            <div class="stickers"></div>
        </div>
    </a>
    <div>
        <h4><a href="https://www.spesati.com/aceto-bals-monari-et-nera-500m"><b>Aceto Bals Monari Et Nera 500m</b></a></h4>
        <p class="description">Monari Federzoni Aceto Balsamico di Modena IGP Gusto Vivace 500 ml</p>
        <p class="right price"><b>2.79 €</b></p>
        <p class="right unitPrice">5.58 € per litre</p>
    </div>
    <div class="contButton">
    <a class="button bgRed white addToCart" href="#">Add</a>
</div>
</div><div class="left product prod39"
        data-name="Aceto Ponti Di Mele 500Ml"
        data-price="2.59"
        data-id="6493"
        data-available="yes"
        data-category="2140"
        data-bestselling="4">
    <a href="https://www.spesati.com/aceto-ponti-di-mele-500ml">
        <div style="background-image: url('https://cdn.spesati.com/images/products/000114090/ponti-aceto-di-mele-100-italiane-500-ml-01.png')">
            <div class="hover"></div>
            <p class="arrow bgRed white">Best Seller</p>
            <div class="stickers"></div>
        </div>
    </a>
    <div>
        <h4><a href="https://www.spesati.com/aceto-ponti-di-mele-500ml"><b>Aceto Ponti Di Mele 500Ml</b></a></h4>
        <p class="description">Ponti Aceto di Mele 100% Italiane 500 ml</p>
        <p class="right price"><b>2.59 €</b></p>
        <p class="right unitPrice">5.19 € per litre</p>
    </div>
    <div class="contButton">
    <a class="button bgRed white addToCart" href="#">Add</a>
</div>
</div><div class="left product prod40"
        data-name="Aceto Ponti Dolceagro Bia 500m"
        data-price="3.29"
        data-id="26025"
        data-available="yes"
        data-category="2140"
        data-bestselling="">
    <a href="https://www.spesati.com/aceto-ponti-dolceagro-bia-500m">
        <div style="background-image: url('https://cdn.spesati.com/images/products/000114088/ponti-dolceagro-il-delicato-500-ml-01.png')">
            <div class="hover"></div>
            
            <div class="stickers"></div>
        </div>
    </a>
    <div>
        <h4><a href="https://www.spesati.com/aceto-ponti-dolceagro-bia-500m"><b>Aceto Ponti Dolceagro Bia 500m</b></a></h4>
        <p class="description">Ponti DolceAgro il Delicato 500 ml</p>
        <p class="right price"><b>3.29 €</b></p>
        <p class="right unitPrice">6.58 € per litre</p>
    </div>
    <div class="contButton">
    <a class="button bgRed white addToCart" href="#">Add</a>
</div>
</div><div class="left product prod41"
        data-name="Aceto Bianco Ponti 500ml"
        data-price="1.18"
        data-id="26024"
        data-available="yes"
        data-category="2140"
        data-bestselling="">
    <a href="https://www.spesati.com/aceto-bianco-ponti-500ml">
        <div style="background-image: url('https://cdn.spesati.com/images/products/000114086/ponti-aceto-di-vino-bianco-500-ml-01.png')">
            <div class="hover"></div>
            
            <div class="stickers"></div>
        </div>
    </a>
    <div>
        <h4><a href="https://www.spesati.com/aceto-bianco-ponti-500ml"><b>Aceto Bianco Ponti 500ml</b></a></h4>
        <p class="description">Ponti Aceto di Vino Bianco 500 ml</p>
        <p class="right price"><b>1.18 €</b></p>
        <p class="right unitPrice">2.37 € per litre</p>
    </div>
    <div class="contButton">
    <a class="button bgRed white addToCart" href="#">Add</a>
</div>
</div><div class="left product prod42"
        data-name="Ponti Aceto Bianco Pet Lt 1"
        data-price="1.35"
        data-id="5459"
        data-available="yes"
        data-category="2140"
        data-bestselling="">
    <a href="https://www.spesati.com/ponti-aceto-bianco-pet-lt-1">
        <div style="background-image: url('https://cdn.spesati.com/images/products/000114080/ponti-aceto-di-vino-bianco-1-l-01.png')">
            <div class="hover"></div>
            
            <div class="stickers"></div>
        </div>
    </a>
    <div>
        <h4><a href="https://www.spesati.com/ponti-aceto-bianco-pet-lt-1"><b>Ponti Aceto Bianco Pet Lt 1</b></a></h4>
        <p class="description">Ponti Aceto di Vino Bianco 1 l</p>
        <p class="right price"><b>1.35 €</b></p>
        <p class="right unitPrice">1.35 € per litre</p>
    </div>
    <div class="contButton">
    <a class="button bgRed white addToCart" href="#">Add</a>
</div>
</div><div class="left product prod43"
        data-name="Aceto Balsamico Ponti Etichetta Rossa 250Ml"
        data-price="3.71"
        data-id="6507"
        data-available="yes"
        data-category="2140"
        data-bestselling="">
    <a href="https://www.spesati.com/aceto-balsamico-ponti-etichetta-rossa-250ml">
        <div style="background-image: url('https://cdn.spesati.com/images/products/000114071/ponti-aceto-balsamico-di-modena-igp-250-ml-01.png')">
            <div class="hover"></div>
            
            <div class="stickers"></div>
        </div>
    </a>
    <div>
        <h4><a href="https://www.spesati.com/aceto-balsamico-ponti-etichetta-rossa-250ml"><b>Aceto Balsamico Ponti Etichetta Rossa 250Ml</b></a></h4>
        <p class="description">Ponti Aceto Balsamico di Modena I.G.P. 250 ml</p>
        <p class="right price"><b>3.71 €</b></p>
        <p class="right unitPrice">14.86 € per litre</p>
    </div>
    <div class="contButton">
    <a class="button bgRed white addToCart" href="#">Add</a>
</div>
</div><div class="left product prod44"
        data-name="Aceto Balsamico Ponti 500ml"
        data-price="3.25"
        data-id="22915"
        data-available="yes"
        data-category="2140"
        data-bestselling="">
    <a href="https://www.spesati.com/aceto-balsamico-ponti-500ml">
        <div style="background-image: url('https://cdn.spesati.com/images/products/000114070/ponti-aceto-balsamico-di-modena-igp-500-ml-01.png')">
            <div class="hover"></div>
            
            <div class="stickers"></div>
        </div>
    </a>
    <div>
        <h4><a href="https://www.spesati.com/aceto-balsamico-ponti-500ml"><b>Aceto Balsamico Ponti 500ml</b></a></h4>
        <p class="description">Ponti Aceto Balsamico di Modena I.G.P. 500 ml</p>
        <p class="right price"><b>3.25 €</b></p>
        <p class="right unitPrice">6.50 € per litre</p>
    </div>
    <div class="contButton">
    <a class="button bgRed white addToCart" href="#">Add</a>
</div>
</div><div class="left product prod45"
        data-name="Sale Rosa Himalaya D&a 815gr"
        data-price="9.19"
        data-id="25422"
        data-available="yes"
        data-category="4611"
        data-bestselling="">
    <a href="https://www.spesati.com/sale-rosa-himalaya-da-815gr">
        <div style="background-image: url('https://cdn.spesati.com/images/products/000108936/drogheria-alimentari-sale-rosa-815-g-01.png')">
            <div class="hover"></div>
            
            <div class="stickers"></div>
        </div>
    </a>
    <div>
        <h4><a href="https://www.spesati.com/sale-rosa-himalaya-da-815gr"><b>Sale Rosa Himalaya D&a 815gr</b></a></h4>
        <p class="description">Drogheria & Alimentari Sale Rosa 815 g</p>
        <p class="right price"><b>9.19 €</b></p>
        <p class="right unitPrice">11.27 € per kg</p>
    </div>
    <div class="contButton">
    <a class="button bgRed white addToCart" href="#">Add</a>
</div>
</div><div class="left product prod46"
        data-name="Sale Rosa Cannamela Himalaya"
        data-price="2.88"
        data-id="3637"
        data-available="yes"
        data-category="4611"
        data-bestselling="">
    <a href="https://www.spesati.com/sale-rosa-cannamela-himalaya">
        <div style="background-image: url('https://cdn.spesati.com/images/products/000108694/cannamela-sale-rosa-dellhimalaya-tappo-macina-60-g-01.png')">
            <div class="hover"></div>
            
            <div class="stickers"></div>
        </div>
    </a>
    <div>
        <h4><a href="https://www.spesati.com/sale-rosa-cannamela-himalaya"><b>Sale Rosa Cannamela Himalaya</b></a></h4>
        <p class="description">Cannamela Sale Rosa dell'Himalaya Tappo Macina 60 g</p>
        <p class="right price"><b>2.88 €</b></p>
        <p class="right unitPrice">47.94 € per kg</p>
    </div>
    <div class="contButton">
    <a class="button bgRed white addToCart" href="#">Add</a>
</div>
</div><div class="left product prod47"
        data-name="Sale Grigio Cannamela Bretagna 47Gr"
        data-price="2.88"
        data-id="6181"
        data-available="yes"
        data-category="4611"
        data-bestselling="">
    <a href="https://www.spesati.com/sale-grigio-cannamela-bretagna-47gr">
        <div style="background-image: url('https://cdn.spesati.com/images/products/000108693/cannamela-sale-grigio-di-bretagna-tappo-macina-47-g-01.png')">
            <div class="hover"></div>
            
            <div class="stickers"></div>
        </div>
    </a>
    <div>
        <h4><a href="https://www.spesati.com/sale-grigio-cannamela-bretagna-47gr"><b>Sale Grigio Cannamela Bretagna 47Gr</b></a></h4>
        <p class="description">Cannamela Sale Grigio di Bretagna Tappo Macina 47 g</p>
        <p class="right price"><b>2.88 €</b></p>
        <p class="right unitPrice">61.20 € per kg</p>
    </div>
    <div class="contButton">
    <a class="button bgRed white addToCart" href="#">Add</a>
</div>
</div><div class="left product prod48"
        data-name="Fiocchi Di Sale Nero Cipro Drogheria & Alimentari 750Cc"
        data-price="13.16"
        data-id="6013"
        data-available="yes"
        data-category="4611"
        data-bestselling="">
    <a href="https://www.spesati.com/fiocchi-di-sale-nero-cipro-drogheria-alimentari-750cc">
        <div style="background-image: url('https://cdn.spesati.com/images/products/000108609/drogheria-alimentari-fiocchi-di-sale-nero-di-cipro-415-g-01.png')">
            <div class="hover"></div>
            
            <div class="stickers"></div>
        </div>
    </a>
    <div>
        <h4><a href="https://www.spesati.com/fiocchi-di-sale-nero-cipro-drogheria-alimentari-750cc"><b>Fiocchi Di Sale Nero Cipro Drogheria & Alimentari 750Cc</b></a></h4>
        <p class="description">Drogheria & Alimentari Fiocchi di Sale Nero di Cipro 415 g</p>
        <p class="right price"><b>13.16 €</b></p>
        <p class="right unitPrice">31.71 € per kg</p>
    </div>
    <div class="contButton">
    <a class="button bgRed white addToCart" href="#">Add</a>
</div>
</div><div class="left product prod49"
        data-name="Fiocchi Sale Piramidale Maldon 250Gr"
        data-price="8.82"
        data-id="6030"
        data-available="yes"
        data-category="4611"
        data-bestselling="">
    <a href="https://www.spesati.com/fiocchi-sale-piramidale-maldon-250gr">
        <div style="background-image: url('https://cdn.spesati.com/images/products/000108583/maldon-cristalli-di-sale-marino-250-g-01.png')">
            <div class="hover"></div>
            
            <div class="stickers"></div>
        </div>
    </a>
    <div>
        <h4><a href="https://www.spesati.com/fiocchi-sale-piramidale-maldon-250gr"><b>Fiocchi Sale Piramidale Maldon 250Gr</b></a></h4>
        <p class="description">Maldon Cristalli di Sale Marino 250 g</p>
        <p class="right price"><b>8.82 €</b></p>
        <p class="right unitPrice">35.29 € per kg</p>
    </div>
    <div class="contButton">
    <a class="button bgRed white addToCart" href="#">Add</a>
</div>
</div><div class="left product prod50"
        data-name="Sale Iodato D&a Macinino Gr90"
        data-price="2.32"
        data-id="25168"
        data-available="yes"
        data-category="4611"
        data-bestselling="">
    <a href="https://www.spesati.com/sale-iodato-da-macinino-gr90">
        <div style="background-image: url('https://cdn.spesati.com/images/products/000108180/la-drogheria-1880-sale-iodato-marino-90-g-01.png')">
            <div class="hover"></div>
            
            <div class="stickers"></div>
        </div>
    </a>
    <div>
        <h4><a href="https://www.spesati.com/sale-iodato-da-macinino-gr90"><b>Sale Iodato D&a Macinino Gr90</b></a></h4>
        <p class="description">La Drogheria 1880 Sale Iodato Marino 90 g</p>
        <p class="right price"><b>2.32 €</b></p>
        <p class="right unitPrice">25.83 € per kg</p>
    </div>
    <div class="contButton">
    <a class="button bgRed white addToCart" href="#">Add</a>
</div>
</div><div class="left product prod51"
        data-name="Olio Friggibene Carapelli 1Lt"
        data-price="5.63"
        data-id="6801"
        data-available="yes"
        data-category="2126"
        data-bestselling="">
    <a href="https://www.spesati.com/olio-friggibene-carapelli-1lt">
        <div style="background-image: url('https://cdn.spesati.com/images/products/000102470/giglio-oro-friggibene-1-l-01.png')">
            <div class="hover"></div>
            
            <div class="stickers"></div>
        </div>
    </a>
    <div>
        <h4><a href="https://www.spesati.com/olio-friggibene-carapelli-1lt"><b>Olio Friggibene Carapelli 1Lt</b></a></h4>
        <p class="description">Giglio Oro Friggibene 1 L</p>
        <p class="right price"><b>5.63 €</b></p>
        <p class="right unitPrice">5.63 € per litre</p>
    </div>
    <div class="contButton">
    <a class="button bgRed white addToCart" href="#">Add</a>
</div>
</div><div class="left product prod52"
        data-name="Olio Extv Oliva Olitalia 1lt"
        data-price="12.88"
        data-id="66909"
        data-available="yes"
        data-category="2126"
        data-bestselling="">
    <a href="https://www.spesati.com/olio-extv-oliva-olitalia-1lt">
        <div style="background-image: url('https://cdn.spesati.com/images/products/000102378/olitalia-olio-extra-vergine-di-oliva-classico-1-l-01.png')">
            <div class="hover"></div>
            
            <div class="stickers"></div>
        </div>
    </a>
    <div>
        <h4><a href="https://www.spesati.com/olio-extv-oliva-olitalia-1lt"><b>Olio Extv Oliva Olitalia 1lt</b></a></h4>
        <p class="description">Olitalia olio extra vergine di oliva Classico 1 L</p>
        <p class="right price"><b>12.88 €</b></p>
        <p class="right unitPrice">12.89 € per litre</p>
    </div>
    <div class="contButton">
    <a class="button bgRed white addToCart" href="#">Add</a>
</div>
</div><div class="left product prod53"
        data-name="Olio Extra Vergine Oliva Dante 750 Ml"
        data-price="8.99"
        data-id="5798"
        data-available="yes"
        data-category="2126"
        data-bestselling="">
    <a href="https://www.spesati.com/olio-extra-vergine-oliva-dante-750-ml">
        <div style="background-image: url('https://cdn.spesati.com/images/products/000102377/dante-olio-extravergine-di-oliva-terre-antiche-750-ml-01.png')">
            <div class="hover"></div>
            
            <div class="stickers"></div>
        </div>
    </a>
    <div>
        <h4><a href="https://www.spesati.com/olio-extra-vergine-oliva-dante-750-ml"><b>Olio Extra Vergine Oliva Dante 750 Ml</b></a></h4>
        <p class="description">Dante Olio Extravergine di Oliva Terre Antiche 750 ml</p>
        <p class="right price"><b>8.99 €</b></p>
        <p class="right unitPrice">11.99 € per litre</p>
    </div>
    <div class="contButton">
    <a class="button bgRed white addToCart" href="#">Add</a>
</div>
</div><div class="left product prod54"
        data-name="Olio Olita Frittura 1l"
        data-price="4.49"
        data-id="24460"
        data-available="yes"
        data-category="2126"
        data-bestselling="">
    <a href="https://www.spesati.com/olio-olita-frittura-1l">
        <div style="background-image: url('https://cdn.spesati.com/images/products/000102376/olita-frittura-croccante-1-l-01.png')">
            <div class="hover"></div>
            
            <div class="stickers"></div>
        </div>
    </a>
    <div>
        <h4><a href="https://www.spesati.com/olio-olita-frittura-1l"><b>Olio Olita Frittura 1l</b></a></h4>
        <p class="description">Olita Frittura Croccante 1 L</p>
        <p class="right price"><b>4.49 €</b></p>
        <p class="right unitPrice">4.49 € per litre</p>
    </div>
    <div class="contButton">
    <a class="button bgRed white addToCart" href="#">Add</a>
</div>
</div><div class="left product prod55"
        data-name="Cuore Sale Iposodico"
        data-price="2.69"
        data-id="3054"
        data-available="yes"
        data-category="4611"
        data-bestselling="">
    <a href="https://www.spesati.com/cuore-sale-iposodico">
        <div style="background-image: url('https://cdn.spesati.com/images/products/000102363/cuore-sale-iposodico-iodato-180-g-01.png')">
            <div class="hover"></div>
            
            <div class="stickers"></div>
        </div>
    </a>
    <div>
        <h4><a href="https://www.spesati.com/cuore-sale-iposodico"><b>Cuore Sale Iposodico</b></a></h4>
        <p class="description">Cuore sale iposodico iodato 180 g</p>
        <p class="right price"><b>2.69 €</b></p>
        <p class="right unitPrice">14.94 € per kg</p>
    </div>
    <div class="contButton">
    <a class="button bgRed white addToCart" href="#">Add</a>
</div>
</div><div class="left product prod56"
        data-name="Olio Mais Cuore Lattina"
        data-price="6.99"
        data-id="2956"
        data-available="yes"
        data-category="2126"
        data-bestselling="">
    <a href="https://www.spesati.com/olio-mais-cuore-lattina">
        <div style="background-image: url('https://cdn.spesati.com/images/products/000102362/cuore-olio-di-mais-1-litro-01.png')">
            <div class="hover"></div>
            
            <div class="stickers"></div>
        </div>
    </a>
    <div>
        <h4><a href="https://www.spesati.com/olio-mais-cuore-lattina"><b>Olio Mais Cuore Lattina</b></a></h4>
        <p class="description">Cuore olio di mais 1 Litro</p>
        <p class="right price"><b>6.99 €</b></p>
        <p class="right unitPrice">6.99 € per litre</p>
    </div>
    <div class="contButton">
    <a class="button bgRed white addToCart" href="#">Add</a>
</div>
</div><div class="left product prod57"
        data-name="Olio Friol 25lt"
        data-price="134.19"
        data-id="24455"
        data-available="yes"
        data-category="2126"
        data-bestselling="">
    <a href="https://www.spesati.com/olio-friol-25lt">
        <div style="background-image: url('https://cdn.spesati.com/images/products/000102236/friol-25-l-01.png')">
            <div class="hover"></div>
            
            <div class="stickers"></div>
        </div>
    </a>
    <div>
        <h4><a href="https://www.spesati.com/olio-friol-25lt"><b>Olio Friol 25lt</b></a></h4>
        <p class="description">Friol 25 L</p>
        <p class="right price"><b>134.19 €</b></p>
        <p class="right unitPrice">5.37 € per litre</p>
    </div>
    <div class="contButton">
    <a class="button bgRed white addToCart" href="#">Add</a>
</div>
</div><div class="left product prod58"
        data-name="Olio Friol 1Lt"
        data-price="3.99"
        data-id="6800"
        data-available="yes"
        data-category="2126"
        data-bestselling="">
    <a href="https://www.spesati.com/olio-friol-1lt">
        <div style="background-image: url('https://cdn.spesati.com/images/products/000102235/friol-1-l-01.png')">
            <div class="hover"></div>
            
            <div class="stickers"></div>
        </div>
    </a>
    <div>
        <h4><a href="https://www.spesati.com/olio-friol-1lt"><b>Olio Friol 1Lt</b></a></h4>
        <p class="description">Friol 1 l</p>
        <p class="right price"><b>3.99 €</b></p>
        <p class="right unitPrice">3.99 € per litre</p>
    </div>
    <div class="contButton">
    <a class="button bgRed white addToCart" href="#">Add</a>
</div>
</div><div class="left product prod59"
        data-name="Olio Friol 5 Lt"
        data-price="26.33"
        data-id="24454"
        data-available="yes"
        data-category="2126"
        data-bestselling="">
    <a href="https://www.spesati.com/olio-friol-5-lt">
        <div style="background-image: url('https://cdn.spesati.com/images/products/000102231/friol-formula-palma-5l-01.png')">
            <div class="hover"></div>
            
            <div class="stickers"></div>
        </div>
    </a>
    <div>
        <h4><a href="https://www.spesati.com/olio-friol-5-lt"><b>Olio Friol 5 Lt</b></a></h4>
        <p class="description">Friol formula palma 5l</p>
        <p class="right price"><b>26.33 €</b></p>
        <p class="right unitPrice">5.26 € per litre</p>
    </div>
    <div class="contButton">
    <a class="button bgRed white addToCart" href="#">Add</a>
</div>
</div><div class="left product prod60"
        data-name="Olio Zeta Palma Bifrazion 10lt"
        data-price="34.69"
        data-id="24449"
        data-available="yes"
        data-category="2126"
        data-bestselling="">
    <a href="https://www.spesati.com/olio-zeta-palma-bifrazion-10lt">
        <div style="background-image: url('https://cdn.spesati.com/images/products/000102159/zeta-olio-di-palma-bifrazionato-per-friggere-10l-01.png')">
            <div class="hover"></div>
            
            <div class="stickers"></div>
        </div>
    </a>
    <div>
        <h4><a href="https://www.spesati.com/olio-zeta-palma-bifrazion-10lt"><b>Olio Zeta Palma Bifrazion 10lt</b></a></h4>
        <p class="description">Zeta Olio di Palma Bifrazionato per Friggere 10L</p>
        <p class="right price"><b>34.69 €</b></p>
        <p class="right unitPrice">3.47 € per litre</p>
    </div>
    <div class="contButton">
    <a class="button bgRed white addToCart" href="#">Add</a>
</div>
</div><div class="left product prod61"
        data-name="Olio Extravergine Oliva Orfeo 5Lt"
        data-price="72.68"
        data-id="6036"
        data-available="yes"
        data-category="2126"
        data-bestselling="">
    <a href="https://www.spesati.com/olio-extravergine-oliva-orfeo-5lt">
        <div style="background-image: url('https://cdn.spesati.com/images/products/000102157/orfeo-olio-extra-vergine-di-oliva-5-l-01.png')">
            <div class="hover"></div>
            
            <div class="stickers"></div>
        </div>
    </a>
    <div>
        <h4><a href="https://www.spesati.com/olio-extravergine-oliva-orfeo-5lt"><b>Olio Extravergine Oliva Orfeo 5Lt</b></a></h4>
        <p class="description">Orfeo Olio Extra Vergine di oliva 5 L</p>
        <p class="right price"><b>72.68 €</b></p>
        <p class="right unitPrice">14.54 € per litre</p>
    </div>
    <div class="contButton">
    <a class="button bgRed white addToCart" href="#">Add</a>
</div>
</div><div class="left product prod62"
        data-name="Olio extravergine oliva zucchi peperoncino 250ml"
        data-price="4.80"
        data-id="5154"
        data-available="yes"
        data-category="2126"
        data-bestselling="">
    <a href="https://www.spesati.com/olio-extravergine-oliva-zucchi-peperoncino-250ml">
        <div style="background-image: url('https://cdn.spesati.com/images/products/000102153/zucchi-condimento-a-base-di-olio-extra-vergine-di-oliva-aromatizzato-al-peperoncino-250-ml-01.png')">
            <div class="hover"></div>
            
            <div class="stickers"></div>
        </div>
    </a>
    <div>
        <h4><a href="https://www.spesati.com/olio-extravergine-oliva-zucchi-peperoncino-250ml"><b>Olio extravergine oliva zucchi peperoncino 250ml</b></a></h4>
        <p class="description">Zucchi Condimento a base di Olio Extra Vergine di Oliva aromatizzato al Peperoncino 250 ml</p>
        <p class="right price"><b>4.80 €</b></p>
        <p class="right unitPrice">19.22 € per litre</p>
    </div>
    <div class="contButton">
    <a class="button bgRed white addToCart" href="#">Add</a>
</div>
</div><div class="left product prod63"
        data-name="Olio extravergine oliva zucchi aglio 250ml"
        data-price="4.80"
        data-id="5156"
        data-available="yes"
        data-category="2126"
        data-bestselling="">
    <a href="https://www.spesati.com/olio-extravergine-oliva-zucchi-aglio-250ml">
        <div style="background-image: url('https://cdn.spesati.com/images/products/000102151/zucchi-condimento-a-base-di-olio-extra-vergine-di-oliva-aromatizzato-allaglio-250-ml-01.png')">
            <div class="hover"></div>
            
            <div class="stickers"></div>
        </div>
    </a>
    <div>
        <h4><a href="https://www.spesati.com/olio-extravergine-oliva-zucchi-aglio-250ml"><b>Olio extravergine oliva zucchi aglio 250ml</b></a></h4>
        <p class="description">Zucchi Condimento a base di Olio Extra Vergine di Oliva aromatizzato all'Aglio 250 ml</p>
        <p class="right price"><b>4.80 €</b></p>
        <p class="right unitPrice">19.22 € per litre</p>
    </div>
    <div class="contButton">
    <a class="button bgRed white addToCart" href="#">Add</a>
</div>
</div><div class="left product prod64"
        data-name="Olio extravergine oliva zucchi tartufo 250ml"
        data-price="6.03"
        data-id="5155"
        data-available="yes"
        data-category="2126"
        data-bestselling="">
    <a href="https://www.spesati.com/olio-extravergine-oliva-zucchi-tartufo-250ml">
        <div style="background-image: url('https://cdn.spesati.com/images/products/000102149/zucchi-condimento-a-base-di-olio-extra-vergine-di-oliva-aromatizzato-al-tartufo-250-ml-01.png')">
            <div class="hover"></div>
            
            <div class="stickers"></div>
        </div>
    </a>
    <div>
        <h4><a href="https://www.spesati.com/olio-extravergine-oliva-zucchi-tartufo-250ml"><b>Olio extravergine oliva zucchi tartufo 250ml</b></a></h4>
        <p class="description">Zucchi Condimento a base di Olio Extra Vergine di Oliva aromatizzato al Tartufo 250 ml</p>
        <p class="right price"><b>6.03 €</b></p>
        <p class="right unitPrice">24.10 € per litre</p>
    </div>
    <div class="contButton">
    <a class="button bgRed white addToCart" href="#">Add</a>
</div>
</div><div class="left product prod65"
        data-name="Olio Sansa Oliva Secchi 1 Lt"
        data-price="6.99"
        data-id="6806"
        data-available="yes"
        data-category="2126"
        data-bestselling="7">
    <a href="https://www.spesati.com/olio-sansa-oliva-secchi-1-lt">
        <div style="background-image: url('https://cdn.spesati.com/images/products/000102132/oleificio-secchi-olio-di-sansa-di-oliva-1-l-01.png')">
            <div class="hover"></div>
            <p class="arrow bgRed white">Best Seller</p>
            <div class="stickers"></div>
        </div>
    </a>
    <div>
        <h4><a href="https://www.spesati.com/olio-sansa-oliva-secchi-1-lt"><b>Olio Sansa Oliva Secchi 1 Lt</b></a></h4>
        <p class="description">Oleificio Secchi Olio di Sansa di Oliva 1 l</p>
        <p class="right price"><b>6.99 €</b></p>
        <p class="right unitPrice">6.99 € per litre</p>
    </div>
    <div class="contButton">
    <a class="button bgRed white addToCart" href="#">Add</a>
</div>
</div><div class="left product prod66"
        data-name="Olio Extravergine Di Oliva Secchi 50Cl"
        data-price="7.09"
        data-id="5785"
        data-available="yes"
        data-category="2126"
        data-bestselling="2">
    <a href="https://www.spesati.com/olio-extravergine-di-oliva-secchi-50cl">
        <div style="background-image: url('https://cdn.spesati.com/images/products/000102119/oleificio-secchi-olio-extra-vergine-di-oliva-0500-l-01.png')">
            <div class="hover"></div>
            <p class="arrow bgRed white">Best Seller</p>
            <div class="stickers"></div>
        </div>
    </a>
    <div>
        <h4><a href="https://www.spesati.com/olio-extravergine-di-oliva-secchi-50cl"><b>Olio Extravergine Di Oliva Secchi 50Cl</b></a></h4>
        <p class="description">Oleificio Secchi Olio Extra Vergine di Oliva 0,500 l</p>
        <p class="right price"><b>7.09 €</b></p>
        <p class="right unitPrice">14.18 € per litre</p>
    </div>
    <div class="contButton">
    <a class="button bgRed white addToCart" href="#">Add</a>
</div>
</div><div class="left product prod67"
        data-name="Olio Extr Accadem Frutt Dop 75"
        data-price="16.50"
        data-id="24437"
        data-available="yes"
        data-category="2126"
        data-bestselling="">
    <a href="https://www.spesati.com/olio-extr-accadem-frutt-dop-75">
        <div style="background-image: url('https://cdn.spesati.com/images/products/000102107/accademia-olearia-olio-extravergine-di-oliva-sardegna-dop-fruttato-verde-750-ml-01.png')">
            <div class="hover"></div>
            
            <div class="stickers"></div>
        </div>
    </a>
    <div>
        <h4><a href="https://www.spesati.com/olio-extr-accadem-frutt-dop-75"><b>Olio Extr Accadem Frutt Dop 75</b></a></h4>
        <p class="description">Accademia Olearia Olio Extravergine di Oliva Sardegna DOP Fruttato Verde 750 ml</p>
        <p class="right price"><b>16.50 €</b></p>
        <p class="right unitPrice">22.00 € per litre</p>
    </div>
    <div class="contButton">
    <a class="button bgRed white addToCart" href="#">Add</a>
</div>
</div><div class="left product prod68"
        data-name="Olio Extravergine San Giuliano 100% olive italiane 1 Lt"
        data-price="12.50"
        data-id="4886"
        data-available="yes"
        data-category="2126"
        data-bestselling="1">
    <a href="https://www.spesati.com/olio-extravergine-san-giuliano-100-olive-italiane-1-lt">
        <div style="background-image: url('https://cdn.spesati.com/images/products/000102105/san-giuliano-alghero-olio-extravergine-di-oliva-loriginale-1-litri-01.png')">
            <div class="hover"></div>
            <p class="arrow bgRed white">Best Seller</p>
            <div class="stickers"></div>
        </div>
    </a>
    <div>
        <h4><a href="https://www.spesati.com/olio-extravergine-san-giuliano-100-olive-italiane-1-lt"><b>Olio Extravergine San Giuliano 100% olive italiane 1 Lt</b></a></h4>
        <p class="description">San Giuliano Alghero Olio Extravergine di Oliva l'Originale 1 Litri</p>
        <p class="right price"><b>12.50 €</b></p>
        <p class="right unitPrice">12.50 € per litre</p>
    </div>
    <div class="contButton">
    <a class="button bgRed white addToCart" href="#">Add</a>
</div>
</div><div class="left product prod69"
        data-name="Olio Evo Accadem Frutt Dop 25c"
        data-price="9.83"
        data-id="24436"
        data-available="yes"
        data-category="2126"
        data-bestselling="">
    <a href="https://www.spesati.com/olio-evo-accadem-frutt-dop-25c">
        <div style="background-image: url('https://cdn.spesati.com/images/products/000102104/accademia-olearia-olio-extravergine-di-oliva-sardegna-dop-fruttato-verde-250-ml-01.png')">
            <div class="hover"></div>
            
            <div class="stickers"></div>
        </div>
    </a>
    <div>
        <h4><a href="https://www.spesati.com/olio-evo-accadem-frutt-dop-25c"><b>Olio Evo Accadem Frutt Dop 25c</b></a></h4>
        <p class="description">Accademia Olearia Olio Extravergine di Oliva Sardegna DOP Fruttato Verde 250 ML</p>
        <p class="right price"><b>9.83 €</b></p>
        <p class="right unitPrice">39.32 € per litre</p>
    </div>
    <div class="contButton">
    <a class="button bgRed white addToCart" href="#">Add</a>
</div>
</div><div class="left product prod70"
        data-name="Olio Extrav Accad Frutt 75cl"
        data-price="12.90"
        data-id="24435"
        data-available="yes"
        data-category="2126"
        data-bestselling="">
    <a href="https://www.spesati.com/olio-extrav-accad-frutt-75cl">
        <div style="background-image: url('https://cdn.spesati.com/images/products/000102103/accademia-olearia-il-tradizionale-olio-extravergine-di-oliva-fruttato-medio-750-ml-01.png')">
            <div class="hover"></div>
            
            <div class="stickers"></div>
        </div>
    </a>
    <div>
        <h4><a href="https://www.spesati.com/olio-extrav-accad-frutt-75cl"><b>Olio Extrav Accad Frutt 75cl</b></a></h4>
        <p class="description">Accademia Olearia il Tradizionale Olio Extravergine di Oliva Fruttato Medio 750 ML</p>
        <p class="right price"><b>12.90 €</b></p>
        <p class="right unitPrice">17.20 € per litre</p>
    </div>
    <div class="contButton">
    <a class="button bgRed white addToCart" href="#">Add</a>
</div>
</div><div class="left product prod71"
        data-name="Olio Extrav Accadem Frutt 25cl"
        data-price="8.44"
        data-id="24433"
        data-available="yes"
        data-category="2126"
        data-bestselling="">
    <a href="https://www.spesati.com/olio-extrav-accadem-frutt-25cl">
        <div style="background-image: url('https://cdn.spesati.com/images/products/000102101/accademia-olearia-il-tradizionale-olio-extravergine-di-oliva-fruttato-medio-250-ml-01.png')">
            <div class="hover"></div>
            
            <div class="stickers"></div>
        </div>
    </a>
    <div>
        <h4><a href="https://www.spesati.com/olio-extrav-accadem-frutt-25cl"><b>Olio Extrav Accadem Frutt 25cl</b></a></h4>
        <p class="description">Accademia Olearia il Tradizionale Olio Extravergine di Oliva Fruttato Medio 250 ml</p>
        <p class="right price"><b>8.44 €</b></p>
        <p class="right unitPrice">33.78 € per litre</p>
    </div>
    <div class="contButton">
    <a class="button bgRed white addToCart" href="#">Add</a>
</div>
</div><div class="left product prod72"
        data-name="Olio Extravergine De Santis Terre Fertili 750 ml"
        data-price="8.29"
        data-id="2952"
        data-available="yes"
        data-category="2126"
        data-bestselling="2">
    <a href="https://www.spesati.com/olio-extravergine-de-santis-terre-fertili-750-ml">
        <div style="background-image: url('https://cdn.spesati.com/images/products/000102097/desantis-terre-fertili-olio-extra-vergine-di-oliva-075-l-01.png')">
            <div class="hover"></div>
            <p class="arrow bgRed white">Best Seller</p>
            <div class="stickers"></div>
        </div>
    </a>
    <div>
        <h4><a href="https://www.spesati.com/olio-extravergine-de-santis-terre-fertili-750-ml"><b>Olio Extravergine De Santis Terre Fertili 750 ml</b></a></h4>
        <p class="description">Desantis Terre Fertili Olio Extra Vergine di Oliva 0,75 L</p>
        <p class="right price"><b>8.29 €</b></p>
        <p class="right unitPrice">11.06 € per litre</p>
    </div>
    <div class="contButton">
    <a class="button bgRed white addToCart" href="#">Add</a>
</div>
</div><div class="left product prod73"
        data-name="Aceto Rosso Monari 500ml"
        data-price="1.90"
        data-id="24428"
        data-available="yes"
        data-category="2140"
        data-bestselling="">
    <a href="https://www.spesati.com/aceto-rosso-monari-500ml">
        <div style="background-image: url('https://cdn.spesati.com/images/products/000102079/monari-federzoni-gli-artigianali-il-nostro-aceto-di-vino-forte-500-ml-01.png')">
            <div class="hover"></div>
            
            <div class="stickers"></div>
        </div>
    </a>
    <div>
        <h4><a href="https://www.spesati.com/aceto-rosso-monari-500ml"><b>Aceto Rosso Monari 500ml</b></a></h4>
        <p class="description">Monari Federzoni gli Artigianali il Nostro Aceto di Vino Forte 500 ml</p>
        <p class="right price"><b>1.90 €</b></p>
        <p class="right unitPrice">3.81 € per litre</p>
    </div>
    <div class="contButton">
    <a class="button bgRed white addToCart" href="#">Add</a>
</div>
</div><div class="left product prod74"
        data-name="Aceto Rosso Monari 1Lt"
        data-price="1.50"
        data-id="5795"
        data-available="yes"
        data-category="2140"
        data-bestselling="">
    <a href="https://www.spesati.com/aceto-rosso-monari-1lt">
        <div style="background-image: url('https://cdn.spesati.com/images/products/000102078/villa-solara-aceto-di-vino-rosso-1-l-01.png')">
            <div class="hover"></div>
            
            <div class="stickers"></div>
        </div>
    </a>
    <div>
        <h4><a href="https://www.spesati.com/aceto-rosso-monari-1lt"><b>Aceto Rosso Monari 1Lt</b></a></h4>
        <p class="description">Villa Solara Aceto di Vino Rosso 1 L</p>
        <p class="right price"><b>1.50 €</b></p>
        <p class="right unitPrice">1.51 € per litre</p>
    </div>
    <div class="contButton">
    <a class="button bgRed white addToCart" href="#">Add</a>
</div>
</div><div class="left product prod75"
        data-name="Ponti Glassa Alla Soia"
        data-price="3.57"
        data-id="2804"
        data-available="yes"
        data-category="2140"
        data-bestselling="">
    <a href="https://www.spesati.com/ponti-glassa-alla-soia">
        <div style="background-image: url('https://cdn.spesati.com/images/products/000102069/ponti-glassa-alla-soia-con-aceto-balsamico-di-modena-igp-240-g-01.png')">
            <div class="hover"></div>
            
            <div class="stickers"></div>
        </div>
    </a>
    <div>
        <h4><a href="https://www.spesati.com/ponti-glassa-alla-soia"><b>Ponti Glassa Alla Soia</b></a></h4>
        <p class="description">Ponti Glassa alla Soia con "Aceto Balsamico di Modena I.G.P." 240 g</p>
        <p class="right price"><b>3.57 €</b></p>
        <p class="right unitPrice">14.85 € per litre</p>
    </div>
    <div class="contButton">
    <a class="button bgRed white addToCart" href="#">Add</a>
</div>
</div><div class="left product prod76"
        data-name="Olio Carapelli Extravergine Delizia 750Ml"
        data-price="8.49"
        data-id="6295"
        data-available="yes"
        data-category="2126"
        data-bestselling="2">
    <a href="https://www.spesati.com/olio-carapelli-extravergine-delizia-750ml">
        <div style="background-image: url('https://cdn.spesati.com/images/products/000102068/carapelli-delizia-olio-extra-vergine-di-oliva-075-l-01.png')">
            <div class="hover"></div>
            <p class="arrow bgRed white">Best Seller</p>
            <div class="stickers"></div>
        </div>
    </a>
    <div>
        <h4><a href="https://www.spesati.com/olio-carapelli-extravergine-delizia-750ml"><b>Olio Carapelli Extravergine Delizia 750Ml</b></a></h4>
        <p class="description">Carapelli Delizia Olio Extra Vergine di Oliva 0,75 L</p>
        <p class="right price"><b>8.49 €</b></p>
        <p class="right unitPrice">11.32 € per litre</p>
    </div>
    <div class="contButton">
    <a class="button bgRed white addToCart" href="#">Add</a>
</div>
</div><div class="left product prod77"
        data-name="Aceto Bianco Monari 1Lt pet"
        data-price="1.57"
        data-id="23064"
        data-available="yes"
        data-category="2140"
        data-bestselling="">
    <a href="https://www.spesati.com/aceto-bianco-monari-1lt-pet">
        <div style="background-image: url('https://cdn.spesati.com/images/products/000102063/monari-federzoni-aceto-di-vino-bianco-1-l-01.png')">
            <div class="hover"></div>
            
            <div class="stickers"></div>
        </div>
    </a>
    <div>
        <h4><a href="https://www.spesati.com/aceto-bianco-monari-1lt-pet"><b>Aceto Bianco Monari 1Lt pet</b></a></h4>
        <p class="description">Monari Federzoni Aceto di Vino Bianco 1 L</p>
        <p class="right price"><b>1.57 €</b></p>
        <p class="right unitPrice">1.56 € per litre</p>
    </div>
    <div class="contButton">
    <a class="button bgRed white addToCart" href="#">Add</a>
</div>
</div><div class="left product prod78"
        data-name="Olio Oliva Dante Delicato 1 Lt"
        data-price="15.23"
        data-id="5799"
        data-available="yes"
        data-category="2126"
        data-bestselling="">
    <a href="https://www.spesati.com/olio-oliva-dante-delicato-1-lt">
        <div style="background-image: url('https://cdn.spesati.com/images/products/000102055/dante-classico-olio-di-oliva-1-l-01.png')">
            <div class="hover"></div>
            
            <div class="stickers"></div>
        </div>
    </a>
    <div>
        <h4><a href="https://www.spesati.com/olio-oliva-dante-delicato-1-lt"><b>Olio Oliva Dante Delicato 1 Lt</b></a></h4>
        <p class="description">Dante Classico Olio di Oliva 1 L</p>
        <p class="right price"><b>15.23 €</b></p>
        <p class="right unitPrice">15.23 € per litre</p>
    </div>
    <div class="contButton">
    <a class="button bgRed white addToCart" href="#">Add</a>
</div>
</div><div class="left product prod79"
        data-name="Olio Oliva Secchi"
        data-price="11.78"
        data-id="2959"
        data-available="yes"
        data-category="2126"
        data-bestselling="">
    <a href="https://www.spesati.com/olio-oliva-secchi">
        <div style="background-image: url('https://cdn.spesati.com/images/products/000102030/oleificio-secchi-olio-di-oliva-composto-di-oli-di-oliva-raffinati-e-oli-di-oliva-vergini-1-l-01.png')">
            <div class="hover"></div>
            
            <div class="stickers"></div>
        </div>
    </a>
    <div>
        <h4><a href="https://www.spesati.com/olio-oliva-secchi"><b>Olio Oliva Secchi</b></a></h4>
        <p class="description">Oleificio Secchi Olio di Oliva Composto di Oli di Oliva Raffinati e Oli di Oliva Vergini 1 l</p>
        <p class="right price"><b>11.78 €</b></p>
        <p class="right unitPrice">11.78 € per litre</p>
    </div>
    <div class="contButton">
    <a class="button bgRed white addToCart" href="#">Add</a>
</div>
</div><div class="left product prod80"
        data-name="Sale Gaia Bustine 500 Pz"
        data-price="12.21"
        data-id="24417"
        data-available="yes"
        data-category="4611"
        data-bestselling="">
    <a href="https://www.spesati.com/sale-gaia-bustine-500-pz">
        <div style="background-image: url('https://cdn.spesati.com/images/products/000102006/gaia-sale-bustine-monodose-500-x-1-g-01.png')">
            <div class="hover"></div>
            
            <div class="stickers"></div>
        </div>
    </a>
    <div>
        <h4><a href="https://www.spesati.com/sale-gaia-bustine-500-pz"><b>Sale Gaia Bustine 500 Pz</b></a></h4>
        <p class="description">Gaia Sale Bustine Monodose 500 x 1 g</p>
        <p class="right price"><b>12.21 €</b></p>
        <p class="right unitPrice">24.42 € per kg</p>
    </div>
    <div class="contButton">
    <a class="button bgRed white addToCart" href="#">Add</a>
</div>
</div><div class="left product prod81"
        data-name="Olio Extrav Gaia Bust 10mlx100"
        data-price="24.44"
        data-id="24416"
        data-available="yes"
        data-category="2126"
        data-bestselling="">
    <a href="https://www.spesati.com/olio-extrav-gaia-bust-10mlx100">
        <div style="background-image: url('https://cdn.spesati.com/images/products/000102004/gaia-olio-extra-vergine-di-oliva-bustine-monodose-102-x-10-ml-01.png')">
            <div class="hover"></div>
            
            <div class="stickers"></div>
        </div>
    </a>
    <div>
        <h4><a href="https://www.spesati.com/olio-extrav-gaia-bust-10mlx100"><b>Olio Extrav Gaia Bust 10mlx100</b></a></h4>
        <p class="description">Gaia Olio Extra Vergine di Oliva Bustine Monodose 102 x 10 ml</p>
        <p class="right price"><b>24.44 €</b></p>
        <p class="right unitPrice">24.44 € per litre</p>
    </div>
    <div class="contButton">
    <a class="button bgRed white addToCart" href="#">Add</a>
</div>
</div><div class="left product prod82"
        data-name="Aceto Balsamico Gaia Bust 198p"
        data-price="23.65"
        data-id="24415"
        data-available="yes"
        data-category="2140"
        data-bestselling="">
    <a href="https://www.spesati.com/aceto-balsamico-gaia-bust-198p">
        <div style="background-image: url('https://cdn.spesati.com/images/products/000102001/gaia-aceto-balsamico-di-modena-igp-bustine-monodose-198-x-5-ml-01.png')">
            <div class="hover"></div>
            
            <div class="stickers"></div>
        </div>
    </a>
    <div>
        <h4><a href="https://www.spesati.com/aceto-balsamico-gaia-bust-198p"><b>Aceto Balsamico Gaia Bust 198p</b></a></h4>
        <p class="description">Gaia Aceto Balsamico di Modena IGP Bustine Monodose 198 x 5 ml</p>
        <p class="right price"><b>23.65 €</b></p>
        <p class="right unitPrice">14.93 € per litre</p>
    </div>
    <div class="contButton">
    <a class="button bgRed white addToCart" href="#">Add</a>
</div>
</div><div class="left product prod83"
        data-name="Olio Dante Condisano 1lt"
        data-price="5.38"
        data-id="87527"
        data-available="yes"
        data-category="2126"
        data-bestselling="">
    <a href="https://www.spesati.com/olio-dante-condisano-1lt">
        <div style="background-image: url('https://cdn.spesati.com/images/products/missing-image/missing-image.jpg')">
            <div class="hover"></div>
            
            <div class="stickers"></div>
        </div>
    </a>
    <div>
        <h4><a href="https://www.spesati.com/olio-dante-condisano-1lt"><b>Olio Dante Condisano 1lt</b></a></h4>
        <p class="description">1 Lt</p>
        <p class="right price"><b>5.38 €</b></p>
        <p class="right unitPrice">5.38 € per litre</p>
    </div>
    <div class="contButton">
    <a class="button bgRed white addToCart" href="#">Add</a>
</div>
</div><div class="left product prod84"
        data-name="Olio Extrav. Oliva Secchi 750m"
        data-price="9.85"
        data-id="87795"
        data-available="yes"
        data-category="2126"
        data-bestselling="">
    <a href="https://www.spesati.com/olio-extrav-oliva-secchi-750m">
        <div style="background-image: url('https://cdn.spesati.com/images/products/missing-image/missing-image.jpg')">
            <div class="hover"></div>
            
            <div class="stickers"></div>
        </div>
    </a>
    <div>
        <h4><a href="https://www.spesati.com/olio-extrav-oliva-secchi-750m"><b>Olio Extrav. Oliva Secchi 750m</b></a></h4>
        <p class="description">0.75 Lt</p>
        <p class="right price"><b>9.85 €</b></p>
        <p class="right unitPrice">13.14 € per litre</p>
    </div>
    <div class="contButton">
    <a class="button bgRed white addToCart" href="#">Add</a>
</div>
</div><div class="left product prod85"
        data-name="Aceto Monari Tanica Plast 5 Lt"
        data-price="15.90"
        data-id="26091"
        data-available="yes"
        data-category="2140"
        data-bestselling="">
    <a href="https://www.spesati.com/aceto-monari-tanica-plast-5-lt">
        <div style="background-image: url('https://cdn.spesati.com/images/products/missing-image/missing-image.jpg')">
            <div class="hover"></div>
            
            <div class="stickers"></div>
        </div>
    </a>
    <div>
        <h4><a href="https://www.spesati.com/aceto-monari-tanica-plast-5-lt"><b>Aceto Monari Tanica Plast 5 Lt</b></a></h4>
        <p class="description">5 Lt</p>
        <p class="right price"><b>15.90 €</b></p>
        <p class="right unitPrice">3.18 € per litre</p>
    </div>
    <div class="contButton">
    <a class="button bgRed white addToCart" href="#">Add</a>
</div>
</div><div class="left product prod86"
        data-name="Sale Marino Medio 1 Kg"
        data-price="0.39"
        data-id="26368"
        data-available="yes"
        data-category="4611"
        data-bestselling="">
    <a href="https://www.spesati.com/sale-marino-medio-1-kg">
        <div style="background-image: url('https://cdn.spesati.com/images/products/missing-image/missing-image.jpg')">
            <div class="hover"></div>
            
            <div class="stickers"></div>
        </div>
    </a>
    <div>
        <h4><a href="https://www.spesati.com/sale-marino-medio-1-kg"><b>Sale Marino Medio 1 Kg</b></a></h4>
        <p class="description">1 Kg</p>
        <p class="right price"><b>0.39 €</b></p>
        <p class="right unitPrice">0.39 € per kg</p>
    </div>
    <div class="contButton">
    <a class="button bgRed white addToCart" href="#">Add</a>
</div>
</div><div class="left product prod87"
        data-name="Aceto Di Mele Trent Rdg 500ml"
        data-price="1.49"
        data-id="83504"
        data-available="yes"
        data-category="2140"
        data-bestselling="">
    <a href="https://www.spesati.com/aceto-di-mele-trent-rdg-500ml">
        <div style="background-image: url('https://cdn.spesati.com/images/products/missing-image/missing-image.jpg')">
            <div class="hover"></div>
            
            <div class="stickers"></div>
        </div>
    </a>
    <div>
        <h4><a href="https://www.spesati.com/aceto-di-mele-trent-rdg-500ml"><b>Aceto Di Mele Trent Rdg 500ml</b></a></h4>
        <p class="description">0.5 Lt</p>
        <p class="right price"><b>1.49 €</b></p>
        <p class="right unitPrice">2.98 € per litre</p>
    </div>
    <div class="contButton">
    <a class="button bgRed white addToCart" href="#">Add</a>
</div>
</div><div class="left product prod88"
        data-name="Sale Marino Fino Conf 10kg"
        data-price="3.43"
        data-id="26424"
        data-available="yes"
        data-category="4611"
        data-bestselling="">
    <a href="https://www.spesati.com/sale-marino-fino-conf-10kg">
        <div style="background-image: url('https://cdn.spesati.com/images/products/missing-image/missing-image.jpg')">
            <div class="hover"></div>
            
            <div class="stickers"></div>
        </div>
    </a>
    <div>
        <h4><a href="https://www.spesati.com/sale-marino-fino-conf-10kg"><b>Sale Marino Fino Conf 10kg</b></a></h4>
        <p class="description">1 Kg</p>
        <p class="right price"><b>3.43 €</b></p>
        <p class="right unitPrice">3.44 € per kg</p>
    </div>
    <div class="contButton">
    <a class="button bgRed white addToCart" href="#">Add</a>
</div>
</div><div class="left product prod89"
        data-name="Sale Marino Grosso Conf 10kg"
        data-price="3.44"
        data-id="26425"
        data-available="yes"
        data-category="4611"
        data-bestselling="">
    <a href="https://www.spesati.com/sale-marino-grosso-conf-10kg">
        <div style="background-image: url('https://cdn.spesati.com/images/products/missing-image/missing-image.jpg')">
            <div class="hover"></div>
            
            <div class="stickers"></div>
        </div>
    </a>
    <div>
        <h4><a href="https://www.spesati.com/sale-marino-grosso-conf-10kg"><b>Sale Marino Grosso Conf 10kg</b></a></h4>
        <p class="description">1 Kg</p>
        <p class="right price"><b>3.44 €</b></p>
        <p class="right unitPrice">3.44 € per kg</p>
    </div>
    <div class="contButton">
    <a class="button bgRed white addToCart" href="#">Add</a>
</div>
</div><div class="left product prod90"
        data-name="Sale Marino Grosso 25 Kg"
        data-price="8.18"
        data-id="26427"
        data-available="yes"
        data-category="4611"
        data-bestselling="">
    <a href="https://www.spesati.com/sale-marino-grosso-25-kg">
        <div style="background-image: url('https://cdn.spesati.com/images/products/missing-image/missing-image.jpg')">
            <div class="hover"></div>
            
            <div class="stickers"></div>
        </div>
    </a>
    <div>
        <h4><a href="https://www.spesati.com/sale-marino-grosso-25-kg"><b>Sale Marino Grosso 25 Kg</b></a></h4>
        <p class="description">25 Kg</p>
        <p class="right price"><b>8.18 €</b></p>
        <p class="right unitPrice">0.33 € per kg</p>
    </div>
    <div class="contButton">
    <a class="button bgRed white addToCart" href="#">Add</a>
</div>
</div><div class="left product prod91"
        data-name="Sale Marino Salocca 25 Kg"
        data-price="3.19"
        data-id="26428"
        data-available="yes"
        data-category="4611"
        data-bestselling="">
    <a href="https://www.spesati.com/sale-marino-salocca-25-kg">
        <div style="background-image: url('https://cdn.spesati.com/images/products/missing-image/missing-image.jpg')">
            <div class="hover"></div>
            
            <div class="stickers"></div>
        </div>
    </a>
    <div>
        <h4><a href="https://www.spesati.com/sale-marino-salocca-25-kg"><b>Sale Marino Salocca 25 Kg</b></a></h4>
        <p class="description">25 Kg</p>
        <p class="right price"><b>3.19 €</b></p>
        <p class="right unitPrice">0.12 € per kg</p>
    </div>
    <div class="contButton">
    <a class="button bgRed white addToCart" href="#">Add</a>
</div>
</div><div class="left product prod92"
        data-name="Sale Marino Fino Iodato 1kg"
        data-price="0.61"
        data-id="26487"
        data-available="yes"
        data-category="4611"
        data-bestselling="">
    <a href="https://www.spesati.com/sale-marino-fino-iodato-1kg">
        <div style="background-image: url('https://cdn.spesati.com/images/products/missing-image/missing-image.jpg')">
            <div class="hover"></div>
            
            <div class="stickers"></div>
        </div>
    </a>
    <div>
        <h4><a href="https://www.spesati.com/sale-marino-fino-iodato-1kg"><b>Sale Marino Fino Iodato 1kg</b></a></h4>
        <p class="description">1 Kg</p>
        <p class="right price"><b>0.61 €</b></p>
        <p class="right unitPrice">0.61 € per kg</p>
    </div>
    <div class="contButton">
    <a class="button bgRed white addToCart" href="#">Add</a>
</div>
</div><div class="left product prod93"
        data-name="Sale Integrale 1 Kg"
        data-price="0.81"
        data-id="26649"
        data-available="yes"
        data-category="4611"
        data-bestselling="">
    <a href="https://www.spesati.com/sale-integrale-1-kg">
        <div style="background-image: url('https://cdn.spesati.com/images/products/missing-image/missing-image.jpg')">
            <div class="hover"></div>
            
            <div class="stickers"></div>
        </div>
    </a>
    <div>
        <h4><a href="https://www.spesati.com/sale-integrale-1-kg"><b>Sale Integrale 1 Kg</b></a></h4>
        <p class="description">1 Kg</p>
        <p class="right price"><b>0.81 €</b></p>
        <p class="right unitPrice">0.81 € per kg</p>
    </div>
    <div class="contButton">
    <a class="button bgRed white addToCart" href="#">Add</a>
</div>
</div><div class="left product prod94"
        data-name="Sale Rosa Rdg Himalaya Fin 500"
        data-price="1.29"
        data-id="82237"
        data-available="yes"
        data-category="4611"
        data-bestselling="">
    <a href="https://www.spesati.com/sale-rosa-rdg-himalaya-fin-500">
        <div style="background-image: url('https://cdn.spesati.com/images/products/missing-image/missing-image.jpg')">
            <div class="hover"></div>
            
            <div class="stickers"></div>
        </div>
    </a>
    <div>
        <h4><a href="https://www.spesati.com/sale-rosa-rdg-himalaya-fin-500"><b>Sale Rosa Rdg Himalaya Fin 500</b></a></h4>
        <p class="description">0.5 Kg</p>
        <p class="right price"><b>1.29 €</b></p>
        <p class="right unitPrice">2.57 € per kg</p>
    </div>
    <div class="contButton">
    <a class="button bgRed white addToCart" href="#">Add</a>
</div>
</div><div class="left product prod95"
        data-name="Sale Rosa Rdg Himalaya Gro 500"
        data-price="1.29"
        data-id="82240"
        data-available="yes"
        data-category="4611"
        data-bestselling="">
    <a href="https://www.spesati.com/sale-rosa-rdg-himalaya-gro-500">
        <div style="background-image: url('https://cdn.spesati.com/images/products/missing-image/missing-image.jpg')">
            <div class="hover"></div>
            
            <div class="stickers"></div>
        </div>
    </a>
    <div>
        <h4><a href="https://www.spesati.com/sale-rosa-rdg-himalaya-gro-500"><b>Sale Rosa Rdg Himalaya Gro 500</b></a></h4>
        <p class="description">0.5 Kg</p>
        <p class="right price"><b>1.29 €</b></p>
        <p class="right unitPrice">2.57 € per kg</p>
    </div>
    <div class="contButton">
    <a class="button bgRed white addToCart" href="#">Add</a>
</div>
</div><div class="left product prod96"
        data-name="Olio E-verg Desant San Giov 2l"
        data-price="21.90"
        data-id="24431"
        data-available="yes"
        data-category="2126"
        data-bestselling="">
    <a href="https://www.spesati.com/olio-e-verg-desant-san-giov-2l">
        <div style="background-image: url('https://cdn.spesati.com/images/products/missing-image/missing-image.jpg')">
            <div class="hover"></div>
            
            <div class="stickers"></div>
        </div>
    </a>
    <div>
        <h4><a href="https://www.spesati.com/olio-e-verg-desant-san-giov-2l"><b>Olio E-verg Desant San Giov 2l</b></a></h4>
        <p class="description">2 Lt</p>
        <p class="right price"><b>21.90 €</b></p>
        <p class="right unitPrice">10.95 € per litre</p>
    </div>
    <div class="contButton">
    <a class="button bgRed white addToCart" href="#">Add</a>
</div>
</div><div class="left product prod97"
        data-name="Olio Extra Verg San Giov Pet5l"
        data-price="43.49"
        data-id="24432"
        data-available="yes"
        data-category="2126"
        data-bestselling="">
    <a href="https://www.spesati.com/olio-extra-verg-san-giov-pet5l">
        <div style="background-image: url('https://cdn.spesati.com/images/products/missing-image/missing-image.jpg')">
            <div class="hover"></div>
            
            <div class="stickers"></div>
        </div>
    </a>
    <div>
        <h4><a href="https://www.spesati.com/olio-extra-verg-san-giov-pet5l"><b>Olio Extra Verg San Giov Pet5l</b></a></h4>
        <p class="description">5 Lt</p>
        <p class="right price"><b>43.49 €</b></p>
        <p class="right unitPrice">8.69 € per litre</p>
    </div>
    <div class="contButton">
    <a class="button bgRed white addToCart" href="#">Add</a>
</div>
</div><div class="left product prod98"
        data-name="Olio Evo Accad Marasc 50cl"
        data-price="8.90"
        data-id="24434"
        data-available="yes"
        data-category="2126"
        data-bestselling="">
    <a href="https://www.spesati.com/olio-evo-accad-marasc-50cl">
        <div style="background-image: url('https://cdn.spesati.com/images/products/missing-image/missing-image.jpg')">
            <div class="hover"></div>
            
            <div class="stickers"></div>
        </div>
    </a>
    <div>
        <h4><a href="https://www.spesati.com/olio-evo-accad-marasc-50cl"><b>Olio Evo Accad Marasc 50cl</b></a></h4>
        <p class="description">0.5 Lt</p>
        <p class="right price"><b>8.90 €</b></p>
        <p class="right unitPrice">17.80 € per litre</p>
    </div>
    <div class="contButton">
    <a class="button bgRed white addToCart" href="#">Add</a>
</div>
</div><div class="left product prod99"
        data-name="Olio Semi Zeta Palma 20l Zucch"
        data-price="73.47"
        data-id="24446"
        data-available="yes"
        data-category="2126"
        data-bestselling="">
    <a href="https://www.spesati.com/olio-semi-zeta-palma-20l-zucch">
        <div style="background-image: url('https://cdn.spesati.com/images/products/missing-image/missing-image.jpg')">
            <div class="hover"></div>
            
            <div class="stickers"></div>
        </div>
    </a>
    <div>
        <h4><a href="https://www.spesati.com/olio-semi-zeta-palma-20l-zucch"><b>Olio Semi Zeta Palma 20l Zucch</b></a></h4>
        <p class="description">20 Lt</p>
        <p class="right price"><b>73.47 €</b></p>
        <p class="right unitPrice">3.67 € per litre</p>
    </div>
    <div class="contButton">
    <a class="button bgRed white addToCart" href="#">Add</a>
</div>
</div><div class="left product prod100"
        data-name="Olio Extra Ver Oliva Orfeo 1l"
        data-price="15.37"
        data-id="24447"
        data-available="yes"
        data-category="2126"
        data-bestselling="">
    <a href="https://www.spesati.com/olio-extra-ver-oliva-orfeo-1l">
        <div style="background-image: url('https://cdn.spesati.com/images/products/missing-image/missing-image.jpg')">
            <div class="hover"></div>
            
            <div class="stickers"></div>
        </div>
    </a>
    <div>
        <h4><a href="https://www.spesati.com/olio-extra-ver-oliva-orfeo-1l"><b>Olio Extra Ver Oliva Orfeo 1l</b></a></h4>
        <p class="description">1 Lt</p>
        <p class="right price"><b>15.37 €</b></p>
        <p class="right unitPrice">15.37 € per litre</p>
    </div>
    <div class="contButton">
    <a class="button bgRed white addToCart" href="#">Add</a>
</div>
</div><div class="left product prod101"
        data-name="Succo Di Limone Greci 1 Lt"
        data-price="6.16"
        data-id="25390"
        data-available="yes"
        data-category="2126"
        data-bestselling="">
    <a href="https://www.spesati.com/succo-di-limone-greci-1-lt">
        <div style="background-image: url('https://cdn.spesati.com/images/products/missing-image/missing-image.jpg')">
            <div class="hover"></div>
            
            <div class="stickers"></div>
        </div>
    </a>
    <div>
        <h4><a href="https://www.spesati.com/succo-di-limone-greci-1-lt"><b>Succo Di Limone Greci 1 Lt</b></a></h4>
        <p class="description">1 Lt</p>
        <p class="right price"><b>6.16 €</b></p>
        <p class="right unitPrice">6.16 € per litre</p>
    </div>
    <div class="contButton">
    <a class="button bgRed white addToCart" href="#">Add</a>
</div>
</div><div class="left product prod102"
        data-name="Olio Extrav Frutt C Isola 500m"
        data-price="9.99"
        data-id="32592"
        data-available="yes"
        data-category="2126"
        data-bestselling="">
    <a href="https://www.spesati.com/olio-extrav-frutt-c-isola-500m">
        <div style="background-image: url('https://cdn.spesati.com/images/products/missing-image/missing-image.jpg')">
            <div class="hover"></div>
            
            <div class="stickers"></div>
        </div>
    </a>
    <div>
        <h4><a href="https://www.spesati.com/olio-extrav-frutt-c-isola-500m"><b>Olio Extrav Frutt C Isola 500m</b></a></h4>
        <p class="description">0.5 Lt</p>
        <p class="right price"><b>9.99 €</b></p>
        <p class="right unitPrice">19.98 € per litre</p>
    </div>
    <div class="contButton">
    <a class="button bgRed white addToCart" href="#">Add</a>
</div>
</div><div class="left product prod103"
        data-name="Succo Di Limone Tropicana 1 Lt"
        data-price="6.89"
        data-id="34742"
        data-available="yes"
        data-category="2126"
        data-bestselling="1">
    <a href="https://www.spesati.com/succo-di-limone-tropicana-1-lt">
        <div style="background-image: url('https://cdn.spesati.com/images/products/missing-image/missing-image.jpg')">
            <div class="hover"></div>
            <p class="arrow bgRed white">Best Seller</p>
            <div class="stickers"></div>
        </div>
    </a>
    <div>
        <h4><a href="https://www.spesati.com/succo-di-limone-tropicana-1-lt"><b>Succo Di Limone Tropicana 1 Lt</b></a></h4>
        <p class="description">1 Lt</p>
        <p class="right price"><b>6.89 €</b></p>
        <p class="right unitPrice">6.89 € per litre</p>
    </div>
    <div class="contButton">
    <a class="button bgRed white addToCart" href="#">Add</a>
</div>
</div><div class="left product prod104"
        data-name="Olio Extrav Secchi Dop 250ml"
        data-price="8.54"
        data-id="76565"
        data-available="yes"
        data-category="2126"
        data-bestselling="">
    <a href="https://www.spesati.com/olio-extrav-secchi-dop-250ml">
        <div style="background-image: url('https://cdn.spesati.com/images/products/missing-image/missing-image.jpg')">
            <div class="hover"></div>
            
            <div class="stickers"></div>
        </div>
    </a>
    <div>
        <h4><a href="https://www.spesati.com/olio-extrav-secchi-dop-250ml"><b>Olio Extrav Secchi Dop 250ml</b></a></h4>
        <p class="description">0.25 Lt</p>
        <p class="right price"><b>8.54 €</b></p>
        <p class="right unitPrice">34.15 € per litre</p>
    </div>
    <div class="contButton">
    <a class="button bgRed white addToCart" href="#">Add</a>
</div>
</div><div class="left product prod105"
        data-name="Spraylegg Olio Vinacciolo 200m"
        data-price="5.09"
        data-id="78690"
        data-available="yes"
        data-category="2126"
        data-bestselling="">
    <a href="https://www.spesati.com/spraylegg-olio-vinacciolo-200m">
        <div style="background-image: url('https://cdn.spesati.com/images/products/missing-image/missing-image.jpg')">
            <div class="hover"></div>
            
            <div class="stickers"></div>
        </div>
    </a>
    <div>
        <h4><a href="https://www.spesati.com/spraylegg-olio-vinacciolo-200m"><b>Spraylegg Olio Vinacciolo 200m</b></a></h4>
        <p class="description">0.2 Lt</p>
        <p class="right price"><b>5.09 €</b></p>
        <p class="right unitPrice">25.45 € per litre</p>
    </div>
    <div class="contButton">
    <a class="button bgRed white addToCart" href="#">Add</a>
</div>
</div><div class="left product prod106"
        data-name="Olio Extravergine Rdg 250ml"
        data-price="4.59"
        data-id="82243"
        data-available="yes"
        data-category="2126"
        data-bestselling="">
    <a href="https://www.spesati.com/olio-extravergine-rdg-250ml">
        <div style="background-image: url('https://cdn.spesati.com/images/products/missing-image/missing-image.jpg')">
            <div class="hover"></div>
            
            <div class="stickers"></div>
        </div>
    </a>
    <div>
        <h4><a href="https://www.spesati.com/olio-extravergine-rdg-250ml"><b>Olio Extravergine Rdg 250ml</b></a></h4>
        <p class="description">0.25 Lt</p>
        <p class="right price"><b>4.59 €</b></p>
        <p class="right unitPrice">18.36 € per litre</p>
    </div>
    <div class="contButton">
    <a class="button bgRed white addToCart" href="#">Add</a>
</div>
</div><div class="left product prod107"
        data-name="Olio Extravergine Rdg 750ml"
        data-price="10.99"
        data-id="82246"
        data-available="yes"
        data-category="2126"
        data-bestselling="">
    <a href="https://www.spesati.com/olio-extravergine-rdg-750ml">
        <div style="background-image: url('https://cdn.spesati.com/images/products/missing-image/missing-image.jpg')">
            <div class="hover"></div>
            
            <div class="stickers"></div>
        </div>
    </a>
    <div>
        <h4><a href="https://www.spesati.com/olio-extravergine-rdg-750ml"><b>Olio Extravergine Rdg 750ml</b></a></h4>
        <p class="description">0.75 Lt</p>
        <p class="right price"><b>10.99 €</b></p>
        <p class="right unitPrice">14.65 € per litre</p>
    </div>
    <div class="contButton">
    <a class="button bgRed white addToCart" href="#">Add</a>
</div>
</div><div class="left product prod108"
        data-name="Olio Rdg Evo 100% Ita Latta 3l"
        data-price="39.99"
        data-id="83471"
        data-available="yes"
        data-category="2126"
        data-bestselling="">
    <a href="https://www.spesati.com/olio-rdg-evo-100-ita-latta-3l">
        <div style="background-image: url('https://cdn.spesati.com/images/products/missing-image/missing-image.jpg')">
            <div class="hover"></div>
            
            <div class="stickers"></div>
        </div>
    </a>
    <div>
        <h4><a href="https://www.spesati.com/olio-rdg-evo-100-ita-latta-3l"><b>Olio Rdg Evo 100% Ita Latta 3l</b></a></h4>
        <p class="description">3 Lt</p>
        <p class="right price"><b>39.99 €</b></p>
        <p class="right unitPrice">13.33 € per litre</p>
    </div>
    <div class="contButton">
    <a class="button bgRed white addToCart" href="#">Add</a>
</div>
</div><div class="left product prod109"
        data-name="Olio Semi Arachide 4 Cuochi 1l"
        data-price="4.55"
        data-id="84236"
        data-available="yes"
        data-category="2126"
        data-bestselling="">
    <a href="https://www.spesati.com/olio-semi-arachide-4-cuochi-1l">
        <div style="background-image: url('https://cdn.spesati.com/images/products/missing-image/missing-image.jpg')">
            <div class="hover"></div>
            
            <div class="stickers"></div>
        </div>
    </a>
    <div>
        <h4><a href="https://www.spesati.com/olio-semi-arachide-4-cuochi-1l"><b>Olio Semi Arachide 4 Cuochi 1l</b></a></h4>
        <p class="description">1 Lt</p>
        <p class="right price"><b>4.55 €</b></p>
        <p class="right unitPrice">4.56 € per litre</p>
    </div>
    <div class="contButton">
    <a class="button bgRed white addToCart" href="#">Add</a>
</div>
</div><div class="left product prod110"
        data-name="Olio Semi Mais 4 Cuochi 1lt"
        data-price="3.09"
        data-id="84239"
        data-available="yes"
        data-category="2126"
        data-bestselling="">
    <a href="https://www.spesati.com/olio-semi-mais-4-cuochi-1lt">
        <div style="background-image: url('https://cdn.spesati.com/images/products/missing-image/missing-image.jpg')">
            <div class="hover"></div>
            
            <div class="stickers"></div>
        </div>
    </a>
    <div>
        <h4><a href="https://www.spesati.com/olio-semi-mais-4-cuochi-1lt"><b>Olio Semi Mais 4 Cuochi 1lt</b></a></h4>
        <p class="description">1 Lt</p>
        <p class="right price"><b>3.09 €</b></p>
        <p class="right unitPrice">3.09 € per litre</p>
    </div>
    <div class="contButton">
    <a class="button bgRed white addToCart" href="#">Add</a>
</div>
</div><div class="left product prod111"
        data-name="Olio Semi Vari 4 Cuochi Lt1"
        data-price="2.72"
        data-id="84245"
        data-available="yes"
        data-category="2126"
        data-bestselling="">
    <a href="https://www.spesati.com/olio-semi-vari-4-cuochi-lt1">
        <div style="background-image: url('https://cdn.spesati.com/images/products/missing-image/missing-image.jpg')">
            <div class="hover"></div>
            
            <div class="stickers"></div>
        </div>
    </a>
    <div>
        <h4><a href="https://www.spesati.com/olio-semi-vari-4-cuochi-lt1"><b>Olio Semi Vari 4 Cuochi Lt1</b></a></h4>
        <p class="description">1 Lt</p>
        <p class="right price"><b>2.72 €</b></p>
        <p class="right unitPrice">2.71 € per litre</p>
    </div>
    <div class="contButton">
    <a class="button bgRed white addToCart" href="#">Add</a>
</div>
</div><div class="left product prod112"
        data-name="Olio Soia Sol D'olio Pet 1lt"
        data-price="3.03"
        data-id="88338"
        data-available="no"
        data-category="2126"
        data-bestselling="">
    <a href="https://www.spesati.com/olio-soia-sol-dolio-pet-1lt">
        <div style="background-image: url('https://cdn.spesati.com/images/products/000581120/sol-dolio-olio-di-semi-di-soia-1-l-01.png')">
            <div class="hover"></div>
            
            <div class="stickers"></div>
        </div>
    </a>
    <div>
        <h4><a href="https://www.spesati.com/olio-soia-sol-dolio-pet-1lt"><b>Olio Soia Sol D'olio Pet 1lt</b></a></h4>
        <p class="description">Sol d'Olio Olio di Semi di Soia 1 l</p>
        <p class="right price"><b>3.03 €</b></p>
        <p class="right unitPrice">3.04 € per litre</p>
    </div>
    <div class="notAvailable">
    <a class="button bgDarkGrey white" href="https://www.spesati.com/olio-soia-sol-dolio-pet-1lt">Not available</a>
</div>
</div><div class="left product prod113"
        data-name="Olio Zeta Semi Mais 5lt"
        data-price="15.92"
        data-id="33664"
        data-available="no"
        data-category="2126"
        data-bestselling="">
    <a href="https://www.spesati.com/olio-zeta-semi-mais-5lt">
        <div style="background-image: url('https://cdn.spesati.com/images/products/000490165/zeta-olio-di-semi-di-mais-5l-01.png')">
            <div class="hover"></div>
            
            <div class="stickers"></div>
        </div>
    </a>
    <div>
        <h4><a href="https://www.spesati.com/olio-zeta-semi-mais-5lt"><b>Olio Zeta Semi Mais 5lt</b></a></h4>
        <p class="description">Zeta Olio di Semi di Mais 5L</p>
        <p class="right price"><b>15.92 €</b></p>
        <p class="right unitPrice">3.18 € per litre</p>
    </div>
    <div class="notAvailable">
    <a class="button bgDarkGrey white" href="https://www.spesati.com/olio-zeta-semi-mais-5lt">Not available</a>
</div>
</div><div class="left product prod114"
        data-name="Olio Frienn Olitalia Latta 5lt"
        data-price="31.18"
        data-id="66891"
        data-available="no"
        data-category="2126"
        data-bestselling="">
    <a href="https://www.spesati.com/olio-frienn-olitalia-latta-5lt">
        <div style="background-image: url('https://cdn.spesati.com/images/products/000470170/olitalia-professional-frienn-frittura-italiana-5-l-01.png')">
            <div class="hover"></div>
            
            <div class="stickers"></div>
        </div>
    </a>
    <div>
        <h4><a href="https://www.spesati.com/olio-frienn-olitalia-latta-5lt"><b>Olio Frienn Olitalia Latta 5lt</b></a></h4>
        <p class="description">Olitalia Professional Frienn frittura italiana 5 L</p>
        <p class="right price"><b>31.18 €</b></p>
        <p class="right unitPrice">6.24 € per litre</p>
    </div>
    <div class="notAvailable">
    <a class="button bgDarkGrey white" href="https://www.spesati.com/olio-frienn-olitalia-latta-5lt">Not available</a>
</div>
</div><div class="left product prod115"
        data-name="Sale C Isola Iodato Fino 1kg"
        data-price="0.44"
        data-id="83564"
        data-available="no"
        data-category="4611"
        data-bestselling="1">
    <a href="https://www.spesati.com/sale-c-isola-iodato-fino-1kg">
        <div style="background-image: url('https://cdn.spesati.com/images/products/000398556/cuore-dellisola-sale-marino-iodato-di-sardegna-extra-fino-1-kg-01.png')">
            <div class="hover"></div>
            <p class="arrow bgRed white">Best Seller</p>
            <div class="stickers"></div>
        </div>
    </a>
    <div>
        <h4><a href="https://www.spesati.com/sale-c-isola-iodato-fino-1kg"><b>Sale C Isola Iodato Fino 1kg</b></a></h4>
        <p class="description">cuore dell'Isola Sale marino Iodato di Sardegna Extra Fino 1 kg</p>
        <p class="right price"><b>0.44 €</b></p>
        <p class="right unitPrice">0.44 € per kg</p>
    </div>
    <div class="notAvailable">
    <a class="button bgDarkGrey white" href="https://www.spesati.com/sale-c-isola-iodato-fino-1kg">Not available</a>
</div>
</div><div class="left product prod116"
        data-name="Olio Extra Vergine Oliva San Giuliano Mediterraneo"
        data-price="15.23"
        data-id="2943"
        data-available="no"
        data-category="2126"
        data-bestselling="">
    <a href="https://www.spesati.com/olio-extra-vergine-oliva-san-giuliano-mediterraneo">
        <div style="background-image: url('https://cdn.spesati.com/images/products/000120023/san-giuliano-alghero-olio-extra-vergine-di-oliva-mediterraneo-1-litri-01.png')">
            <div class="hover"></div>
            
            <div class="stickers"></div>
        </div>
    </a>
    <div>
        <h4><a href="https://www.spesati.com/olio-extra-vergine-oliva-san-giuliano-mediterraneo"><b>Olio Extra Vergine Oliva San Giuliano Mediterraneo</b></a></h4>
        <p class="description">San Giuliano Alghero Olio Extra Vergine di Oliva Mediterraneo 1 Litri</p>
        <p class="right price"><b>15.23 €</b></p>
        <p class="right unitPrice">15.23 € per litre</p>
    </div>
    <div class="notAvailable">
    <a class="button bgDarkGrey white" href="https://www.spesati.com/olio-extra-vergine-oliva-san-giuliano-mediterraneo">Not available</a>
</div>
</div><div class="left product prod117"
        data-name="Olio Zeta Gir Altoleico 10lt"
        data-price="29.50"
        data-id="67077"
        data-available="no"
        data-category="2126"
        data-bestselling="">
    <a href="https://www.spesati.com/olio-zeta-gir-altoleico-10lt">
        <div style="background-image: url('https://cdn.spesati.com/images/products/000102383/zeta-olio-di-semi-di-girasole-altoleico-10-l-01.png')">
            <div class="hover"></div>
            
            <div class="stickers"></div>
        </div>
    </a>
    <div>
        <h4><a href="https://www.spesati.com/olio-zeta-gir-altoleico-10lt"><b>Olio Zeta Gir Altoleico 10lt</b></a></h4>
        <p class="description">Zeta Olio di Semi di Girasole Altoleico 10 L</p>
        <p class="right price"><b>29.50 €</b></p>
        <p class="right unitPrice">2.95 € per litre</p>
    </div>
    <div class="notAvailable">
    <a class="button bgDarkGrey white" href="https://www.spesati.com/olio-zeta-gir-altoleico-10lt">Not available</a>
</div>
</div><div class="left product prod118"
        data-name="Olio Extravergine Desantis Classico"
        data-price="12.85"
        data-id="2947"
        data-available="no"
        data-category="2126"
        data-bestselling="">
    <a href="https://www.spesati.com/olio-extravergine-desantis-classico">
        <div style="background-image: url('https://cdn.spesati.com/images/products/000102085/desantis-olio-extra-vergine-di-oliva-classico-1-l-01.png')">
            <div class="hover"></div>
            
            <div class="stickers"></div>
        </div>
    </a>
    <div>
        <h4><a href="https://www.spesati.com/olio-extravergine-desantis-classico"><b>Olio Extravergine Desantis Classico</b></a></h4>
        <p class="description">Desantis Olio Extra Vergine di Oliva Classico 1 L</p>
        <p class="right price"><b>12.85 €</b></p>
        <p class="right unitPrice">12.85 € per litre</p>
    </div>
    <div class="notAvailable">
    <a class="button bgDarkGrey white" href="https://www.spesati.com/olio-extravergine-desantis-classico">Not available</a>
</div>
</div><div class="left product prod119"
        data-name="Olio San Giuliano Oliva 1Lt"
        data-price="13.27"
        data-id="6764"
        data-available="no"
        data-category="2126"
        data-bestselling="">
    <a href="https://www.spesati.com/olio-san-giuliano-oliva-1lt">
        <div style="background-image: url('https://cdn.spesati.com/images/products/000102015/san-giuliano-alghero-ricetta-classica-olio-di-oliva-1-litri-01.png')">
            <div class="hover"></div>
            
            <div class="stickers"></div>
        </div>
    </a>
    <div>
        <h4><a href="https://www.spesati.com/olio-san-giuliano-oliva-1lt"><b>Olio San Giuliano Oliva 1Lt</b></a></h4>
        <p class="description">San Giuliano Alghero Ricetta classica Olio di Oliva 1 Litri</p>
        <p class="right price"><b>13.27 €</b></p>
        <p class="right unitPrice">13.27 € per litre</p>
    </div>
    <div class="notAvailable">
    <a class="button bgDarkGrey white" href="https://www.spesati.com/olio-san-giuliano-oliva-1lt">Not available</a>
</div>
</div><div class="left product prod120"
        data-name="Sale Marin Sapori Tart-b 100gr"
        data-price="8.34"
        data-id="26846"
        data-available="no"
        data-category="4611"
        data-bestselling="">
    <a href="https://www.spesati.com/sale-marin-sapori-tart-b-100gr">
        <div style="background-image: url('https://cdn.spesati.com/images/products/missing-image/missing-image.jpg')">
            <div class="hover"></div>
            
            <div class="stickers"></div>
        </div>
    </a>
    <div>
        <h4><a href="https://www.spesati.com/sale-marin-sapori-tart-b-100gr"><b>Sale Marin Sapori Tart-b 100gr</b></a></h4>
        <p class="description">0.1 Kg</p>
        <p class="right price"><b>8.34 €</b></p>
        <p class="right unitPrice">83.44 € per kg</p>
    </div>
    <div class="notAvailable">
    <a class="button bgDarkGrey white" href="https://www.spesati.com/sale-marin-sapori-tart-b-100gr">Not available</a>
</div>
</div><div class="left product prod121"
        data-name="Olio Semi Girasole Altole 10lt"
        data-price="37.03"
        data-id="24373"
        data-available="no"
        data-category="2126"
        data-bestselling="">
    <a href="https://www.spesati.com/olio-semi-girasole-altole-10lt">
        <div style="background-image: url('https://cdn.spesati.com/images/products/missing-image/missing-image.jpg')">
            <div class="hover"></div>
            
            <div class="stickers"></div>
        </div>
    </a>
    <div>
        <h4><a href="https://www.spesati.com/olio-semi-girasole-altole-10lt"><b>Olio Semi Girasole Altole 10lt</b></a></h4>
        <p class="description">10 Lt</p>
        <p class="right price"><b>37.03 €</b></p>
        <p class="right unitPrice">3.70 € per litre</p>
    </div>
    <div class="notAvailable">
    <a class="button bgDarkGrey white" href="https://www.spesati.com/olio-semi-girasole-altole-10lt">Not available</a>
</div>
</div><div class="left product prod122"
        data-name="Olio Ex Oliv Sapori Tartu 40ml"
        data-price="9.99"
        data-id="26845"
        data-available="no"
        data-category="2126"
        data-bestselling="">
    <a href="https://www.spesati.com/olio-ex-oliv-sapori-tartu-40ml">
        <div style="background-image: url('https://cdn.spesati.com/images/products/missing-image/missing-image.jpg')">
            <div class="hover"></div>
            
            <div class="stickers"></div>
        </div>
    </a>
    <div>
        <h4><a href="https://www.spesati.com/olio-ex-oliv-sapori-tartu-40ml"><b>Olio Ex Oliv Sapori Tartu 40ml</b></a></h4>
        <p class="description">0.04 Lt</p>
        <p class="right price"><b>9.99 €</b></p>
        <p class="right unitPrice">249.76 € per litre</p>
    </div>
    <div class="notAvailable">
    <a class="button bgDarkGrey white" href="https://www.spesati.com/olio-ex-oliv-sapori-tartu-40ml">Not available</a>
</div>
</div><div class="left product prod123"
        data-name="Olio Evo Orri Aglio Bt 250ml"
        data-price="7.09"
        data-id="71993"
        data-available="no"
        data-category="2126"
        data-bestselling="">
    <a href="https://www.spesati.com/olio-evo-orri-aglio-bt-250ml">
        <div style="background-image: url('https://cdn.spesati.com/images/products/missing-image/missing-image.jpg')">
            <div class="hover"></div>
            
            <div class="stickers"></div>
        </div>
    </a>
    <div>
        <h4><a href="https://www.spesati.com/olio-evo-orri-aglio-bt-250ml"><b>Olio Evo Orri Aglio Bt 250ml</b></a></h4>
        <p class="description">0.25 Lt</p>
        <p class="right price"><b>7.09 €</b></p>
        <p class="right unitPrice">28.36 € per litre</p>
    </div>
    <div class="notAvailable">
    <a class="button bgDarkGrey white" href="https://www.spesati.com/olio-evo-orri-aglio-bt-250ml">Not available</a>
</div>
</div><div class="left product prod124"
        data-name="Olio Semi Soia 4 Cuochi 1lt"
        data-price="2.63"
        data-id="84242"
        data-available="no"
        data-category="2126"
        data-bestselling="">
    <a href="https://www.spesati.com/olio-semi-soia-4-cuochi-1lt">
        <div style="background-image: url('https://cdn.spesati.com/images/products/missing-image/missing-image.jpg')">
            <div class="hover"></div>
            
            <div class="stickers"></div>
        </div>
    </a>
    <div>
        <h4><a href="https://www.spesati.com/olio-semi-soia-4-cuochi-1lt"><b>Olio Semi Soia 4 Cuochi 1lt</b></a></h4>
        <p class="description">1 Lt</p>
        <p class="right price"><b>2.63 €</b></p>
        <p class="right unitPrice">2.63 € per litre</p>
    </div>
    <div class="notAvailable">
    <a class="button bgDarkGrey white" href="https://www.spesati.com/olio-semi-soia-4-cuochi-1lt">Not available</a>
</div>
</div>        </div>
    </div>
</section>
<div class="footer">
    <div class="bgDarkGrey"></div>
    <footer>
        <div class="left bgDarkGrey">
            <a id="logoFooter" href="https://www.spesati.com/" class="estDynamic">
                <img src="http://cdn.spesati.com/images/layout/logo-eng.png" alt="Spesati.com" />
                <h2 class="red">Grocery Delivery</h2>
            </a>
            <a class="button bgRed white mobile" href="tel:390707968318">Phone order</a>
            <a class="button bgRed white desktop" href="https://www.spesati.com/news/2020-04-07/news-on-spesati-the-telephone-order-service-is-active">Phone order</a>
            <a class="button bgRed white" href="https://www.spesati.com/cdn-cgi/l/email-protection#bdd4d3dbd2fdcecdd8cedcc9d493ded2d0">Send mail</a>
            <div id="social">
                <a class="left" href="https://www.facebook.com/spesati/" rel="external" target="_blank">
                    <span class="facebook bgRed fa-stack fa-lg">
                        <i class="fa fa-facebook fa-stack-1x "></i>
                    </span>
                </a>
                <a class="right" href="https://twitter.com/spesati" rel="external" target="_blank">
                    <span class="twitter bgRed fa-stack fa-lg">
                        <i class="fa fa-twitter fa-stack-1x "></i>
                    </span>
                </a>
            </div>
            <p>Copyright 2024 Spesati.com </p>
            
                    <p>All rights reserved</p>
                    <p>SPESATI SRL</p>
                    <p>Corso Vittorio Veneto 15/I, 07026, Olbia</p>
                    <p>CF e P.Iva: 02772380909</p>
                        </div>
        <div class="center bgRed">
            <div class="top">
                <h3>Categories</h3>
                <div class="col">
                    <ul>
                        <li>
                            <a href="#" class="estDynamic">On sale</a>
                        </li>
                        <li>
                            <a href="https://www.spesati.com/fruit-and-vegetables" class="estDynamic">Fruit and vegetables</a>
                        </li>
                        <li>
                            <a href="https://www.spesati.com/fresh-products" class="estDynamic">Fresh products</a>
                        </li>
                        <li>
                            <a href="https://www.spesati.com/frozen-foods" class="estDynamic">Frozen foods</a>
                        </li>
                        <li>
                            <a href="https://www.spesati.com/bread-and-pasta" class="estDynamic">Bread and pasta</a>
                        </li>
                        <li>
                            <a href="https://www.spesati.com/meat" class="estDynamic">Meat</a>
                        </li>
                        <li>
                            <a href="https://www.spesati.com/fish" class="estDynamic">Fish</a>
                        </li>
                    </ul>
                </div>
                <div class="col">
                    <ul>
                        <li>
                            <a href="https://www.spesati.com/wine-beer-and-spirits" class="estDynamic">Wine beer and spirits</a>
                        </li>
                        <li>
                            <a href="https://www.spesati.com/water-and-drinks" class="estDynamic">Water and drinks</a>
                        </li>
                        <li>
                            <a href="https://www.spesati.com/sweets" class="estDynamic">Sweets</a>
                        </li>
                        <li>
                            <a href="https://www.spesati.com/shelf" class="estDynamic">Cupboard</a>
                        </li>
                        <li>
                            <a href="https://www.spesati.com/personal-care" class="estDynamic">Personal care</a>
                        </li>
                        <li>
                            <a href="https://www.spesati.com/household-and-outdoors" class="estDynamic">Home and outdoors</a>
                        </li>
                        <li>
                            <a href="https://www.spesati.com/pet" class="estDynamic">Pets</a>
                        </li>
                    </ul>
                </div>
                <div class="col">
                    <ul>
                        <li>
                            <a href="https://www.spesati.com/technology" class="estDynamic">Technology</a>
                        </li>
                        <li>
                            <a href="https://www.spesati.com/gluten-free" class="estDynamic">Gluten free</a>
                        </li>
                        <li>
                            <a href="https://www.spesati.com/lactose-free" class="estDynamic">Lactose free</a>
                        </li>
                        <li>
                            <a href="https://www.spesati.com/special" class="estDynamic">Special</a>
                        </li>
                        <li>
                            <a href="https://www.spesati.com/sardinian-products" class="estDynamic">Sardinian products</a>
                        </li>
                    </ul>
                </div>
            </div>
            <div class="bottom bgRed">
                <div class="left">
                    <h3>Delivery payment</h3>
                    <div>
                        <i class="fa fa-money fa-3x" aria-hidden="true"></i>
                        <p>Cash</p>
                    </div>
                    <div>
                        <i class="fa fa-credit-card fa-3x" aria-hidden="true"></i>
                        <p>Bancomat or card</p>
                    </div>
                </div>
                <div class="right">
                    <h3>Online payment</h3>
                    <div>
                        <i class="fa fa-credit-card fa-3x" aria-hidden="true"></i>
                        <p>Credit or debit card <span class="red">online</span></p>
                    </div>
                    <div>
                        <i class="fa fa-paypal fa-3x" aria-hidden="true"></i>
                        <p>PayPal</p>
                    </div>
                    <div>
                        <i class="fa fa-university fa-3x" aria-hidden="true"></i>
                        <p>Bank transfer</p>
                    </div>
                </div>
            </div>
        </div>
        <div class="right bgRed">
            <div>
                <i class="fa fa-truck fa-flip-horizontal"></i>
                <a class="button bgYellow white" href="https://www.spesati.com/delivery-prices">Delivery prices</a>
                
                    <h3>Home delivery:</h3>
                    <p><b>Monday to Saturday</b></p>
                    <p><b>9:00 to 20:00</b></p>
                    <p><b>Minimum order:</b> 29€</p>
                    <p><b>Delivery starting from:</b> 3,50€</p>
                            </div>
            <ul>
                <li>
                    <a href="https://www.spesati.com/delivery-prices">Delivery prices</a>
                </li>
                <li>
                    <a href="https://www.spesati.com/about">About</a>
                </li>
                <li>
                    <a href="https://www.spesati.com/faq">Faq</a>
                </li>
                <li>
                    <a href="https://www.spesati.com/customer-care">Support</a>
                </li>
                <li>
                    <a href="https://www.spesati.com/news">Blog</a>
                </li>
                <li>
                    <a href="https://www.spesati.com/terms-and-conditions">Conditions</a>
                </li>
                <li>
                    <a href="https://www.spesati.com/privacy-policy">Privacy policy</a>
                </li>
                <li>
                    <a href="https://www.spesati.com/legal-warranty">Legal guarantee</a>
                </li>
            </ul>
        </div>
    </footer>
    <div class="bgRed"></div>
</div>
<!--Start of Tawk.to Script-->
<script data-cfasync="false" src="https://www.spesati.com/cdn-cgi/scripts/5c5dd728/cloudflare-static/email-decode.min.js"></script><script type="text/javascript">
var Tawk_API=Tawk_API||{}, Tawk_LoadStart=new Date();
(function(){
var s1=document.createElement("script"),s0=document.getElementsByTagName("script")[0];
s1.async=true;
s1.src='https://embed.tawk.to/59e86945c28eca75e4626ed9/default';
s1.charset='UTF-8';
s1.setAttribute('crossorigin','*');
s0.parentNode.insertBefore(s1,s0);
})();
</script>
<!--End of Tawk.to Script-->

<!-- Here are parked a few translatable strings, useful for Javascript rendering -->
<div id="js-texts" hidden>
    <input type="hidden" name="save_cart_notice" value="Saving your cart it will be possible to reload it next time you come for shopping">
    <input type="hidden" name="save_cart_notice_title" value="Want to save your cart?">
    <input type="hidden" name="save_cart_ok" value="Save">
    <input type="hidden" name="save_cart_ko" value="Don't Save">
    <input type="hidden" name="reload_cart" value="The Reload Order function allows you to top up your last cart to make a New Order. Warning: do not use this function to add products to the last order. At this time it is not possible to modify an order placed previously.">
</div>

<!-- new site and login popup -->
</body>
<!-- Mirrored from www.spesati.com/shelf/oil-salt-vinegar by HTTrack Website Copier/3.x [XR&CO'2014], Fri, 23 Feb 2024 18:50:08 GMT -->
</html>