<!DOCTYPE html><html lang="en">
<!-- Mirrored from www.spesati.com/shelf/sauces by HTTrack Website Copier/3.x [XR&CO'2014], Fri, 23 Feb 2024 18:50:10 GMT -->
<!-- Added by HTTrack --><meta http-equiv="content-type" content="text/html;charset=utf-8" /><!-- /Added by HTTrack -->
<head>
    <title>Sauces - Cupboard - Spesati.com</title>
    <meta http-equiv="Content-Type" content="text/html; charset=UTF-8" />
    <meta name="description" content="" />
    <meta name="keywords" content="" />
    <link href="https://www.spesati.com/images/favicon.ico" rel="shortcut icon" type="image/x-icon" />
    <meta name="author" content="www.dodify.com" /><link rel="canonical" href="https://www.spesati.com/shelf/sauces" /><link rel="alternate" hreflang="en" href="https://www.spesati.com/shelf/sauces" /><link rel="alternate" hreflang="it" href="https://www.spesati.it/scaffale/sughi-e-salse" /><link href="https://cdnjs.cloudflare.com/ajax/libs/meyer-reset/2.0/reset.min.css" rel="stylesheet" type="text/css" /><link href="https://cdnjs.cloudflare.com/ajax/libs/font-awesome/6.5.1/css/all.min.css" rel="stylesheet" type="text/css" /><link href="https://fonts.googleapis.com/css?family=Montserrat:400,700" rel="stylesheet" type="text/css" /><link href="http://cdnjs.cloudflare.com/ajax/libs/fancybox/2.1.5/jquery.fancybox.min.css" rel="stylesheet" type="text/css" /><link href="https://www.spesati.com/style/main.css?v=7" rel="stylesheet" type="text/css" /><link href="https://www.spesati.com/style/lightslider.css" rel="stylesheet" type="text/css" /><link href="https://www.spesati.com/style/categories.css" rel="stylesheet" type="text/css" /><script src="https://cdnjs.cloudflare.com/ajax/libs/jquery/3.6.1/jquery.min.js" type="text/javascript"></script><script src="http://ajax.googleapis.com/ajax/libs/jquery/1.11.0/jquery.min.js" type="text/javascript"></script><script src="http://unpkg.com/@floating-ui/core@0.4.0" type="text/javascript"></script><script src="http://unpkg.com/@floating-ui/dom@0.2.0" type="text/javascript"></script><script src="http://cdnjs.cloudflare.com/ajax/libs/fancybox/2.1.5/jquery.fancybox.min.js" type="text/javascript"></script><script src="https://www.spesati.com/js/menu.js" type="text/javascript"></script><script src="https://www.spesati.com/js/interface.js?v=10" type="text/javascript"></script><script src="https://www.spesati.com/js/spesati.lightslider.min.js" type="text/javascript"></script><meta name="viewport" content="width=device-width, initial-scale=1, maximum-scale=1" /><meta name = "format-detection" content = "telephone=no">
<!-- Facebook Pixel Code -->
<script>
  !function(f,b,e,v,n,t,s)
  {if(f.fbq)return;n=f.fbq=function(){n.callMethod?
  n.callMethod.apply(n,arguments):n.queue.push(arguments)};
  if(!f._fbq)f._fbq=n;n.push=n;n.loaded=!0;n.version='2.0';
  n.queue=[];t=b.createElement(e);t.async=!0;
  t.src=v;s=b.getElementsByTagName(e)[0];
  s.parentNode.insertBefore(t,s)}(window, document,'script',
  'https://connect.facebook.net/en_US/fbevents.js');
  fbq('init', '792335014180667');
  fbq('track', 'PageView');
</script>
<noscript>
    <img height="1" width="1" style="display:none" src="https://www.facebook.com/tr?id=792335014180667&amp;ev=PageView&amp;noscript=1" />
</noscript>
<!-- End Facebook Pixel Code -->

<!-- GA4 -->
<script async src="https://www.googletagmanager.com/gtag/js?id=G-SSS6NRNXL0"></script>
<script>
  window.dataLayer = window.dataLayer || [];
  function gtag(){dataLayer.push(arguments);}
  gtag('js', new Date());
  gtag('config', 'AW-976671669');
  gtag('config', 'G-SSS6NRNXL0');
</script>
<!-- Elements for PWA deploy -->
<link rel="manifest" href="https://www.spesati.com/manifest.json">
<meta name="theme-color" media="(prefers-color-scheme: light)" content="white">
<meta name="theme-color" media="(prefers-color-scheme: dark)"  content="black">
<link href=https://www.spesati.com/images/icon-192.png rel=apple-touch-icon sizes="192x192">
<!-- Establishment logic -->
<script>var pageEstablishment = "Olbia"; var estDefaultPages = true</script>
    <!--[if lt IE 9]>
        <script src="https://cdnjs.cloudflare.com/ajax/libs/html5shiv/3.7.3/html5shiv.min.js" type="text/javascript"></script>
    <![endif]--><script type="text/javascript">
$(document).ready(function() {
    // Check if exists cookie
    if(document.cookie.indexOf("cookieAccepted") < 0) {
        var cookieText = '<div id=\"cookie\"><p>This site uses cookies. Cookies are used for ads personalisation. <a href=\"/privacy-policy\">More info</a></p><button id=\"cookieConsent\" type=\"button\">Accept</button></div>';
        $("body").append($(
            cookieText
        ));
        $('#cookie').css({
            'width'           : '100%',
            'text-align'      : 'center',
            'color'           : '#FFFFFF',
            'background-color': '#000000', 
            'opacity'         : '.8', 
            'position'        : 'fixed', 
            'bottom'          : '0',
            'padding'         : '.5em 0',
            'z-index'         : '999'
        });
        $('#cookie > *').css({
            'display': 'inline'
        });
        $('#cookie a').css({
            'color'          : '#FFFFFF',
            'text-decoration': 'underline',
            'margin-right'   : '2%'
        });
        $('#cookieConsent').click(function() {
            // Set cookie
            var expiry = new Date();
            expiry.setTime(expiry.getTime() + (365 * 24 * 60 * 60 * 1000));
            document.cookie = "cookieAccepted=yes; expires=" + expiry.toGMTString() + "; path=/; domain=.spesati.com";
            $('#cookie').css({'display': 'none'});
        });
    }
});
</script></head><body><script type="text/javascript">
    var addText = "Add";
    var slider  = null;
    $(document).ready(function() {
        slider = $('#cartSlider').lightSlider({
            controls: false,
            item:13,
            loop:false,
            slideMove:1,
            easing: 'cubic-bezier(0.25, 0, 0.25, 1)',
            speed:600,
            responsive : [
                {
                    breakpoint:1400,
                    settings: {
                        item:12,
                        slideMove:1,
                    }
                },
                {
                    breakpoint:1200,
                    settings: {
                        item:11,
                        slideMove:1,
                    }
                },
                {
                    breakpoint:1080,
                    settings: {
                        item:14,
                        slideMove:1,
                    }
                },
                {
                    breakpoint:800,
                    settings: {
                        item:12,
                        slideMove:1,
                    }
                }
            ]
        });
        $('.lSPager').css("display","none");
        $('.lSAction').css("display","block");
        $('#goToPrevSlide').on('click', function () {
            slider.goToPrevSlide();
        });
        $('#goToNextSlide').on('click', function () {
            slider.goToNextSlide();
        });
    });

</script>
<div id="header" class="bgYellow">
    <header>
        <a class="menu" href="#"><i class="fa red fa-bars fa-2x"></i></a>
        <a id="logo" class="colLeft estDynamic" href="https://www.spesati.com/">
            <img src="http://cdn.spesati.com/images/layout/logo-eng.png" alt="Spesati.com" />
            <h2 class="red">Grocery Delivery</h2>
        </a>
        <div class="colRight">
            <div id="controls" class="right">
                <p id="establishmentControls">
                    <span class="establishmentWarning"><i class="fa-solid fa-triangle-exclamation red" title="Stai visualizzando i prodotti disponibili in una zona diversa. Se vuoi cambiare zona, cliccan qui"></i>&nbsp;&nbsp;</span>
                    Shopping from <b><a id="establishment" href="#"></a></b> <span id="estAddress">for </span> <a href="https://www.spesati.com/change-establishment">(<i class="fa-solid fa-pencil"></i> Change)</a> <span class="establishmentWarning">but viewing <b>Olbia</b></span>
                </p>
                <p><a href="https://www.spesati.it/scaffale/sughi-e-salse" class="black switch-site">Versione italiana</a></p>                
            </div>
            <div>
                <form id="search" action="https://www.spesati.com/search" method="post" class="left">
                    <fieldset>
                        <div>
                            <input type="text" name="searchBox" id="searchBox" placeholder="Search for a product"></input>
                            <input id="searchButton" type="submit" name="searchButton" class="button bgRed white left" value="Find" />
                        </div>
                    </fieldset>
                </form>
                <div class="center left">
                    <a class="button bgRed white log-in" href="https://www.spesati.com/login">Login</a>
                    <a class="button bgRed white sign-up" href="https://www.spesati.com/sign-up">Sign up</a>
                    <a class="button bgRed white profile" href="https://www.spesati.com/profile">Profile</a>
                    <a class="button bgRed white log-out" href="https://www.spesati.com/logout" data-endpoint-check-cart="https://api.spesati.com/cart/check">Logout</a>
                </div>
                <div class="right user-function-icons">
                    <a class="red left account"><i class="fa fa-user fa-3x"></i></a>
                    <div id="dropdown">
                        <a class="log-in button bgRed white" href="https://www.spesati.com/login">Login</a>
                        <a class="sign-up button bgRed white" href="https://www.spesati.com/sign-up">Sign up</a>
                        <a class="profile button bgRed white" href="https://www.spesati.com/profile">Profile</a>
                        <a class="log-out button bgRed white" href="https://www.spesati.com/logout">Logout</a>
                    </div>

                    <div class="cart left">
                        <i class="fa fa-sm fa-shopping-cart red" aria-hidden="true" id="shipping-cart-button"></i>
                        <p id="cartQuantity"></p>
                    </div>

                    <a class="right" href="https://www.spesati.com/cart"><p class="black" id="cartTotal"></p></a>
                </div>
            </div>
                            <div id="previewCart">
                    <i id="goToPrevSlide" class="yellow fa fa-angle-left fa-2x" aria-hidden="true"></i>
                    <div><ul id="cartSlider"></ul></div>
                    <i id="goToNextSlide" class="yellow fa fa-angle-right fa-2x" aria-hidden="true"></i>
                </div>
                    </div>
    </header>

    <div id="shipping-cart-options" data-inited="false">
        <a href="https://www.spesati.com/cart" class="goto-cart">checkout</a>
        <a href="#" data-endpoint-auth="https://api.spesati.com/cart/save" data-endpoint-noauth="/login" class="save-cart">save</a>
        <a href="#" data-endpoint-auth="https://api.spesati.com/cart/load" class="load-cart">load</a>
    </div>
</div>
<div id="menuCategoriesMobile" class="mobile bgRed">
    <div class="closeMenu">
        <i class="fa fa-times fa-2x white"></i>
        Close
    </div>
    <ul class="bgRed white">
        <div id="langMobile" class="right">
        <a href="https://www.spesati.it/scaffale/sughi-e-salse" class="white switch-site"><p>Versione italiana</p></a>    </div>
        <li><a>Categories</a>
            <ul class="bgWhite">
                <li>
                    <img src="http://cdn.spesati.com/images/menu/on-sale.png"/>
                    On sale                    <i class="fa fa-angle-down" aria-hidden="true"></i>
                    <ul class="sub-menu">
                    <li>
    <a href="https://www.spesati.com/tacchino-fesa-a-fette">Tacchino Fesa A Fette</a>
</li><li>
    <a href="https://www.spesati.com/amaro-montenegro-15lt">Amaro Montenegro 1,5lt</a>
</li><li>
    <a href="https://www.spesati.com/carbone-di-legna-sacco-10kg">Carbone Di Legna Sacco 10Kg</a>
</li><li>
    <a href="https://www.spesati.com/filu-e-ferru-silvio-carta-70cl">Filu E Ferru Silvio Carta 70Cl</a>
</li><li>
    <a href="https://www.spesati.com/braciole-suino-con-cotenna">Braciole Suino Con Cotenna</a>
</li><li>
    <a href="https://www.spesati.com/bovino-adulto-polpa">Bovino Adulto Polpa</a>
</li><li>
    <a href="https://www.spesati.com/vino-la-palma-cannonau-le-bombarde">Vino La Palma Cannonau Le Bombarde</a>
</li><li>
    <a href="https://www.spesati.com/fettine-sceltissime-bovino-adulto">Fettine Sceltissime Bovino Adulto</a>
</li><li>
    <a href="https://www.spesati.com/suino-fettine-scelte">Suino Fettine Scelte</a>
</li><li>
    <a href="https://www.spesati.com/lavazza-caffe-qualita-rossa-2x250gr">Lavazza Caffé Qualità Rossa 2x250gr</a>
</li>                        <li>
                            <a class="estDynamic" href="https://www.spesati.com/on-offer">All products on sale</a>
                        </li>
                    </ul>
                </li>
                <li>
                    <img src="http://cdn.spesati.com/images/menu/gift.png"/>
                    Gifts                    <i class="fa fa-angle-down" aria-hidden="true"></i>
                    <ul class="sub-menu">
                        <li>
    <a href="https://www.spesati.com/gift-card-da-150">Gift Card Da 150</a>
</li><li>
    <a href="https://www.spesati.com/gift-card-da-100">Gift Card Da 100</a>
</li><li>
    <a href="https://www.spesati.com/gift-card-da-50">Gift Card Da 50</a>
</li><li>
    <a href="https://www.spesati.com/gift-card-da-25">Gift Card Da 25</a>
</li>                        <li>
                            <a class="estDynamic" href="https://www.spesati.com/gift">All products in the gifts category</a>
                        </li>
                    </ul>
                </li>
                <li>
                    <img src="http://cdn.spesati.com/images/menu/gift-card.png"/>
                    Gift card and discounts                    <i class="fa fa-angle-down" aria-hidden="true"></i>
                    <ul class="sub-menu">
                        <li>
    <a href="https://www.spesati.com/gift-card-da-150">Gift Card Da 150</a>
</li><li>
    <a href="https://www.spesati.com/gift-card-da-100">Gift Card Da 100</a>
</li><li>
    <a href="https://www.spesati.com/gift-card-da-50">Gift Card Da 50</a>
</li><li>
    <a href="https://www.spesati.com/gift-card-da-25">Gift Card Da 25</a>
</li>                    </ul>
                </li>
                <li>
                    <img src="http://cdn.spesati.com/images/menu/fuit-and-vegetables.png"/>
                    Fruit and vegetables                    <i class="fa fa-angle-down" aria-hidden="true"></i>
                    <ul class="sub-menu">
                        <li>
                            <a class="estDynamic" href="https://www.spesati.com/fruit-and-vegetables/pulses-and-beans">Cereals and pulses and beans</a>
                        </li>
                        <li>
                            <a class="estDynamic" href="https://www.spesati.com/fruit-and-vegetables/fruit">Fruit</a>
                        </li>
                        <li>
                            <a class="estDynamic" href="https://www.spesati.com/fruit-and-vegetables/canned-fruit">Canned fruit</a>
                        </li>
                        <li>
                            <a class="estDynamic" href="https://www.spesati.com/fruit-and-vegetables/dried-fruit">Dried fruit</a>
                        </li>
                        <li>
                            <a class="estDynamic" href="https://www.spesati.com/fruit-and-vegetables/ready-salads">Ready salads</a>
                        </li>
                        <li>
                            <a class="estDynamic" href="https://www.spesati.com/fruit-and-vegetables/fresh-spices">Fresh spices</a>
                        </li>
                        <li>
                            <a class="estDynamic" href="https://www.spesati.com/fruit-and-vegetables/vegetables">Vegetables and soy</a>
                        </li>
                    </ul>
                </li>
                <li>
                    <img src="http://cdn.spesati.com/images/menu/fresh-products.png"/>
                    Fresh products                    <i class="fa fa-angle-down" aria-hidden="true"></i>
                    <ul class="sub-menu">
                        <li>
                            <a class="estDynamic" href="https://www.spesati.com/fresh-products/margarine-and-butter">Butter and margarine</a>
                        </li>
                        <li>
                            <a class="estDynamic" href="https://www.spesati.com/fresh-products/danone">Danone</a>
                        </li>
                        <li>
                            <a class="estDynamic" href="https://www.spesati.com/fresh-products/dessert">Dessert</a>
                        </li>
                        <li>
                            <a class="estDynamic" href="https://www.spesati.com/fresh-products/sweets">Sweets</a>
                        </li>
                        <li>
                            <a class="estDynamic" href="https://www.spesati.com/fresh-products/dairy-products">Dairy product</a>
                        </li>
                        <li>
                            <a class="estDynamic" href="https://www.spesati.com/fresh-products/bakery">Yeast</a>
                        </li>
                        <li>
                            <a class="estDynamic" href="https://www.spesati.com/fresh-products/mascarpone">Mascarpone</a>
                        </li>
                        <li>
                            <a class="estDynamic" href="https://www.spesati.com/fresh-products/snacks">Snacks</a>
                        </li>
                        <li>
                            <a class="estDynamic" href="https://www.spesati.com/fresh-products/mozzarella">Mozzarella</a>
                        </li>
                        <li>
                            <a class="estDynamic" href="https://www.spesati.com/fresh-products/pasta">Pasta</a>
                        </li>
                        <li>
                            <a class="estDynamic" href="https://www.spesati.com/fresh-products/pesto-and-sauces">Pesto and sauces</a>
                        </li>
                        <li>
                            <a class="estDynamic" href="https://www.spesati.com/fresh-products/ricotta-and-cheese">Ricotta and cheese</a>
                        </li>
                        <li>
                            <a class="estDynamic" href="https://www.spesati.com/fresh-products/cured-meat">Cured meat</a>
                        </li>
                        <li>
                            <a class="estDynamic" href="https://www.spesati.com/fresh-products/wurstel">Würstel</a>
                        </li>
                        <li>
                            <a class="estDynamic" href="https://www.spesati.com/fresh-products/yogurt">Yogurt</a>
                        </li>
                    </ul>
                </li>
                <li>
                    <img src="http://cdn.spesati.com/images/menu/frozen-foods.png"/>
                    Frozen foods                    <i class="fa fa-angle-down" aria-hidden="true"></i>
                    <ul class="sub-menu">
                        <li>
                            <a class="estDynamic" href="https://www.spesati.com/frozen-foods/meat">Meat</a>
                        </li>
                        <li>
                            <a class="estDynamic" href="https://www.spesati.com/frozen-foods/ice-creams">Ice cream and sweet</a>
                        </li>
                        <li>
                            <a class="estDynamic" href="https://www.spesati.com/frozen-foods/pasta">Pasta</a>
                        </li>
                        <li>
                            <a class="estDynamic" href="https://www.spesati.com/frozen-foods/fish">Fish</a>
                        </li>
                        <li>
                            <a class="estDynamic" href="https://www.spesati.com/frozen-foods/ready-meals">Ready meals</a>
                        </li>
                        <li>
                            <a class="estDynamic" href="https://www.spesati.com/frozen-foods/pizzas">Pizzas</a>
                        </li>
                        <li>
                            <a class="estDynamic" href="https://www.spesati.com/frozen-foods/vegetables">Vegetables and soy</a>
                        </li>
                    </ul>
                </li>
                <li>
                    <img src="http://cdn.spesati.com/images/menu/bread-and-pasta.png"/>
                    Bread and pasta                    <i class="fa fa-angle-down" aria-hidden="true"></i>
                    <ul class="sub-menu">
                        <li>
                            <a class="estDynamic" href="https://www.spesati.com/bread-and-pasta/crackers">Crackers</a>
                        </li>
                        <li>
                            <a class="estDynamic" href="https://www.spesati.com/bread-and-pasta/rusks">Rusks</a>
                        </li>
                        <li>
                            <a class="estDynamic" href="https://www.spesati.com/bread-and-pasta/white-bread">White bread</a>
                        </li>
                        <li>
                            <a class="estDynamic" href="https://www.spesati.com/bread-and-pasta/local-bread">Local bread</a>
                        </li>
                        <li>
                            <a class="estDynamic" href="https://www.spesati.com/bread-and-pasta/soft-bread">Soft bread</a>
                        </li>
                        <li>
                            <a class="estDynamic" href="https://www.spesati.com/bread-and-pasta/sardinian-bread">Sardinian bread</a>
                        </li>
                        <li>
                            <a class="estDynamic" href="https://www.spesati.com/bread-and-pasta/bakery">Bakery</a>
                        </li>
                        <li>
                            <a class="estDynamic" href="https://www.spesati.com/bread-and-pasta/pasta">Pasta</a>
                        </li>
                        <li>
                            <a class="estDynamic" href="https://www.spesati.com/bread-and-pasta/fresh-pasta">Fresh pasta</a>
                        </li>
                    </ul>
                </li>
                <li>
                    <img src="http://cdn.spesati.com/images/menu/meat.png"/>
                    Meat                    <i class="fa fa-angle-down" aria-hidden="true"></i>
                    <ul class="sub-menu">
                        <li>
                            <a class="estDynamic" href="https://www.spesati.com/meat/beef">Beef</a>
                        </li>
                        <li>
                            <a class="estDynamic" href="https://www.spesati.com/meat/goat">Goat</a>
                        </li>
                        <li>
                            <a class="estDynamic" href="https://www.spesati.com/meat/packaged-meat">Packaged meat</a>
                        </li>
                        <li>
                            <a class="estDynamic" href="https://www.spesati.com/meat/rabbit">Rabbit</a>
                        </li>
                        <li>
                            <a class="estDynamic" href="https://www.spesati.com/meat/horse">Horse</a>
                        </li>
                        <li>
                            <a class="estDynamic" href="https://www.spesati.com/meat/pork">Pork</a>
                        </li>
                        <li>
                            <a class="estDynamic" href="https://www.spesati.com/meat/lamb">Lamb</a>
                        </li>
                        <li>
                            <a class="estDynamic" href="https://www.spesati.com/meat/poultry">Poultry</a>
                        </li>
                    </ul>
                </li>
                <li>
                    <img src="http://cdn.spesati.com/images/menu/fish.png"/>
                    Fish                    <i class="fa fa-angle-down" aria-hidden="true"></i>
                    <ul class="sub-menu">
                        <li>
                            <a class="estDynamic" href="https://www.spesati.com/fish/fresh-water">Fresh water</a>
                        </li>
                        <li>
                            <a class="estDynamic" href="https://www.spesati.com/fish/salt-water">Salt water</a>
                        </li>
                        <li>
                            <a class="estDynamic" href="https://www.spesati.com/fish/mussels">Mussels</a>
                        </li>
                        <li>
                            <a class="estDynamic" href="https://www.spesati.com/fish/dried-and-salted">Dried and salted</a>
                        </li>
                        <li>
                            <a class="estDynamic" href="https://www.spesati.com/fish/seafood-salad">Seafood salad</a>
                        </li>
                        <li>
                            <a class="estDynamic" href="https://www.spesati.com/fish/prepared">Prepared</a>
                        </li>
                        <li>
                            <a class="estDynamic" href="https://www.spesati.com/fish/specialty">Specialty</a>
                        </li>   
                        <li>
                            <a class="estDynamic" href="https://www.spesati.com/fish/tuna-and-salmon">Tuna and salmon</a>
                        </li>
                    </ul>
                </li>
                <li>
                    <img src="http://cdn.spesati.com/images/menu/alcohol.png"/>
                    Wine beer and spirits                    <i class="fa fa-angle-down" aria-hidden="true"></i>
                    <ul class="sub-menu">
                        <li>
                            <a class="estDynamic" href="https://www.spesati.com/wine-beer-and-spirits/spirits-and-liquors">Alcohol</a>
                        </li>
                        <li>
                            <a class="estDynamic" href="https://www.spesati.com/wine-beer-and-spirits/bitters">Bitters</a>
                        </li>
                        <li>
                            <a class="estDynamic" href="https://www.spesati.com/wine-beer-and-spirits/aperatif">Aperatifs</a>
                        </li>
                        <li>
                            <a class="estDynamic" href="https://www.spesati.com/wine-beer-and-spirits/beer">Beer</a>
                        </li>
                        <li>
                            <a class="estDynamic" href="https://www.spesati.com/wine-beer-and-spirits/creams">Creams</a>
                        </li>
                        <li>
                            <a class="estDynamic" href="https://www.spesati.com/wine-beer-and-spirits/spirits">Spirits</a>
                        </li>
                        <li>
                            <a class="estDynamic" href="https://www.spesati.com/wine-beer-and-spirits/liquors">Liquors</a>
                        </li>
                        <li>
                            <a class="estDynamic" href="https://www.spesati.com/wine-beer-and-spirits/white-wine">White wine</a>
                        </li>
                        <li>
                            <a class="estDynamic" href="https://www.spesati.com/wine-beer-and-spirits/prosecco-wine">Prosecco wine</a>
                        </li>
                        <li>
                            <a class="estDynamic" href="https://www.spesati.com/wine-beer-and-spirits/rose-wine">Rose wine</a>
                        </li>
                        <li>
                            <a class="estDynamic" href="https://www.spesati.com/wine-beer-and-spirits/red-wine">Red wine</a>
                        </li>
                        <li>
                            <a class="estDynamic" href="https://www.spesati.com/wine-beer-and-spirits/specialty-wine">Special wine</a>
                        </li>
                        <li>
                            <a class="estDynamic" href="https://www.spesati.com/wine-beer-and-spirits/sparkling-wine">Sparkling wine</a>
                        </li>
                        <li>
                            <a class="estDynamic" href="https://www.spesati.com/wine-beer-and-spirits/vermentino-wine">Vermentino wine</a>
                        </li>
                    </ul>
                </li>
                <li>
                    <img src="http://cdn.spesati.com/images/menu/water-and-drinks.png"/>
                    Water and drinks                    <i class="fa fa-angle-down" aria-hidden="true"></i>
                    <ul class="sub-menu">
                        <li>
                            <a class="estDynamic" href="https://www.spesati.com/water-and-drinks/san-martino">San Martino</a>
                        </li>
                        <li>
                            <a class="estDynamic" href="https://www.spesati.com/water-and-drinks/water">Water</a>
                        </li>
                        <li>
                            <a class="estDynamic" href="https://www.spesati.com/water-and-drinks/alpro">Alpro</a>
                        </li>
                        <li>
                            <a class="estDynamic" href="https://www.spesati.com/water-and-drinks/fizzy-drinks">Fizzy drinks</a>
                        </li>
                        <li>
                            <a class="estDynamic" href="https://www.spesati.com/water-and-drinks/coca-cola">Coca-Cola</a>
                        </li>
                        <li>
                            <a class="estDynamic" href="https://www.spesati.com/water-and-drinks/energy-drink">Energy drink</a>
                        </li>
                        <li>
                            <a class="estDynamic" href="https://www.spesati.com/water-and-drinks/syrups">Syrups</a>
                        </li>
                        <li>
                            <a class="estDynamic" href="https://www.spesati.com/water-and-drinks/supplements">Supplements</a>
                        </li>
                        <li>
                            <a class="estDynamic" href="https://www.spesati.com/water-and-drinks/instant-drinks">Instant drinks</a>
                        </li>
                        <li>
                            <a class="estDynamic" href="https://www.spesati.com/water-and-drinks/juice">Juice</a>
                        </li>
                        <li>
                            <a class="estDynamic" href="https://www.spesati.com/water-and-drinks/tea">Tea</a>
                        </li>
                    </ul>
                </li>
                <li>
                    <img src="http://cdn.spesati.com/images/menu/sweets.png"/>
                    Sweets                    <i class="fa fa-angle-down" aria-hidden="true"></i>
                    <ul class="sub-menu">
                        <li>
                            <a class="estDynamic" href="https://www.spesati.com/sweets/bars-and-snacks">Bars and snacks</a>
                        </li>
                        <li>
                            <a class="estDynamic" href="https://www.spesati.com/sweets/biscuits">Biscuits</a>
                        </li>
                        <li>
                            <a class="estDynamic" href="https://www.spesati.com/sweets/brioches">Brioches</a>
                        </li>
                        <li>
                            <a class="estDynamic" href="https://www.spesati.com/sweets/candy-and-chewing-gum">Candy and chewing gum</a>
                        </li>
                        <li>
                            <a class="estDynamic" href="https://www.spesati.com/sweets/cereals">Cereals</a>
                        </li>
                        <li>
                            <a class="estDynamic" href="https://www.spesati.com/sweets/chocolate">Chocolate</a>
                        </li>
                        <li>
                            <a class="estDynamic" href="https://www.spesati.com/sweets/spreadable-creams">Spreads</a>
                        </li>
                        <li>
                            <a class="estDynamic" href="https://www.spesati.com/sweets/dessert-toppings">Dessert toppings</a>
                        </li>
                        <li>
                            <a class="estDynamic" href="https://www.spesati.com/sweets/jam">Jam</a>
                        </li>
                        <li>
                            <a class="estDynamic" href="https://www.spesati.com/sweets/honey">Honey</a>
                        </li>
                        <li>
                            <a class="estDynamic" href="https://www.spesati.com/sweets/panettoni-and-pandoro">Panettone and pandoro</a>
                        </li>
                        <li>
                            <a class="estDynamic" href="https://www.spesati.com/sweets/pastry">Pastry</a>
                        </li>
                        <li>
                            <a class="estDynamic" href="https://www.spesati.com/sweets/instant-dessert">Prepared</a>
                        </li>
                        <li>
                            <a class="estDynamic" href="https://www.spesati.com/sweets/cakes-and-pies">Cakes and pies</a>
                        </li>
                        <li>
                            <a class="estDynamic" href="https://www.spesati.com/sweets/easter-eggs-and-doves">Easter eggs and doves</a>
                        </li>
                    </ul>
                </li>
                <li>
                    <img src="http://cdn.spesati.com/images/menu/shelf.png"/>
                    Cupboard                    <i class="fa fa-angle-down" aria-hidden="true"></i>
                    <ul class="sub-menu">
                        <li>
                            <a class="estDynamic" href="https://www.spesati.com/shelf/coffee">Coffee</a>
                        </li>
                        <li>
                            <a class="estDynamic" href="https://www.spesati.com/shelf/gift-baskets">Gift baskets</a>
                        </li>
                        <li>
                            <a class="estDynamic" href="https://www.spesati.com/shelf/stock-cubes">Nuts and preparations</a>
                        </li>
                        <li>
                            <a class="estDynamic" href="https://www.spesati.com/shelf/flour-and-baking">Flour and baking</a>
                        </li>
                        <li>
                            <a class="estDynamic" href="https://www.spesati.com/shelf/milk">Milk</a>
                        </li>
                        <li>
                            <a class="estDynamic" href="https://www.spesati.com/shelf/oil-salt-vinegar">Oil, vinegar and salt</a>
                        </li>
                        <li>
                            <a class="estDynamic" href="https://www.spesati.com/shelf/cream-and-bechamel">Cream and bechamel</a>
                        </li>
                        <li>
                            <a class="estDynamic" href="https://www.spesati.com/shelf/crisps-and-pretzels">Crisps and pretzels</a>
                        </li>
                        <li>
                            <a class="estDynamic" href="https://www.spesati.com/shelf/baby-and-infants-products">Early childhood products</a>
                        </li>
                        <li>
                            <a class="estDynamic" href="https://www.spesati.com/shelf/rice">Rice</a>
                        </li>
                        <li>
                            <a class="estDynamic" href="https://www.spesati.com/shelf/tins-and-preserves">Tins and Preserves</a>
                        </li>
                        <li>
                            <a class="estDynamic" href="https://www.spesati.com/shelf/spices">Spices</a>
                        </li>
                        <li>
                            <a class="estDynamic" href="https://www.spesati.com/shelf/sauces">Sauces</a>
                        </li>
                        <li>
                            <a class="estDynamic" href="https://www.spesati.com/shelf/tea-and-infusions">Tea and infusions</a>
                        </li>
                        <li>
                            <a class="estDynamic" href="https://www.spesati.com/shelf/eggs">Eggs</a>
                        </li>
                        <li>
                            <a class="estDynamic" href="https://www.spesati.com/shelf/sugar-and-sweeteners">Sugar and sweeteners</a>
                        </li>
                    </ul>
                </li>
                <li>
                    <img src="http://cdn.spesati.com/images/menu/personal-care.png"/>
                    Personal care                    <i class="fa fa-angle-down" aria-hidden="true"></i>
                    <ul class="sub-menu">
                        <li>
                            <a class="estDynamic" href="https://www.spesati.com/personal-care/accessories-and-cotton">Accessories and cotton</a>
                        </li>
                        <li>
                            <a class="estDynamic" href="https://www.spesati.com/personal-care/feminine-care-incontinence-and-baby-diapers">Feminine incontinence and diapers</a>
                        </li>
                        <li>
                            <a class="estDynamic" href="https://www.spesati.com/personal-care/shower-gel">Shower gel</a>
                        </li>
                        <li>
                            <a class="estDynamic" href="https://www.spesati.com/personal-care/creams">Creams</a>
                        </li>
                        <li>
                            <a class="estDynamic" href="https://www.spesati.com/personal-care/deodorant">Deodorant</a>
                        </li>
                        <li>
                            <a class="estDynamic" href="https://www.spesati.com/personal-care/hair-removal">Hair removal</a>
                        </li>
                        <li>
                            <a class="estDynamic" href="https://www.spesati.com/personal-care/disinfectants">Disinfectants</a>
                        </li>
                        <li>
                            <a class="estDynamic" href="https://www.spesati.com/personal-care/oral-hygiene">Oral hygiene</a>
                        </li>
                        <li>
                            <a class="estDynamic" href="https://www.spesati.com/personal-care/supplements-and-multivitamins">Supplements and multivitamins</a>
                        </li>
                        <li>
                            <a class="estDynamic" href="https://www.spesati.com/personal-care/first-aid">First aid label</a>
                        </li>
                        <li>
                            <a class="estDynamic" href="https://www.spesati.com/personal-care/beard-products">Beard products</a>
                        </li>
                        <li>
                            <a class="estDynamic" href="https://www.spesati.com/personal-care/hairs-products">Hair products</a>
                        </li>
                        <li>
                            <a class="estDynamic" href="https://www.spesati.com/personal-care/perfume">Perfumes</a>
                        </li>
                        <li>
                            <a class="estDynamic" href="https://www.spesati.com/personal-care/wipes">Wipes</a>
                        </li>
                        <li>
                            <a class="estDynamic" href="https://www.spesati.com/personal-care/soaps-and-body-wash">Soaps and body wash</a>
                        </li>
                        <li>
                            <a class="estDynamic" href="https://www.spesati.com/personal-care/shampoo-and-conditioner">Shampoo and conditioner</a>
                        </li>
                    </ul>
                </li>
                <li>
                    <img src="http://cdn.spesati.com/images/menu/pellet-and-home.png"/>
                    Home and outdoors                    <i class="fa fa-angle-down" aria-hidden="true"></i>
                    <ul class="sub-menu">
                        <li>
                            <a class="estDynamic" href="https://www.spesati.com/household-and-outdoors/distilled-water">Distilled water</a>
                        </li>
                        <li>
                            <a class="estDynamic" href="https://www.spesati.com/household-and-outdoors/car-products">Cars</a>
                        </li>
                        <li>
                            <a class="estDynamic" href="https://www.spesati.com/household-and-outdoors/bin-bags-and-buckets">Bin bags and buckets</a>
                        </li>
                        <li>
                            <a class="estDynamic" href="https://www.spesati.com/household-and-outdoors/bleach-and-stain-removers">Bleach and stain removers</a>
                        </li>
                        <li>
                            <a class="estDynamic" href="https://www.spesati.com/household-and-outdoors/candles">Candles</a>
                        </li>
                        <li>
                            <a class="estDynamic" href="https://www.spesati.com/household-and-outdoors/kitchen-roll">Kitchen roll</a>
                        </li>
                        <li>
                            <a class="estDynamic" href="https://www.spesati.com/household-and-outdoors/air-fresheners">Air fresheners</a>
                        </li>
                        <li>
                            <a class="estDynamic" href="https://www.spesati.com/household-and-outdoors/laundry-accessories-and-detergent">Laundry detergent</a>
                        </li>
                        <li>
                            <a class="estDynamic" href="https://www.spesati.com/household-and-outdoors/dishwasher-and-washing-up">Dishwasher and washing up</a>
                        </li>
                        <li>
                            <a class="estDynamic" href="https://www.spesati.com/household-and-outdoors/gardening">Gardening</a>
                        </li>
                        <li>
                            <a class="estDynamic" href="https://www.spesati.com/household-and-outdoors/light-bulbs-and-batteries">Lightbulbs and batteries</a>
                        </li>
                        <li>
                            <a class="estDynamic" href="https://www.spesati.com/household-and-outdoors/pellet-and-bbq">Pellet and BBQ</a>
                        </li>
                        <li>
                            <a class="estDynamic" href="https://www.spesati.com/household-and-outdoors/bathroom-products">Bathroom products</a>
                        </li>
                        <li>
                            <a class="estDynamic" href="https://www.spesati.com/household-and-outdoors/home-and-furniture-products">Home and furniture products</a>
                        </li>
                        <li>
                            <a class="estDynamic" href="https://www.spesati.com/household-and-outdoors/kitchen-products">Kitchen products</a>
                        </li>
                        <li>
                            <a class="estDynamic" href="https://www.spesati.com/household-and-outdoors/window-and-floor-cleaners">Window and floor cleaner</a>
                        </li>
                        <li>
                            <a class="estDynamic" href="https://www.spesati.com/household-and-outdoors/repellents">Repellents</a>
                        </li>
                        <li>
                            <a class="estDynamic" href="https://www.spesati.com/household-and-outdoors/disposable-tableware">Disposable tableware</a>
                        </li>
                    </ul>
                </li>
                <li>
                    <img src="http://cdn.spesati.com/images/menu/animals.png"/>
                    Pets                    <i class="fa fa-angle-down" aria-hidden="true"></i>
                    <ul class="sub-menu">
                        <li>
                            <a class="estDynamic" href="https://www.spesati.com/pets/pet-food-other-animals">Other animals pet food</a>
                        </li>
                        <li>
                            <a class="estDynamic" href="https://www.spesati.com/pets/pet-food-dogs">Pet food dogs</a>
                        </li>
                        <li>
                            <a class="estDynamic" href="https://www.spesati.com/pets/pet-food-cats">Pet food cats</a>
                        </li>
                        <li>
                            <a class="estDynamic" href="https://www.spesati.com/pets/hygiene-and-cleaning">Hygiene and cleaning</a>
                        </li>
                    </ul>
                </li>
                <li>
                    <img src="http://cdn.spesati.com/images/menu/technology.png"/>
                    Technology                    <i class="fa fa-angle-down" aria-hidden="true"></i>
                    <ul class="sub-menu">
                        <li>
                            <a class="estDynamic" href="https://www.spesati.com/technology/accessories">Accessories</a>
                        </li>
                        <li>
                            <a class="estDynamic" href="https://www.spesati.com/technology/computer">Computer</a>
                        </li>
                        <li>
                            <a class="estDynamic" href="https://www.spesati.com/technology/telephones">Telephones</a>
                        </li>
                        <li>
                            <a class="estDynamic" href="https://www.spesati.com/technology/tv">TV</a>
                        </li>
                    </ul>
                </li>
                <li>
                    <img src="http://cdn.spesati.com/images/menu/gluten-free.png"/>
                    Gluten free                    <i class="fa fa-angle-down" aria-hidden="true"></i>
                    <ul class="sub-menu">
                        <li>
                            <a class="estDynamic" href="https://www.spesati.com/gluten-free/frozen-foods">Frozen foods</a>
                        </li>
                        <li>
                            <a class="estDynamic" href="https://www.spesati.com/gluten-free/beer">Beer</a>
                        </li>
                        <li>
                            <a class="estDynamic" href="https://www.spesati.com/gluten-free/sweets">Sweets</a>
                        </li>
                        <li>
                            <a class="estDynamic" href="https://www.spesati.com/gluten-free/bread-and-pasta">Bread and pasta</a>
                        </li>
                        <li>
                            <a class="estDynamic" href="https://www.spesati.com/gluten-free/shelf">Cupboard</a>
                        </li>
                    </ul>
                </li>
                <li>
                    <img src="http://cdn.spesati.com/images/menu/lactose-free.png"/>
                    Lactose free                    <i class="fa fa-angle-down" aria-hidden="true"></i>
                    <ul class="sub-menu">
                        <li>
                            <a class="estDynamic" href="https://www.spesati.com/lactose-free/frozen-foods">Frozen foods</a>
                        </li>
                        <li>
                            <a class="estDynamic" href="https://www.spesati.com/lactose-free/sweets">Sweets</a>
                        </li>
                        <li>
                            <a class="estDynamic" href="https://www.spesati.com/lactose-free/dairy-product">Dairy product</a>
                        </li>
                        <li>
                            <a class="estDynamic" href="https://www.spesati.com/lactose-free/shelf">Cupboard</a>
                        </li>
                    </ul>
                </li>
                <li>
                    <img src="http://cdn.spesati.com/images/menu/special.png"/>
                    Special                    <i class="fa fa-angle-down" aria-hidden="true"></i>
                    <ul class="sub-menu">
                        <li>
                            <a class="estDynamic" href="https://www.spesati.com/special/alpro">Alpro</a>
                        </li>
                        <li>
                            <a class="estDynamic" href="https://www.spesati.com/special/organic">Biological</a>
                        </li>
                        <li>
                            <a class="estDynamic" href="https://www.spesati.com/special/meat">Meat</a>
                        </li>
                        <li>
                            <a class="estDynamic" href="https://www.spesati.com/special/wholegrain">Wholegrain</a>
                        </li>
                        <li>
                            <a class="estDynamic" href="https://www.spesati.com/special/bread-and-pasta">Bread and pasta</a>
                        </li>
                        <li>
                            <a class="estDynamic" href="https://www.spesati.com/special/vegan">Vegan</a>
                        </li>
                    </ul>
                </li>
                <li>
                    <img src="http://cdn.spesati.com/images/menu/sardinian-products.png"/>
                    Sardinian products                    <i class="fa fa-angle-down" aria-hidden="true"></i>
                    <ul class="sub-menu">
                        <li>
                            <a class="estDynamic" href="https://www.spesati.com/sardinian-products/drinks">Drinks</a>
                        </li>
                        <li>
                            <a class="estDynamic" href="https://www.spesati.com/sardinian-products/meat">Meat</a>
                        </li>
                        <li>
                            <a class="estDynamic" href="https://www.spesati.com/sardinian-products/sweets">Sweets</a>
                        </li>
                        <li>
                            <a class="estDynamic" href="https://www.spesati.com/sardinian-products/fruit-and-vegetables">Fruit and vegetables</a>
                        </li>
                        <li>
                            <a class="estDynamic" href="https://www.spesati.com/sardinian-products/ichnusa">Ichnusa</a>
                        </li>
                        <li>
                            <a class="estDynamic" href="https://www.spesati.com/sardinian-products/dairy-product">Dairy product</a>
                        </li>
                        <li>
                            <a class="estDynamic" href="https://www.spesati.com/sardinian-products/bread-and-pasta">Bread and pasta</a>
                        </li>
                        <li>
                            <a class="estDynamic" href="https://www.spesati.com/sardinian-products/fish">Fish</a>
                        </li>
                        <li>
                            <a class="estDynamic" href="https://www.spesati.com/sardinian-products/cured-meat">Cured meat</a>
                        </li>
                        <li>
                            <a class="estDynamic" href="https://www.spesati.com/sardinian-products/shelf">Cupboard</a>
                        </li>
                        <li>
                            <a class="estDynamic" href="https://www.spesati.com/sardinian-products/vermentino-wine">Vermentino wine</a>
                        </li>
                        <li>
                            <a class="estDynamic" href="https://www.spesati.com/sardinian-products/wine-beer-and-spirits">Wine beer and spirits</a>
                        </li>
                    </ul>
                </li>
            </ul>
        </li>
        <li>
            <a href="https://www.spesati.com/about">About</a>
        </li>
        <li>
            <a href="https://www.spesati.com/faq">Faq</a>
        </li>
        <li>
            <a href="https://www.spesati.com/customer-care">Support</a>
        </li>
        <li>
            <a href="https://www.spesati.com/news">Blog</a>
        </li>
        <li>
            <a href="https://www.spesati.com/terms-and-conditions">Conditions</a>
        </li>
        <li>
            <a href="https://www.spesati.com/privacy-policy">Privacy policy</a>
        </li>
        <li>
            <a href="https://www.spesati.com/login">Login</a>
        </li>
        <li>
             <a href="https://www.spesati.com/sign-up">Sign up</a>
        </li>
    </ul>
</div><section class="first">
    <div id="menuCategories" class="colLeft">
    <ul id="main_nav" >
        <li>
            <a class="estDynamic" href="https://www.spesati.com/on-offer">
               <img src="http://cdn.spesati.com/images/menu/on-sale.png"/>
               On sale            </a>
            <i class="fa fa-angle-right" aria-hidden="true"></i>
            <ul class="sub-menu">
                <li>
    <a href="https://www.spesati.com/tacchino-fesa-a-fette" class="estDynamic">Tacchino Fesa A Fette</a>
</li><li>
    <a href="https://www.spesati.com/amaro-montenegro-15lt" class="estDynamic">Amaro Montenegro 1,5lt</a>
</li><li>
    <a href="https://www.spesati.com/carbone-di-legna-sacco-10kg" class="estDynamic">Carbone Di Legna Sacco 10Kg</a>
</li><li>
    <a href="https://www.spesati.com/filu-e-ferru-silvio-carta-70cl" class="estDynamic">Filu E Ferru Silvio Carta 70Cl</a>
</li><li>
    <a href="https://www.spesati.com/braciole-suino-con-cotenna" class="estDynamic">Braciole Suino Con Cotenna</a>
</li><li>
    <a href="https://www.spesati.com/bovino-adulto-polpa" class="estDynamic">Bovino Adulto Polpa</a>
</li><li>
    <a href="https://www.spesati.com/vino-la-palma-cannonau-le-bombarde" class="estDynamic">Vino La Palma Cannonau Le Bombarde</a>
</li><li>
    <a href="https://www.spesati.com/fettine-sceltissime-bovino-adulto" class="estDynamic">Fettine Sceltissime Bovino Adulto</a>
</li><li>
    <a href="https://www.spesati.com/suino-fettine-scelte" class="estDynamic">Suino Fettine Scelte</a>
</li><li>
    <a href="https://www.spesati.com/lavazza-caffe-qualita-rossa-2x250gr" class="estDynamic">Lavazza Caffé Qualità Rossa 2x250gr</a>
</li>                <li>
                    <a class="estDynamic" href="https://www.spesati.com/on-offer">All products on sale</a>
                </li>
            </ul>
        </li>
        <li>
            <a class="estDynamic" href="https://www.spesati.com/gift">
               <img src="http://cdn.spesati.com/images/menu/gift.png"/>
               Gifts            </a>
            <i class="fa fa-angle-right" aria-hidden="true"></i>
            <ul class="sub-menu">
                <li>
    <a href="https://www.spesati.com/gift-card-da-150" class="estDynamic">Gift Card Da 150</a>
</li><li>
    <a href="https://www.spesati.com/gift-card-da-100" class="estDynamic">Gift Card Da 100</a>
</li><li>
    <a href="https://www.spesati.com/gift-card-da-50" class="estDynamic">Gift Card Da 50</a>
</li><li>
    <a href="https://www.spesati.com/gift-card-da-25" class="estDynamic">Gift Card Da 25</a>
</li>                <li>
                    <a class="estDynamic" href="https://www.spesati.com/gift">All products in the gifts category</a>
                </li>
            </ul>
        </li>
        <li>
            <a class="estDynamic" href="https://www.spesati.com/gift-card">
               <img src="http://cdn.spesati.com/images/menu/gift-card.png"/>
               Gift card and discounts            </a>
            <i class="fa fa-angle-right" aria-hidden="true"></i>
            <ul class="sub-menu">
                <li>
    <a href="https://www.spesati.com/gift-card-da-150">Gift Card Da 150</a>
</li><li>
    <a href="https://www.spesati.com/gift-card-da-100">Gift Card Da 100</a>
</li><li>
    <a href="https://www.spesati.com/gift-card-da-50">Gift Card Da 50</a>
</li><li>
    <a href="https://www.spesati.com/gift-card-da-25">Gift Card Da 25</a>
</li>            </ul>
        </li>
        <li>
            <a class="estDynamic" href="https://www.spesati.com/fruit-and-vegetables">
               <img src="http://cdn.spesati.com/images/menu/fuit-and-vegetables.png"/>
               Fruit and vegetables           </a>
            <i class="fa fa-angle-right" aria-hidden="true"></i>
            <ul class="sub-menu">
                <li>
                    <a class="estDynamic" href="https://www.spesati.com/fruit-and-vegetables/pulses-and-beans">Cereals and pulses and beans</a>
                </li>
                <li>
                    <a class="estDynamic" href="https://www.spesati.com/fruit-and-vegetables/fruit">Fruit</a>
                </li>
                <li>
                    <a class="estDynamic" href="https://www.spesati.com/fruit-and-vegetables/canned-fruit">Canned fruit</a>
                </li>
                <li>
                    <a class="estDynamic" href="https://www.spesati.com/fruit-and-vegetables/dried-fruit">Dried fruit</a>
                </li>
                <li>
                    <a class="estDynamic" href="https://www.spesati.com/fruit-and-vegetables/ready-salads">Ready salads</a>
                </li>
                <li>
                    <a class="estDynamic" href="https://www.spesati.com/fruit-and-vegetables/fresh-spices">Fresh spices</a>
                </li>
                <li>
                    <a class="estDynamic" href="https://www.spesati.com/fruit-and-vegetables/vegetables">Vegetables and soy</a>
                </li>
            </ul>
        </li>
        <li>
            <a class="estDynamic" href="https://www.spesati.com/fresh-products">
                <img src="http://cdn.spesati.com/images/menu/fresh-products.png"/>
                Fresh products            </a>
            <i class="fa fa-angle-right" aria-hidden="true"></i>
            <ul class="sub-menu">
                <li>
                    <a class="estDynamic" href="https://www.spesati.com/fresh-products/margarine-and-butter">Butter and margarine</a>
                </li>
                <li>
                    <a class="estDynamic" href="https://www.spesati.com/fresh-products/danone">Danone</a>
                </li>
                <li>
                    <a class="estDynamic" href="https://www.spesati.com/fresh-products/dessert">Dessert</a>
                </li>
                <li>
                    <a class="estDynamic" href="https://www.spesati.com/fresh-products/sweets">Sweets</a>
                </li>
                <li>
                    <a class="estDynamic" href="https://www.spesati.com/fresh-products/dairy-products">Dairy product</a>
                </li>
                <li>
                    <a class="estDynamic" href="https://www.spesati.com/fresh-products/bakery">Yeast</a>
                </li>
                <li>
                    <a class="estDynamic" href="https://www.spesati.com/fresh-products/mascarpone">Mascarpone</a>
                </li>
                <li>
                    <a class="estDynamic" href="https://www.spesati.com/fresh-products/snacks">Snacks</a>
                </li>
                <li>
                    <a class="estDynamic" href="https://www.spesati.com/fresh-products/mozzarella">Mozzarella</a>
                </li>
                <li>
                    <a class="estDynamic" href="https://www.spesati.com/fresh-products/pasta">Pasta</a>
                </li>
                <li>
                    <a class="estDynamic" href="https://www.spesati.com/fresh-products/pesto-and-sauces">Pesto and sauces</a>
                </li>
                <li>
                    <a class="estDynamic" href="https://www.spesati.com/fresh-products/ricotta-and-cheese">Ricotta and cheese</a>
                </li>
                <li>
                    <a class="estDynamic" href="https://www.spesati.com/fresh-products/cured-meat">Cured meat</a>
                </li>
                <li>
                    <a class="estDynamic" href="https://www.spesati.com/fresh-products/wurstel">Würstel</a>
                </li>
                <li>
                    <a class="estDynamic" href="https://www.spesati.com/fresh-products/yogurt">Yogurt</a>
                </li>
            </ul>
        </li>
        <li>
            <a class="estDynamic" href="https://www.spesati.com/frozen-foods">
                <img src="http://cdn.spesati.com/images/menu/frozen-foods.png"/>
                Frozen foods            </a>
            <i class="fa fa-angle-right" aria-hidden="true"></i>
            <ul class="sub-menu">
                <li>
                    <a class="estDynamic" href="https://www.spesati.com/frozen-foods/meat">Meat</a>
                </li>
                <li>
                    <a class="estDynamic" href="https://www.spesati.com/frozen-foods/ice-creams">Ice cream and sweet</a>
                </li>
                <li>
                    <a class="estDynamic" href="https://www.spesati.com/frozen-foods/pasta">Pasta</a>
                </li>
                <li>
                    <a class="estDynamic" href="https://www.spesati.com/frozen-foods/fish">Fish</a>
                </li>
                <li>
                    <a class="estDynamic" href="https://www.spesati.com/frozen-foods/ready-meals">Ready meals</a>
                </li>
                <li>
                    <a class="estDynamic" href="https://www.spesati.com/frozen-foods/pizzas">Pizzas</a>
                </li>
                <li>
                    <a class="estDynamic" href="https://www.spesati.com/frozen-foods/vegetables">Vegetables and soy</a>
                </li>
            </ul>
        </li>
        <li>
            <a class="estDynamic" href="https://www.spesati.com/bread-and-pasta">
                <img src="http://cdn.spesati.com/images/menu/bread-and-pasta.png"/>
                Bread and pasta            </a>
            <i class="fa fa-angle-right" aria-hidden="true"></i>
            <ul class="sub-menu">
                <li>
                    <a class="estDynamic" href="https://www.spesati.com/bread-and-pasta/crackers">Crackers</a>
                </li>
                <li>
                    <a class="estDynamic" href="https://www.spesati.com/bread-and-pasta/rusks">Rusks</a>
                </li>
                <li>
                    <a class="estDynamic" href="https://www.spesati.com/bread-and-pasta/white-bread">White bread</a>
                </li>
                <li>
                    <a class="estDynamic" href="https://www.spesati.com/bread-and-pasta/local-bread">Local bread</a>
                </li>
                <li>
                    <a class="estDynamic" href="https://www.spesati.com/bread-and-pasta/soft-bread">Soft bread</a>
                </li>
                <li>
                    <a class="estDynamic" href="https://www.spesati.com/bread-and-pasta/sardinian-bread">Sardinian bread</a>
                </li>
                <li>
                    <a class="estDynamic" href="https://www.spesati.com/bread-and-pasta/bakery">Bakery</a>
                </li>
                <li>
                    <a class="estDynamic" href="https://www.spesati.com/bread-and-pasta/pasta">Pasta</a>
                </li>
                <li>
                    <a class="estDynamic" href="https://www.spesati.com/bread-and-pasta/fresh-pasta">Fresh pasta</a>
                </li>
            </ul>
        </li>
        <li>
            <a class="estDynamic" href="https://www.spesati.com/meat">
                <img src="http://cdn.spesati.com/images/menu/meat.png"/>
                Meat            </a>
            <i class="fa fa-angle-right" aria-hidden="true"></i>
            <ul class="sub-menu">
                <li>
                    <a class="estDynamic" href="https://www.spesati.com/meat/beef">Beef</a>
                </li>
                <li>
                    <a class="estDynamic" href="https://www.spesati.com/meat/goat">Goat</a>
                </li>
                <li>
                    <a class="estDynamic" href="https://www.spesati.com/meat/packaged-meat">Packaged meat</a>
                </li>
                <li>
                    <a class="estDynamic" href="https://www.spesati.com/meat/rabbit">Rabbit</a>
                </li>
                <li>
                    <a class="estDynamic" href="https://www.spesati.com/meat/horse">Horse</a>
                </li>
                <li>
                    <a class="estDynamic" href="https://www.spesati.com/meat/pork">Pork</a>
                </li>
                <li>
                    <a class="estDynamic" href="https://www.spesati.com/meat/lamb">Lamb</a>
                </li>
                <li>
                    <a class="estDynamic" href="https://www.spesati.com/meat/poultry">Poultry</a>
                </li>
            </ul>
        </li>
        <li>
            <a class="estDynamic" href="https://www.spesati.com/fish">
                <img src="http://cdn.spesati.com/images/menu/fish.png"/>
                Fish            </a>
            <i class="fa fa-angle-right" aria-hidden="true"></i>
            <ul class="sub-menu">
                <li>
                    <a class="estDynamic" href="https://www.spesati.com/fish/fresh-water">Fresh water</a>
                </li>
                <li>
                    <a class="estDynamic" href="https://www.spesati.com/fish/salt-water">Salt water</a>
                </li>
                <li>
                    <a class="estDynamic" href="https://www.spesati.com/fish/mussels">Mussels</a>
                </li>
                <li>
                    <a class="estDynamic" href="https://www.spesati.com/fish/dried-and-salted">Dried and salted</a>
                </li>
                <li>
                    <a class="estDynamic" href="https://www.spesati.com/fish/seafood-salad">Seafood salad</a>
                </li>
                <li>
                    <a class="estDynamic" href="https://www.spesati.com/fish/prepared">Prepared</a>
                </li>
                <li>
                    <a class="estDynamic" href="https://www.spesati.com/fish/specialty">Specialty</a>
                </li>   
                <li>
                    <a class="estDynamic" href="https://www.spesati.com/fish/tuna-and-salmon">Tuna and salmon</a>
                </li>
            </ul>
        </li>
        <li>
            <a class="estDynamic" href="https://www.spesati.com/wine-beer-and-spirits">
                <img src="http://cdn.spesati.com/images/menu/alcohol.png"/>
                Wine beer and spirits            </a>
            <i class="fa fa-angle-right" aria-hidden="true"></i>
            <ul class="sub-menu">
                <li>
                    <a class="estDynamic" href="https://www.spesati.com/wine-beer-and-spirits/spirits-and-liquors">Alcohol</a>
                </li>
                <li>
                    <a class="estDynamic" href="https://www.spesati.com/wine-beer-and-spirits/bitters">Bitters</a>
                </li>
                <li>
                    <a class="estDynamic" href="https://www.spesati.com/wine-beer-and-spirits/aperatif">Aperatifs</a>
                </li>
                <li>
                    <a class="estDynamic" href="https://www.spesati.com/wine-beer-and-spirits/beer">Beer</a>
                </li>
                <li>
                    <a class="estDynamic" href="https://www.spesati.com/wine-beer-and-spirits/creams">Creams</a>
                </li>
                <li>
                    <a class="estDynamic" href="https://www.spesati.com/wine-beer-and-spirits/spirits">Spirits</a>
                </li>
                <li>
                    <a class="estDynamic" href="https://www.spesati.com/wine-beer-and-spirits/liquors">Liquors</a>
                </li>
                <li>
                    <a class="estDynamic" href="https://www.spesati.com/wine-beer-and-spirits/white-wine">White wine</a>
                </li>
                <li>
                    <a class="estDynamic" href="https://www.spesati.com/wine-beer-and-spirits/prosecco-wine">Prosecco wine</a>
                </li>
                <li>
                    <a class="estDynamic" href="https://www.spesati.com/wine-beer-and-spirits/rose-wine">Rose wine</a>
                </li>
                <li>
                    <a class="estDynamic" href="https://www.spesati.com/wine-beer-and-spirits/red-wine">Red wine</a>
                </li>
                <li>
                    <a class="estDynamic" href="https://www.spesati.com/wine-beer-and-spirits/specialty-wine">Special wine</a>
                </li>
                <li>
                    <a class="estDynamic" href="https://www.spesati.com/wine-beer-and-spirits/sparkling-wine">Sparkling wine</a>
                </li>
                <li>
                    <a class="estDynamic" href="https://www.spesati.com/wine-beer-and-spirits/vermentino-wine">Vermentino wine</a>
                </li>
            </ul>
        </li>
        <li>
            <a class="estDynamic" href="https://www.spesati.com/water-and-drinks">
                <img src="http://cdn.spesati.com/images/menu/water-and-drinks.png"/>
                Water and drinks            </a>
            <i class="fa fa-angle-right" aria-hidden="true"></i>
            <ul class="sub-menu">
                <li>
                    <a class="estDynamic" href="https://www.spesati.com/water-and-drinks/san-martino">San Martino</a>
                </li>
                <li>
                    <a class="estDynamic" href="https://www.spesati.com/water-and-drinks/water">Water</a>
                </li>
                <li>
                    <a class="estDynamic" href="https://www.spesati.com/water-and-drinks/alpro">Alpro</a>
                </li>
                <li>
                    <a class="estDynamic" href="https://www.spesati.com/water-and-drinks/fizzy-drinks">Fizzy drinks</a>
                </li>
                <li>
                    <a class="estDynamic" href="https://www.spesati.com/water-and-drinks/coca-cola">Coca-Cola</a>
                </li>
                <li>
                    <a class="estDynamic" href="https://www.spesati.com/water-and-drinks/energy-drink">Energy drink</a>
                </li>
                <li>
                    <a class="estDynamic" href="https://www.spesati.com/water-and-drinks/syrups">Syrups</a>
                </li>
                <li>
                    <a class="estDynamic" href="https://www.spesati.com/water-and-drinks/supplements">Supplements</a>
                </li>
                <li>
                    <a class="estDynamic" href="https://www.spesati.com/water-and-drinks/instant-drinks">Instant drinks</a>
                </li>
                <li>
                    <a class="estDynamic" href="https://www.spesati.com/water-and-drinks/juice">Juice</a>
                </li>
                <li>
                    <a class="estDynamic" href="https://www.spesati.com/water-and-drinks/tea">Tea</a>
                </li>
            </ul>
        </li>
        <li>
            <a class="estDynamic" href="https://www.spesati.com/sweets">
                <img src="http://cdn.spesati.com/images/menu/sweets.png"/>
                Sweets            </a>
            <i class="fa fa-angle-right" aria-hidden="true"></i>
            <ul class="sub-menu">
                <li>
                    <a class="estDynamic" href="https://www.spesati.com/sweets/bars-and-snacks">Bars and snacks</a>
                </li>
                <li>
                    <a class="estDynamic" href="https://www.spesati.com/sweets/biscuits">Biscuits</a>
                </li>
                <li>
                    <a class="estDynamic" href="https://www.spesati.com/sweets/brioches">Brioches</a>
                </li>
                <li>
                    <a class="estDynamic" href="https://www.spesati.com/sweets/candy-and-chewing-gum">Candy and chewing gum</a>
                </li>
                <li>
                    <a class="estDynamic" href="https://www.spesati.com/sweets/cereals">Cereals</a>
                </li>
                <li>
                    <a class="estDynamic" href="https://www.spesati.com/sweets/chocolate">Chocolate</a>
                </li>
                <li>
                    <a class="estDynamic" href="https://www.spesati.com/sweets/spreadable-creams">Spreads</a>
                </li>
                <li>
                    <a class="estDynamic" href="https://www.spesati.com/sweets/dessert-toppings">Dessert toppings</a>
                </li>
                <li>
                    <a class="estDynamic" href="https://www.spesati.com/sweets/jam">Jam</a>
                </li>
                <li>
                    <a class="estDynamic" href="https://www.spesati.com/sweets/honey">Honey</a>
                </li>
                <li>
                    <a class="estDynamic" href="https://www.spesati.com/sweets/panettoni-and-pandoro">Panettone and pandoro</a>
                </li>
                <li>
                    <a class="estDynamic" href="https://www.spesati.com/sweets/pastry">Pastry</a>
                </li>
                <li>
                    <a class="estDynamic" href="https://www.spesati.com/sweets/instant-dessert">Prepared</a>
                </li>
                <li>
                    <a class="estDynamic" href="https://www.spesati.com/sweets/cakes-and-pies">Cakes and pies</a>
                </li>
                <li>
                    <a class="estDynamic" href="https://www.spesati.com/sweets/easter-eggs-and-doves">Easter eggs and doves</a>
                </li>
            </ul>
        </li>
        <li>
            <a class="estDynamic" href="https://www.spesati.com/shelf">
                <img src="http://cdn.spesati.com/images/menu/shelf.png"/>
                Cupboard            </a>
            <i class="fa fa-angle-right" aria-hidden="true"></i>
            <ul class="sub-menu">
                <li>
                    <a class="estDynamic" href="https://www.spesati.com/shelf/coffee">Coffee</a>
                </li>
                <li>
                    <a class="estDynamic" href="https://www.spesati.com/shelf/gift-baskets">Gift baskets</a>
                </li>
                <li>
                    <a class="estDynamic" href="https://www.spesati.com/shelf/stock-cubes">Nuts and preparations</a>
                </li>
                <li>
                    <a class="estDynamic" href="https://www.spesati.com/shelf/flour-and-baking">Flour and baking</a>
                </li>
                <li>
                    <a class="estDynamic" href="https://www.spesati.com/shelf/milk">Milk</a>
                </li>
                <li>
                    <a class="estDynamic" href="https://www.spesati.com/shelf/oil-salt-vinegar">Oil, vinegar and salt</a>
                </li>
                <li>
                    <a class="estDynamic" href="https://www.spesati.com/shelf/cream-and-bechamel">Cream and bechamel</a>
                </li>
                <li>
                    <a class="estDynamic" href="https://www.spesati.com/shelf/crisps-and-pretzels">Crisps and pretzels</a>
                </li>
                <li>
                    <a class="estDynamic" href="https://www.spesati.com/shelf/baby-and-infants-products">Early childhood products</a>
                </li>
                <li>
                    <a class="estDynamic" href="https://www.spesati.com/shelf/rice">Rice</a>
                </li>
                <li>
                    <a class="estDynamic" href="https://www.spesati.com/shelf/tins-and-preserves">Tins and Preserves</a>
                </li>
                <li>
                    <a class="estDynamic" href="https://www.spesati.com/shelf/spices">Spices</a>
                </li>
                <li>
                    <a class="estDynamic" href="https://www.spesati.com/shelf/sauces">Sauces</a>
                </li>
                <li>
                    <a class="estDynamic" href="https://www.spesati.com/shelf/tea-and-infusions">Tea and infusions</a>
                </li>
                <li>
                    <a class="estDynamic" href="https://www.spesati.com/shelf/eggs">Eggs</a>
                </li>
                <li>
                    <a class="estDynamic" href="https://www.spesati.com/shelf/sugar-and-sweeteners">Sugar and sweeteners</a>
                </li>
            </ul>
        </li>
        <li>
            <a class="estDynamic" href="https://www.spesati.com/personal-care">
                <img src="http://cdn.spesati.com/images/menu/personal-care.png"/>
                Personal care            </a>
            <i class="fa fa-angle-right" aria-hidden="true"></i>
            <ul class="sub-menu">
                <li>
                    <a class="estDynamic" href="https://www.spesati.com/personal-care/accessories-and-cotton">Accessories and cotton</a>
                </li>
                <li>
                    <a class="estDynamic" href="https://www.spesati.com/personal-care/feminine-care-incontinence-and-baby-diapers">Feminine incontinence and diapers</a>
                </li>
                <li>
                    <a class="estDynamic" href="https://www.spesati.com/personal-care/shower-gel">Shower gel</a>
                </li>
                <li>
                    <a class="estDynamic" href="https://www.spesati.com/personal-care/creams">Creams</a>
                </li>
                <li>
                    <a class="estDynamic" href="https://www.spesati.com/personal-care/deodorant">Deodorant</a>
                </li>
                <li>
                    <a class="estDynamic" href="https://www.spesati.com/personal-care/hair-removal">Hair removal</a>
                </li>
                <li>
                    <a class="estDynamic" href="https://www.spesati.com/personal-care/disinfectants">Disinfectants</a>
                </li>
                <li>
                    <a class="estDynamic" href="https://www.spesati.com/personal-care/oral-hygiene">Oral hygiene</a>
                </li>
                <li>
                    <a class="estDynamic" href="https://www.spesati.com/personal-care/supplements-and-multivitamins">Supplements and multivitamins</a>
                </li>
                <li>
                    <a class="estDynamic" href="https://www.spesati.com/personal-care/first-aid">First aid label</a>
                </li>
                <li>
                    <a class="estDynamic" href="https://www.spesati.com/personal-care/beard-products">Beard products</a>
                </li>
                <li>
                    <a class="estDynamic" href="https://www.spesati.com/personal-care/hairs-products">Hair products</a>
                </li>
                <li>
                    <a class="estDynamic" href="https://www.spesati.com/personal-care/perfume">Perfumes</a>
                </li>
                <li>
                    <a class="estDynamic" href="https://www.spesati.com/personal-care/wipes">Wipes</a>
                </li>
                <li>
                    <a class="estDynamic" href="https://www.spesati.com/personal-care/soaps-and-body-wash">Soaps and body wash</a>
                </li>
                <li>
                    <a class="estDynamic" href="https://www.spesati.com/personal-care/shampoo-and-conditioner">Shampoo and conditioner</a>
                </li>
            </ul>
        </li>
        <li>
            <a class="estDynamic" href="https://www.spesati.com/household-and-outdoors">
                <img src="http://cdn.spesati.com/images/menu/pellet-and-home.png"/>
                Home and outdoors 
            </a>
            <i class="fa fa-angle-right" aria-hidden="true"></i>
            <ul class="sub-menu">
                <li>
                    <a class="estDynamic" href="https://www.spesati.com/household-and-outdoors/distilled-water">Distilled water</a>
                </li>
                <li>
                    <a class="estDynamic" href="https://www.spesati.com/household-and-outdoors/car-products">Cars</a>
                </li>
                <li>
                    <a class="estDynamic" href="https://www.spesati.com/household-and-outdoors/bin-bags-and-buckets">Bin bags and buckets</a>
                </li>
                <li>
                    <a class="estDynamic" href="https://www.spesati.com/household-and-outdoors/bleach-and-stain-removers">Bleach and stain removers</a>
                </li>
                <li>
                    <a class="estDynamic" href="https://www.spesati.com/household-and-outdoors/candles">Candles</a>
                </li>
                <li>
                    <a class="estDynamic" href="https://www.spesati.com/household-and-outdoors/kitchen-roll">Kitchen roll</a>
                </li>
                <li>
                    <a class="estDynamic" href="https://www.spesati.com/household-and-outdoors/air-fresheners">Air fresheners</a>
                </li>
                <li>
                    <a class="estDynamic" href="https://www.spesati.com/household-and-outdoors/laundry-accessories-and-detergent">Laundry detergent</a>
                </li>
                <li>
                    <a class="estDynamic" href="https://www.spesati.com/household-and-outdoors/dishwasher-and-washing-up">Dishwasher and washing up</a>
                </li>
                <li>
                    <a class="estDynamic" href="https://www.spesati.com/household-and-outdoors/gardening">Gardening</a>
                </li>
                <li>
                    <a class="estDynamic" href="https://www.spesati.com/household-and-outdoors/light-bulbs-and-batteries">Lightbulbs and batteries</a>
                </li>
                <li>
                    <a class="estDynamic" href="https://www.spesati.com/household-and-outdoors/pellet-and-bbq">Pellet and BBQ</a>
                </li>
                <li>
                    <a class="estDynamic" href="https://www.spesati.com/household-and-outdoors/bathroom-products">Bathroom products</a>
                </li>
                <li>
                    <a class="estDynamic" href="https://www.spesati.com/household-and-outdoors/home-and-furniture-products">Home and furniture products</a>
                </li>
                <li>
                    <a class="estDynamic" href="https://www.spesati.com/household-and-outdoors/kitchen-products">Kitchen products</a>
                </li>
                <li>
                    <a class="estDynamic" href="https://www.spesati.com/household-and-outdoors/window-and-floor-cleaners">Window and floor cleaner</a>
                </li>
                <li>
                    <a class="estDynamic" href="https://www.spesati.com/household-and-outdoors/repellents">Repellents</a>
                </li>
                <li>
                    <a class="estDynamic" href="https://www.spesati.com/household-and-outdoors/disposable-tableware">Disposable tableware</a>
                </li>
            </ul>
        </li>
        <li>
            <a class="estDynamic" href="https://www.spesati.com/pet">
                <img src="http://cdn.spesati.com/images/menu/animals.png"/>
                Pets            </a>
            <i class="fa fa-angle-right" aria-hidden="true"></i>
            <ul class="sub-menu">
                <li>
                    <a class="estDynamic" href="https://www.spesati.com/pets/pet-food-other-animals">Other animals pet food</a>
                </li>
                <li>
                    <a class="estDynamic" href="https://www.spesati.com/pets/pet-food-dogs">Pet food dogs</a>
                </li>
                <li>
                    <a class="estDynamic" href="https://www.spesati.com/pets/pet-food-cats">Pet food cats</a>
                </li>
                <li>
                    <a class="estDynamic" href="https://www.spesati.com/pets/hygiene-and-cleaning">Hygiene and cleaning</a>
                </li>
            </ul>
        </li>
        <li>
            <a class="estDynamic" href="https://www.spesati.com/technology">
                <img src="http://cdn.spesati.com/images/menu/technology.png"/>
                Technology            </a>
            <i class="fa fa-angle-right" aria-hidden="true"></i>
            <ul class="sub-menu">
                <li>
                    <a class="estDynamic" href="https://www.spesati.com/technology/accessories">Accessories</a>
                </li>
                <li>
                    <a class="estDynamic" href="https://www.spesati.com/technology/computer">Computer</a>
                </li>
                <li>
                    <a class="estDynamic" href="https://www.spesati.com/technology/telephones">Telephones</a>
                </li>
                <li>
                    <a class="estDynamic" href="https://www.spesati.com/technology/tv">TV</a>
                </li>
            </ul>
        </li>
        <li>
            <a class="estDynamic" href="https://www.spesati.com/gluten-free">
                <img src="http://cdn.spesati.com/images/menu/gluten-free.png"/>
                Gluten free            </a>
            <i class="fa fa-angle-right" aria-hidden="true"></i>
            <ul class="sub-menu">
                <li>
                    <a class="estDynamic" href="https://www.spesati.com/gluten-free/frozen-foods">Frozen foods</a>
                </li>
                <li>
                    <a class="estDynamic" href="https://www.spesati.com/gluten-free/beer">Beer</a>
                </li>
                <li>
                    <a class="estDynamic" href="https://www.spesati.com/gluten-free/sweets">Sweets</a>
                </li>
                <li>
                    <a class="estDynamic" href="https://www.spesati.com/gluten-free/bread-and-pasta">Bread and pasta</a>
                </li>
                <li>
                    <a class="estDynamic" href="https://www.spesati.com/gluten-free/shelf">Cupboard</a>
                </li>
            </ul>
        </li>
        <li>
            <a class="estDynamic" href="https://www.spesati.com/lactose-free">
                <img src="http://cdn.spesati.com/images/menu/lactose-free.png"/>
                Lactose free            </a>
            <i class="fa fa-angle-right" aria-hidden="true"></i>
            <ul class="sub-menu">
                <li>
                    <a class="estDynamic" href="https://www.spesati.com/lactose-free/frozen-foods">Frozen foods</a>
                </li>
                <li>
                    <a class="estDynamic" href="https://www.spesati.com/lactose-free/sweets">Sweets</a>
                </li>
                <li>
                    <a class="estDynamic" href="https://www.spesati.com/lactose-free/dairy-product">Dairy product</a>
                </li>
                <li>
                    <a class="estDynamic" href="https://www.spesati.com/lactose-free/shelf">Cupboard</a>
                </li>
            </ul>
        </li>
        <li>
            <a class="estDynamic" href="https://www.spesati.com/special">
                <img src="http://cdn.spesati.com/images/menu/special.png"/>
                Special            </a>
            <i class="fa fa-angle-right" aria-hidden="true"></i>
            <ul class="sub-menu">
                <li>
                    <a class="estDynamic" href="https://www.spesati.com/special/alpro">Alpro</a>
                </li>
                <li>
                    <a class="estDynamic" href="https://www.spesati.com/special/organic">Biological</a>
                </li>
                <li>
                    <a class="estDynamic" href="https://www.spesati.com/special/meat">Meat</a>
                </li>
                <li>
                    <a class="estDynamic" href="https://www.spesati.com/special/wholegrain">Wholegrain</a>
                </li>
                <li>
                    <a class="estDynamic" href="https://www.spesati.com/special/bread-and-pasta">Bread and pasta</a>
                </li>
                <li>
                    <a class="estDynamic" href="https://www.spesati.com/special/vegan">Vegan</a>
                </li>
            </ul>
        </li>
        <li>
            <a class="estDynamic" href="https://www.spesati.com/sardinian-products">
                <img src="http://cdn.spesati.com/images/menu/sardinian-products.png"/>
                Sardinian products            </a>
            <i class="fa fa-angle-right" aria-hidden="true"></i>
            <ul class="sub-menu">
                <li>
                    <a class="estDynamic" href="https://www.spesati.com/sardinian-products/drinks">Drinks</a>
                </li>
                <li>
                    <a class="estDynamic" href="https://www.spesati.com/sardinian-products/meat">Meat</a>
                </li>
                <li>
                    <a class="estDynamic" href="https://www.spesati.com/sardinian-products/sweets">Sweets</a>
                </li>
                <li>
                    <a class="estDynamic" href="https://www.spesati.com/sardinian-products/fruit-and-vegetables">Fruit and vegetables</a>
                </li>
                <li>
                    <a class="estDynamic" href="https://www.spesati.com/sardinian-products/ichnusa">Ichnusa</a>
                </li>
                <li>
                    <a class="estDynamic" href="https://www.spesati.com/sardinian-products/dairy-product">Dairy product</a>
                </li>
                <li>
                    <a class="estDynamic" href="https://www.spesati.com/sardinian-products/bread-and-pasta">Bread and pasta</a>
                </li>
                <li>
                    <a class="estDynamic" href="https://www.spesati.com/sardinian-products/fish">Fish</a>
                </li>
                <li>
                    <a class="estDynamic" href="https://www.spesati.com/sardinian-products/cured-meat">Cured meat</a>
                </li>
                <li>
                    <a class="estDynamic" href="https://www.spesati.com/sardinian-products/shelf">Cupboard</a>
                </li>
                <li>
                    <a class="estDynamic" href="https://www.spesati.com/sardinian-products/vermentino-wine">Vermentino wine</a>
                </li>
                <li>
                    <a class="estDynamic" href="https://www.spesati.com/sardinian-products/wine-beer-and-spirits">Wine beer and spirits</a>
                </li>
            </ul>
        </li>
    </ul>
</div>    <div class="colRight">
        <div class="title mobile">
	<a href="https://www.spesati.com/shelf"><i class="fa red fa-angle-left fa-3x mobile" aria-hidden="true"></i></a>
	<h2>
		<b>
			sauces		</b>
	</h2>
</div>

<div class="breadcrumb bgGrey internal">
	<p>
		<b>
			<a href="https://www.spesati.com/">Home</a>
												&gt; <a href="https://www.spesati.com/shelf">Cupboard</a>
																&gt; Sauces									</b>
	</p>
	<div>
		<p>Order by</p>
		<select name="orderProd" id="orderProd">
			<option disabled="disabled" selected="selected">- Choose -</option>
			<option value="nameAsc">Name (A - Z)</option>
			<option value="nameDes">Name (Z - A)</option>
			<option value="priceHigh">Price - High to low</option>
			<option value="priceLow">Price - Low to high</option>
			<option value="soldAsc">Best Selling</option>
			<option value="available">Availability</option>
		</select>
	</div>
</div>
        <div class="containerProduct">
            <script type='text/javascript'>var track = '{"event":"ViewContent", "type":"category", "id":"Scaffale", "subids":["Sughi-Pesto","Salse"], "url":"https://www.spesati.com/shelf/sauces"}';</script>
<script>
gtag('event', 'select_content', {content_type: 'category', item_id: 'Scaffale'});gtag('event', 'select_content', {content_type: 'category', item_id: 'Sughi-Pesto'});gtag('event', 'select_content', {content_type: 'category', item_id: 'Salse'});
</script>
<div class="left product prod1"
        data-name="Senape Digione Antica C-grani"
        data-price="7.49"
        data-id="34730"
        data-available="yes"
        data-category="427"
        data-bestselling="">
    <a href="https://www.spesati.com/senape-digione-antica-c-grani">
        <div style="background-image: url('https://cdn.spesati.com/images/products/000650209/maille-senape-allantica-210-g-01.png')">
            <div class="hover"></div>
            
            <div class="stickers"></div>
        </div>
    </a>
    <div>
        <h4><a href="https://www.spesati.com/senape-digione-antica-c-grani"><b>Senape Digione Antica C-grani</b></a></h4>
        <p class="description">Maille Senape all'Antica 210 g</p>
        <p class="right price"><b>7.49 €</b></p>
        <p class="right unitPrice">35.66 € per kg</p>
    </div>
    <div class="contButton">
    <a class="button bgRed white addToCart" href="#">Add</a>
</div>
</div><div class="left product prod2"
        data-name="Salsa Mex Dip Pomod S-mar 250g"
        data-price="4.27"
        data-id="34729"
        data-available="yes"
        data-category="427"
        data-bestselling="">
    <a href="https://www.spesati.com/salsa-mex-dip-pomod-s-mar-250g">
        <div style="background-image: url('https://cdn.spesati.com/images/products/000650176/santa-maria-dip-salsa-medium-250-g-01.png')">
            <div class="hover"></div>
            
            <div class="stickers"></div>
        </div>
    </a>
    <div>
        <h4><a href="https://www.spesati.com/salsa-mex-dip-pomod-s-mar-250g"><b>Salsa Mex Dip Pomod S-mar 250g</b></a></h4>
        <p class="description">Santa Maria Dip Salsa Medium 250 g</p>
        <p class="right price"><b>4.27 €</b></p>
        <p class="right unitPrice">17.09 € per kg</p>
    </div>
    <div class="contButton">
    <a class="button bgRed white addToCart" href="#">Add</a>
</div>
</div><div class="left product prod3"
        data-name="Senape Americana C-disp 225gr"
        data-price="3.65"
        data-id="34725"
        data-available="yes"
        data-category="427"
        data-bestselling="">
    <a href="https://www.spesati.com/senape-americana-c-disp-225gr">
        <div style="background-image: url('https://cdn.spesati.com/images/products/000650112/frenchs-classic-yellow-mustard-226-g-01.png')">
            <div class="hover"></div>
            
            <div class="stickers"></div>
        </div>
    </a>
    <div>
        <h4><a href="https://www.spesati.com/senape-americana-c-disp-225gr"><b>Senape Americana C-disp 225gr</b></a></h4>
        <p class="description">French's Classic Yellow Mustard 226 g</p>
        <p class="right price"><b>3.65 €</b></p>
        <p class="right unitPrice">16.23 € per kg</p>
    </div>
    <div class="contButton">
    <a class="button bgRed white addToCart" href="#">Add</a>
</div>
</div><div class="left product prod4"
        data-name="Senape Digione Forte 215gr"
        data-price="4.09"
        data-id="34724"
        data-available="yes"
        data-category="427"
        data-bestselling="">
    <a href="https://www.spesati.com/senape-digione-forte-215gr">
        <div style="background-image: url('https://cdn.spesati.com/images/products/000650111/maille-dyon-originale-senape-di-digione-215-g-01.png')">
            <div class="hover"></div>
            
            <div class="stickers"></div>
        </div>
    </a>
    <div>
        <h4><a href="https://www.spesati.com/senape-digione-forte-215gr"><b>Senape Digione Forte 215gr</b></a></h4>
        <p class="description">Maille Dÿon Originale Senape di Digione 215 g</p>
        <p class="right price"><b>4.09 €</b></p>
        <p class="right unitPrice">19.02 € per kg</p>
    </div>
    <div class="contButton">
    <a class="button bgRed white addToCart" href="#">Add</a>
</div>
</div><div class="left product prod5"
        data-name="Maionese Kraft Leggera Tubo 150Ml"
        data-price="1.75"
        data-id="6506"
        data-available="yes"
        data-category="427"
        data-bestselling="">
    <a href="https://www.spesati.com/maionese-kraft-leggera-tubo-150ml">
        <div style="background-image: url('https://cdn.spesati.com/images/products/000503421/kraft-legeresse-152-g-01.png')">
            <div class="hover"></div>
            
            <div class="stickers"></div>
        </div>
    </a>
    <div>
        <h4><a href="https://www.spesati.com/maionese-kraft-leggera-tubo-150ml"><b>Maionese Kraft Leggera Tubo 150Ml</b></a></h4>
        <p class="description">Kraft legeresse 152 g</p>
        <p class="right price"><b>1.75 €</b></p>
        <p class="right unitPrice">11.67 € per litre</p>
    </div>
    <div class="contButton">
    <a class="button bgRed white addToCart" href="#">Add</a>
</div>
</div><div class="left product prod6"
        data-name="Kraft Maionese Tubo"
        data-price="1.55"
        data-id="4230"
        data-available="yes"
        data-category="427"
        data-bestselling="4">
    <a href="https://www.spesati.com/kraft-maionese-tubo">
        <div style="background-image: url('https://cdn.spesati.com/images/products/000503420/kraft-mayonnaise-142-g-01.png')">
            <div class="hover"></div>
            <p class="arrow bgRed white">Best Seller</p>
            <div class="stickers"></div>
        </div>
    </a>
    <div>
        <h4><a href="https://www.spesati.com/kraft-maionese-tubo"><b>Kraft Maionese Tubo</b></a></h4>
        <p class="description">Kraft mayonnaise 142 g</p>
        <p class="right price"><b>1.55 €</b></p>
        <p class="right unitPrice">10.33 € per litre</p>
    </div>
    <div class="contButton">
    <a class="button bgRed white addToCart" href="#">Add</a>
</div>
</div><div class="left product prod7"
        data-name="Pesto Barilla Basilic/lim 190g"
        data-price="3.25"
        data-id="83714"
        data-available="yes"
        data-category="427"
        data-bestselling="">
    <a href="https://www.spesati.com/pesto-barilla-basiliclim-190g">
        <div style="background-image: url('https://cdn.spesati.com/images/products/000436413/barilla-pesto-basilico-e-limone-condimento-e-sugo-per-pasta-190g-01.png')">
            <div class="hover"></div>
            
            <div class="stickers"></div>
        </div>
    </a>
    <div>
        <h4><a href="https://www.spesati.com/pesto-barilla-basiliclim-190g"><b>Pesto Barilla Basilic/lim 190g</b></a></h4>
        <p class="description">Barilla Pesto Basilico e Limone Condimento e Sugo per Pasta 190g</p>
        <p class="right price"><b>3.25 €</b></p>
        <p class="right unitPrice">17.11 € per kg</p>
    </div>
    <div class="contButton">
    <a class="button bgRed white addToCart" href="#">Add</a>
</div>
</div><div class="left product prod8"
        data-name="Maionese Calve'topdown 430ml"
        data-price="4.15"
        data-id="79562"
        data-available="yes"
        data-category="427"
        data-bestselling="">
    <a href="https://www.spesati.com/maionese-calvetopdown-430ml">
        <div style="background-image: url('https://cdn.spesati.com/images/products/000436284/calve-maionese-classica-430-ml-01.png')">
            <div class="hover"></div>
            
            <div class="stickers"></div>
        </div>
    </a>
    <div>
        <h4><a href="https://www.spesati.com/maionese-calvetopdown-430ml"><b>Maionese Calve'topdown 430ml</b></a></h4>
        <p class="description">Calvè Maionese Classica 430 ml</p>
        <p class="right price"><b>4.15 €</b></p>
        <p class="right unitPrice">9.65 € per litre</p>
    </div>
    <div class="contButton">
    <a class="button bgRed white addToCart" href="#">Add</a>
</div>
</div><div class="left product prod9"
        data-name="Maionese Calve'clas Vaso 450ml"
        data-price="3.39"
        data-id="79294"
        data-available="yes"
        data-category="427"
        data-bestselling="">
    <a href="https://www.spesati.com/maionese-calveclas-vaso-450ml">
        <div style="background-image: url('https://cdn.spesati.com/images/products/000436282/calve-classica-450-ml-01.png')">
            <div class="hover"></div>
            
            <div class="stickers"></div>
        </div>
    </a>
    <div>
        <h4><a href="https://www.spesati.com/maionese-calveclas-vaso-450ml"><b>Maionese Calve'clas Vaso 450ml</b></a></h4>
        <p class="description">Calvè Classica 450 ml</p>
        <p class="right price"><b>3.39 €</b></p>
        <p class="right unitPrice">7.54 € per litre</p>
    </div>
    <div class="contButton">
    <a class="button bgRed white addToCart" href="#">Add</a>
</div>
</div><div class="left product prod10"
        data-name="Maionese Calve' Clas Tubo 150m"
        data-price="1.65"
        data-id="79138"
        data-available="yes"
        data-category="427"
        data-bestselling="1">
    <a href="https://www.spesati.com/maionese-calve-clas-tubo-150m">
        <div style="background-image: url('https://cdn.spesati.com/images/products/000436281/calve-classica-150-ml-01.png')">
            <div class="hover"></div>
            <p class="arrow bgRed white">Best Seller</p>
            <div class="stickers"></div>
        </div>
    </a>
    <div>
        <h4><a href="https://www.spesati.com/maionese-calve-clas-tubo-150m"><b>Maionese Calve' Clas Tubo 150m</b></a></h4>
        <p class="description">Calvé Classica 150 ml</p>
        <p class="right price"><b>1.65 €</b></p>
        <p class="right unitPrice">11.00 € per litre</p>
    </div>
    <div class="contButton">
    <a class="button bgRed white addToCart" href="#">Add</a>
</div>
</div><div class="left product prod11"
        data-name="Pesto Barilla Basil/pist 190gr"
        data-price="3.25"
        data-id="78876"
        data-available="yes"
        data-category="427"
        data-bestselling="">
    <a href="https://www.spesati.com/pesto-barilla-basilpist-190gr">
        <div style="background-image: url('https://cdn.spesati.com/images/products/000436184/barilla-pesto-basilico-e-pistacchio-condimento-e-sugo-per-pasta-190-g-01.png')">
            <div class="hover"></div>
            
            <div class="stickers"></div>
        </div>
    </a>
    <div>
        <h4><a href="https://www.spesati.com/pesto-barilla-basilpist-190gr"><b>Pesto Barilla Basil/pist 190gr</b></a></h4>
        <p class="description">Barilla Pesto Basilico e Pistacchio Condimento e Sugo per Pasta 190 g</p>
        <p class="right price"><b>3.25 €</b></p>
        <p class="right unitPrice">17.11 € per kg</p>
    </div>
    <div class="contButton">
    <a class="button bgRed white addToCart" href="#">Add</a>
</div>
</div><div class="left product prod12"
        data-name="Sugo Baril V Gusto Basilic 300"
        data-price="3.45"
        data-id="69900"
        data-available="yes"
        data-category="427"
        data-bestselling="">
    <a href="https://www.spesati.com/sugo-baril-v-gusto-basilic-300">
        <div style="background-image: url('https://cdn.spesati.com/images/products/000435889/barilla-verogusto-pomodoro-datterini-con-basilico-genovese-dop-300g-01.png')">
            <div class="hover"></div>
            
            <div class="stickers"></div>
        </div>
    </a>
    <div>
        <h4><a href="https://www.spesati.com/sugo-baril-v-gusto-basilic-300"><b>Sugo Baril V Gusto Basilic 300</b></a></h4>
        <p class="description">Barilla Verogusto Pomodoro, Datterini con Basilico Genovese DOP 300g</p>
        <p class="right price"><b>3.45 €</b></p>
        <p class="right unitPrice">11.50 € per kg</p>
    </div>
    <div class="contButton">
    <a class="button bgRed white addToCart" href="#">Add</a>
</div>
</div><div class="left product prod13"
        data-name="Salsa Calve'cheddar Tdown 240g"
        data-price="2.39"
        data-id="85679"
        data-available="yes"
        data-category="427"
        data-bestselling="">
    <a href="https://www.spesati.com/salsa-calvecheddar-tdown-240g">
        <div style="background-image: url('https://cdn.spesati.com/images/products/000435782/calve-cheddar-240-ml-01.png')">
            <div class="hover"></div>
            
            <div class="stickers"></div>
        </div>
    </a>
    <div>
        <h4><a href="https://www.spesati.com/salsa-calvecheddar-tdown-240g"><b>Salsa Calve'cheddar Tdown 240g</b></a></h4>
        <p class="description">Calvè Cheddar 240 ml</p>
        <p class="right price"><b>2.39 €</b></p>
        <p class="right unitPrice">9.96 € per kg</p>
    </div>
    <div class="contButton">
    <a class="button bgRed white addToCart" href="#">Add</a>
</div>
</div><div class="left product prod14"
        data-name="Passata Pomodoro Casar Bottiglia 350gr"
        data-price="1.39"
        data-id="32829"
        data-available="yes"
        data-category="427"
        data-bestselling="10">
    <a href="https://www.spesati.com/passata-pomodoro-casar-bottiglia-350gr">
        <div style="background-image: url('https://cdn.spesati.com/images/products/000435658/casar-passata-di-pomodoro-350-g-01.png')">
            <div class="hover"></div>
            <p class="arrow bgRed white">Best Seller</p>
            <div class="stickers"></div>
        </div>
    </a>
    <div>
        <h4><a href="https://www.spesati.com/passata-pomodoro-casar-bottiglia-350gr"><b>Passata Pomodoro Casar Bottiglia 350gr</b></a></h4>
        <p class="description">Casar Passata di Pomodoro 350 g</p>
        <p class="right price"><b>1.39 €</b></p>
        <p class="right unitPrice">3.97 € per kg</p>
    </div>
    <div class="contButton">
    <a class="button bgRed white addToCart" href="#">Add</a>
</div>
</div><div class="left product prod15"
        data-name="Pesto Barilla Rosso 200gr"
        data-price="3.92"
        data-id="60987"
        data-available="yes"
        data-category="427"
        data-bestselling="">
    <a href="https://www.spesati.com/pesto-barilla-rosso-200gr">
        <div style="background-image: url('https://cdn.spesati.com/images/products/000435654/barilla-pesto-rosso-aceto-balsamico-modena-condimento-e-sugo-per-pasta-200-g-01.png')">
            <div class="hover"></div>
            
            <div class="stickers"></div>
        </div>
    </a>
    <div>
        <h4><a href="https://www.spesati.com/pesto-barilla-rosso-200gr"><b>Pesto Barilla Rosso 200gr</b></a></h4>
        <p class="description">Barilla Pesto Rosso Aceto Balsamico Modena Condimento e Sugo per Pasta 200 g</p>
        <p class="right price"><b>3.92 €</b></p>
        <p class="right unitPrice">19.59 € per kg</p>
    </div>
    <div class="contButton">
    <a class="button bgRed white addToCart" href="#">Add</a>
</div>
</div><div class="left product prod16"
        data-name="Topping Fabbri Pistacchio 200g"
        data-price="8.73"
        data-id="29234"
        data-available="yes"
        data-category="427"
        data-bestselling="">
    <a href="https://www.spesati.com/topping-fabbri-pistacchio-200g">
        <div style="background-image: url('https://cdn.spesati.com/images/products/000210912/fabbri-top-gold-pistacchio-200-g-01.png')">
            <div class="hover"></div>
            
            <div class="stickers"></div>
        </div>
    </a>
    <div>
        <h4><a href="https://www.spesati.com/topping-fabbri-pistacchio-200g"><b>Topping Fabbri Pistacchio 200g</b></a></h4>
        <p class="description">Fabbri Top Gold Pistacchio 200 g</p>
        <p class="right price"><b>8.73 €</b></p>
        <p class="right unitPrice">43.65 € per kg</p>
    </div>
    <div class="contButton">
    <a class="button bgRed white addToCart" href="#">Add</a>
</div>
</div><div class="left product prod17"
        data-name="Ketchup Calve Topdow Light 250"
        data-price="1.75"
        data-id="27854"
        data-available="yes"
        data-category="427"
        data-bestselling="">
    <a href="https://www.spesati.com/ketchup-calve-topdow-light-250">
        <div style="background-image: url('https://cdn.spesati.com/images/products/000180182/calve-ketchup-250-ml-01.png')">
            <div class="hover"></div>
            
            <div class="stickers"></div>
        </div>
    </a>
    <div>
        <h4><a href="https://www.spesati.com/ketchup-calve-topdow-light-250"><b>Ketchup Calve Topdow Light 250</b></a></h4>
        <p class="description">Calvè Ketchup 250 ml</p>
        <p class="right price"><b>1.75 €</b></p>
        <p class="right unitPrice">7.00 € per kg</p>
    </div>
    <div class="contButton">
    <a class="button bgRed white addToCart" href="#">Add</a>
</div>
</div><div class="left product prod18"
        data-name="Salsa Develey Ins Caesar 230ml"
        data-price="2.35"
        data-id="27853"
        data-available="yes"
        data-category="427"
        data-bestselling="">
    <a href="https://www.spesati.com/salsa-develey-ins-caesar-230ml">
        <div style="background-image: url('https://cdn.spesati.com/images/products/000180171/develey-dressing-caesar-230-ml-01.png')">
            <div class="hover"></div>
            
            <div class="stickers"></div>
        </div>
    </a>
    <div>
        <h4><a href="https://www.spesati.com/salsa-develey-ins-caesar-230ml"><b>Salsa Develey Ins Caesar 230ml</b></a></h4>
        <p class="description">Develey Dressing Caesar 230 ml</p>
        <p class="right price"><b>2.35 €</b></p>
        <p class="right unitPrice">10.22 € per litre</p>
    </div>
    <div class="contButton">
    <a class="button bgRed white addToCart" href="#">Add</a>
</div>
</div><div class="left product prod19"
        data-name="Salsa Develey Ins Erbe 230ml"
        data-price="2.35"
        data-id="27852"
        data-available="yes"
        data-category="427"
        data-bestselling="">
    <a href="https://www.spesati.com/salsa-develey-ins-erbe-230ml">
        <div style="background-image: url('https://cdn.spesati.com/images/products/000180170/develey-dressing-tzatziki-230-ml-01.png')">
            <div class="hover"></div>
            
            <div class="stickers"></div>
        </div>
    </a>
    <div>
        <h4><a href="https://www.spesati.com/salsa-develey-ins-erbe-230ml"><b>Salsa Develey Ins Erbe 230ml</b></a></h4>
        <p class="description">Develey Dressing Tzatziki 230 ml</p>
        <p class="right price"><b>2.35 €</b></p>
        <p class="right unitPrice">10.22 € per litre</p>
    </div>
    <div class="contButton">
    <a class="button bgRed white addToCart" href="#">Add</a>
</div>
</div><div class="left product prod20"
        data-name="Salsa Develey Ins Yogurt 230ml"
        data-price="2.35"
        data-id="27851"
        data-available="yes"
        data-category="427"
        data-bestselling="">
    <a href="https://www.spesati.com/salsa-develey-ins-yogurt-230ml">
        <div style="background-image: url('https://cdn.spesati.com/images/products/000180169/develey-dressing-yogurt-230-ml-01.png')">
            <div class="hover"></div>
            
            <div class="stickers"></div>
        </div>
    </a>
    <div>
        <h4><a href="https://www.spesati.com/salsa-develey-ins-yogurt-230ml"><b>Salsa Develey Ins Yogurt 230ml</b></a></h4>
        <p class="description">Develey Dressing Yogurt 230 ml</p>
        <p class="right price"><b>2.35 €</b></p>
        <p class="right unitPrice">10.22 € per litre</p>
    </div>
    <div class="contButton">
    <a class="button bgRed white addToCart" href="#">Add</a>
</div>
</div><div class="left product prod21"
        data-name="Maionese Calve'vasetto 650ml"
        data-price="4.68"
        data-id="88421"
        data-available="yes"
        data-category="427"
        data-bestselling="">
    <a href="https://www.spesati.com/maionese-calvevasetto-650ml">
        <div style="background-image: url('https://cdn.spesati.com/images/products/000155207/calve-classica-650-ml-01.png')">
            <div class="hover"></div>
            
            <div class="stickers"></div>
        </div>
    </a>
    <div>
        <h4><a href="https://www.spesati.com/maionese-calvevasetto-650ml"><b>Maionese Calve'vasetto 650ml</b></a></h4>
        <p class="description">Calvé Classica 650 ml</p>
        <p class="right price"><b>4.68 €</b></p>
        <p class="right unitPrice">7.19 € per litre</p>
    </div>
    <div class="contButton">
    <a class="button bgRed white addToCart" href="#">Add</a>
</div>
</div><div class="left product prod22"
        data-name="Maionese Gourmand Maille 320gr"
        data-price="6.05"
        data-id="61098"
        data-available="yes"
        data-category="427"
        data-bestselling="">
    <a href="https://www.spesati.com/maionese-gourmand-maille-320gr">
        <div style="background-image: url('https://cdn.spesati.com/images/products/000149248/maille-maionese-con-un-pizzico-di-senape-di-digione-320-g-01.png')">
            <div class="hover"></div>
            
            <div class="stickers"></div>
        </div>
    </a>
    <div>
        <h4><a href="https://www.spesati.com/maionese-gourmand-maille-320gr"><b>Maionese Gourmand Maille 320gr</b></a></h4>
        <p class="description">Maille Maionese con un pizzico di Senape di Digione 320 g</p>
        <p class="right price"><b>6.05 €</b></p>
        <p class="right unitPrice">18.91 € per kg</p>
    </div>
    <div class="contButton">
    <a class="button bgRed white addToCart" href="#">Add</a>
</div>
</div><div class="left product prod23"
        data-name="Pesto Barilla Genov Busta 500g"
        data-price="7.41"
        data-id="27701"
        data-available="yes"
        data-category="427"
        data-bestselling="">
    <a href="https://www.spesati.com/pesto-barilla-genov-busta-500g">
        <div style="background-image: url('https://cdn.spesati.com/images/products/000145045/barilla-for-professionals-pesto-genovese-catering-food-service-500-g-01.png')">
            <div class="hover"></div>
            
            <div class="stickers"></div>
        </div>
    </a>
    <div>
        <h4><a href="https://www.spesati.com/pesto-barilla-genov-busta-500g"><b>Pesto Barilla Genov Busta 500g</b></a></h4>
        <p class="description">Barilla for Professionals Pesto Genovese Catering Food Service 500 g</p>
        <p class="right price"><b>7.41 €</b></p>
        <p class="right unitPrice">17.23 € per kg</p>
    </div>
    <div class="contButton">
    <a class="button bgRed white addToCart" href="#">Add</a>
</div>
</div><div class="left product prod24"
        data-name="Salsa Barilla Pront Datter 300"
        data-price="2.74"
        data-id="27663"
        data-available="yes"
        data-category="427"
        data-bestselling="">
    <a href="https://www.spesati.com/salsa-barilla-pront-datter-300">
        <div style="background-image: url('https://cdn.spesati.com/images/products/000143207/barilla-salsa-pronta-datterini-100-ingredienti-italiani-300g-01.png')">
            <div class="hover"></div>
            
            <div class="stickers"></div>
        </div>
    </a>
    <div>
        <h4><a href="https://www.spesati.com/salsa-barilla-pront-datter-300"><b>Salsa Barilla Pront Datter 300</b></a></h4>
        <p class="description">Barilla Salsa Pronta Datterini 100% ingredienti italiani 300g</p>
        <p class="right price"><b>2.74 €</b></p>
        <p class="right unitPrice">9.14 € per kg</p>
    </div>
    <div class="contButton">
    <a class="button bgRed white addToCart" href="#">Add</a>
</div>
</div><div class="left product prod25"
        data-name="Barilla Salsa Pronta Classica 300 Gr"
        data-price="1.99"
        data-id="4654"
        data-available="yes"
        data-category="427"
        data-bestselling="">
    <a href="https://www.spesati.com/barilla-salsa-pronta-classica-300-gr">
        <div style="background-image: url('https://cdn.spesati.com/images/products/000143202/barilla-salsa-pronta-classica-100-ingredienti-italiani-300g-01.png')">
            <div class="hover"></div>
            
            <div class="stickers"></div>
        </div>
    </a>
    <div>
        <h4><a href="https://www.spesati.com/barilla-salsa-pronta-classica-300-gr"><b>Barilla Salsa Pronta Classica 300 Gr</b></a></h4>
        <p class="description">Barilla Salsa Pronta Classica 100% ingredienti italiani 300g</p>
        <p class="right price"><b>1.99 €</b></p>
        <p class="right unitPrice">6.63 € per kg</p>
    </div>
    <div class="contButton">
    <a class="button bgRed white addToCart" href="#">Add</a>
</div>
</div><div class="left product prod26"
        data-name="Pomod Mutti Polpa Pezzi 790gr"
        data-price="2.96"
        data-id="27643"
        data-available="yes"
        data-category="427"
        data-bestselling="">
    <a href="https://www.spesati.com/pomod-mutti-polpa-pezzi-790gr">
        <div style="background-image: url('https://cdn.spesati.com/images/products/000140213/mutti-polpa-di-pomodoro-790-g-01.png')">
            <div class="hover"></div>
            
            <div class="stickers"></div>
        </div>
    </a>
    <div>
        <h4><a href="https://www.spesati.com/pomod-mutti-polpa-pezzi-790gr"><b>Pomod Mutti Polpa Pezzi 790gr</b></a></h4>
        <p class="description">Mutti Polpa di Pomodoro 790 g</p>
        <p class="right price"><b>2.96 €</b></p>
        <p class="right unitPrice">3.75 € per kg</p>
    </div>
    <div class="contButton">
    <a class="button bgRed white addToCart" href="#">Add</a>
</div>
</div><div class="left product prod27"
        data-name="Pomod Mutti Polpa Pezzi 2500g"
        data-price="6.22"
        data-id="27642"
        data-available="yes"
        data-category="427"
        data-bestselling="">
    <a href="https://www.spesati.com/pomod-mutti-polpa-pezzi-2500g">
        <div style="background-image: url('https://cdn.spesati.com/images/products/000140212/mutti-polpa-pezzi-di-pomodoro-2500-g-01.png')">
            <div class="hover"></div>
            
            <div class="stickers"></div>
        </div>
    </a>
    <div>
        <h4><a href="https://www.spesati.com/pomod-mutti-polpa-pezzi-2500g"><b>Pomod Mutti Polpa Pezzi 2500g</b></a></h4>
        <p class="description">Mutti Polpa Pezzi di pomodoro 2500 g</p>
        <p class="right price"><b>6.22 €</b></p>
        <p class="right unitPrice">2.49 € per kg</p>
    </div>
    <div class="contButton">
    <a class="button bgRed white addToCart" href="#">Add</a>
</div>
</div><div class="left product prod28"
        data-name="Pomod Mutti Doppio Conc 880gr"
        data-price="6.34"
        data-id="27641"
        data-available="yes"
        data-category="427"
        data-bestselling="">
    <a href="https://www.spesati.com/pomod-mutti-doppio-conc-880gr">
        <div style="background-image: url('https://cdn.spesati.com/images/products/000140211/mutti-doppio-concentrato-di-pomodoro-880-g-01.png')">
            <div class="hover"></div>
            
            <div class="stickers"></div>
        </div>
    </a>
    <div>
        <h4><a href="https://www.spesati.com/pomod-mutti-doppio-conc-880gr"><b>Pomod Mutti Doppio Conc 880gr</b></a></h4>
        <p class="description">Mutti Doppio Concentrato di Pomodoro 880 g</p>
        <p class="right price"><b>6.34 €</b></p>
        <p class="right unitPrice">7.20 € per kg</p>
    </div>
    <div class="contButton">
    <a class="button bgRed white addToCart" href="#">Add</a>
</div>
</div><div class="left product prod29"
        data-name="Hummus Noa Di Ceci 175gr"
        data-price="2.79"
        data-id="73338"
        data-available="yes"
        data-category="427"
        data-bestselling="1">
    <a href="https://www.spesati.com/hummus-noa-di-ceci-175gr">
        <div style="background-image: url('https://cdn.spesati.com/images/products/000121408/noa-hummus-ceci-175-g-01.png')">
            <div class="hover"></div>
            <p class="arrow bgRed white">Best Seller</p>
            <div class="stickers"></div>
        </div>
    </a>
    <div>
        <h4><a href="https://www.spesati.com/hummus-noa-di-ceci-175gr"><b>Hummus Noa Di Ceci 175gr</b></a></h4>
        <p class="description">Noa Hummus Ceci 175 g</p>
        <p class="right price"><b>2.79 €</b></p>
        <p class="right unitPrice">15.50 € per kg</p>
    </div>
    <div class="contButton">
    <a class="button bgRed white addToCart" href="#">Add</a>
</div>
</div><div class="left product prod30"
        data-name="Salsa Di Cipolle Per Form 100g"
        data-price="2.83"
        data-id="73695"
        data-available="yes"
        data-category="427"
        data-bestselling="">
    <a href="https://www.spesati.com/salsa-di-cipolle-per-form-100g">
        <div style="background-image: url('https://cdn.spesati.com/images/products/000119987/biffi-salsa-di-cipolle-per-formaggi-100-g-01.png')">
            <div class="hover"></div>
            
            <div class="stickers"></div>
        </div>
    </a>
    <div>
        <h4><a href="https://www.spesati.com/salsa-di-cipolle-per-form-100g"><b>Salsa Di Cipolle Per Form 100g</b></a></h4>
        <p class="description">Biffi Salsa di Cipolle per Formaggi 100 g</p>
        <p class="right price"><b>2.83 €</b></p>
        <p class="right unitPrice">28.34 € per kg</p>
    </div>
    <div class="contButton">
    <a class="button bgRed white addToCart" href="#">Add</a>
</div>
</div><div class="left product prod31"
        data-name="Salsa Messicana Biffi V/v 200g"
        data-price="3.39"
        data-id="68421"
        data-available="yes"
        data-category="427"
        data-bestselling="">
    <a href="https://www.spesati.com/salsa-messicana-biffi-vv-200g">
        <div style="background-image: url('https://cdn.spesati.com/images/products/000119953/biffi-salsa-messicana-200-g-01.png')">
            <div class="hover"></div>
            
            <div class="stickers"></div>
        </div>
    </a>
    <div>
        <h4><a href="https://www.spesati.com/salsa-messicana-biffi-vv-200g"><b>Salsa Messicana Biffi V/v 200g</b></a></h4>
        <p class="description">Biffi Salsa Messicana 200 g</p>
        <p class="right price"><b>3.39 €</b></p>
        <p class="right unitPrice">16.95 € per kg</p>
    </div>
    <div class="contButton">
    <a class="button bgRed white addToCart" href="#">Add</a>
</div>
</div><div class="left product prod32"
        data-name="Salsa Harissa Biffi V/v 200gr"
        data-price="3.39"
        data-id="68418"
        data-available="yes"
        data-category="427"
        data-bestselling="">
    <a href="https://www.spesati.com/salsa-harissa-biffi-vv-200gr">
        <div style="background-image: url('https://cdn.spesati.com/images/products/000119952/biffi-salsa-harissa-200-g-01.png')">
            <div class="hover"></div>
            
            <div class="stickers"></div>
        </div>
    </a>
    <div>
        <h4><a href="https://www.spesati.com/salsa-harissa-biffi-vv-200gr"><b>Salsa Harissa Biffi V/v 200gr</b></a></h4>
        <p class="description">Biffi Salsa Harissa 200 g</p>
        <p class="right price"><b>3.39 €</b></p>
        <p class="right unitPrice">16.95 € per kg</p>
    </div>
    <div class="contButton">
    <a class="button bgRed white addToCart" href="#">Add</a>
</div>
</div><div class="left product prod33"
        data-name="Salsa Guacamole Biffi V/v 200g"
        data-price="3.39"
        data-id="68415"
        data-available="yes"
        data-category="427"
        data-bestselling="">
    <a href="https://www.spesati.com/salsa-guacamole-biffi-vv-200g">
        <div style="background-image: url('https://cdn.spesati.com/images/products/000119951/biffi-salsa-guacamole-200-g-01.png')">
            <div class="hover"></div>
            
            <div class="stickers"></div>
        </div>
    </a>
    <div>
        <h4><a href="https://www.spesati.com/salsa-guacamole-biffi-vv-200g"><b>Salsa Guacamole Biffi V/v 200g</b></a></h4>
        <p class="description">Biffi Salsa Guacamole 200 g</p>
        <p class="right price"><b>3.39 €</b></p>
        <p class="right unitPrice">16.95 € per kg</p>
    </div>
    <div class="contButton">
    <a class="button bgRed white addToCart" href="#">Add</a>
</div>
</div><div class="left product prod34"
        data-name="Salsa Barbecue Biffi V/v 210gr"
        data-price="3.39"
        data-id="68403"
        data-available="yes"
        data-category="427"
        data-bestselling="">
    <a href="https://www.spesati.com/salsa-barbecue-biffi-vv-210gr">
        <div style="background-image: url('https://cdn.spesati.com/images/products/000119947/biffi-salsa-barbecue-210-g-01.png')">
            <div class="hover"></div>
            
            <div class="stickers"></div>
        </div>
    </a>
    <div>
        <h4><a href="https://www.spesati.com/salsa-barbecue-biffi-vv-210gr"><b>Salsa Barbecue Biffi V/v 210gr</b></a></h4>
        <p class="description">Biffi Salsa Barbecue 210 g</p>
        <p class="right price"><b>3.39 €</b></p>
        <p class="right unitPrice">16.15 € per kg</p>
    </div>
    <div class="contButton">
    <a class="button bgRed white addToCart" href="#">Add</a>
</div>
</div><div class="left product prod35"
        data-name="Passata Valfrutt Al Vapore 700"
        data-price="1.79"
        data-id="26907"
        data-available="yes"
        data-category="427"
        data-bestselling="4">
    <a href="https://www.spesati.com/passata-valfrutt-al-vapore-700">
        <div style="background-image: url('https://cdn.spesati.com/images/products/000119351/valfrutta-al-vapore-passata-vellutata-700-g-01.png')">
            <div class="hover"></div>
            <p class="arrow bgRed white">Best Seller</p>
            <div class="stickers"></div>
        </div>
    </a>
    <div>
        <h4><a href="https://www.spesati.com/passata-valfrutt-al-vapore-700"><b>Passata Valfrutt Al Vapore 700</b></a></h4>
        <p class="description">Valfrutta al Vapore Passata Vellutata 700 g</p>
        <p class="right price"><b>1.79 €</b></p>
        <p class="right unitPrice">2.56 € per kg</p>
    </div>
    <div class="contButton">
    <a class="button bgRed white addToCart" href="#">Add</a>
</div>
</div><div class="left product prod36"
        data-name="Salsa Dress Develey Cesa Ml500"
        data-price="5.17"
        data-id="26808"
        data-available="yes"
        data-category="427"
        data-bestselling="">
    <a href="https://www.spesati.com/salsa-dress-develey-cesa-ml500">
        <div style="background-image: url('https://cdn.spesati.com/images/products/000118792/develey-dressing-caesar-500-ml-01.png')">
            <div class="hover"></div>
            
            <div class="stickers"></div>
        </div>
    </a>
    <div>
        <h4><a href="https://www.spesati.com/salsa-dress-develey-cesa-ml500"><b>Salsa Dress Develey Cesa Ml500</b></a></h4>
        <p class="description">Develey Dressing Caesar 500 ml</p>
        <p class="right price"><b>5.17 €</b></p>
        <p class="right unitPrice">10.34 € per litre</p>
    </div>
    <div class="contButton">
    <a class="button bgRed white addToCart" href="#">Add</a>
</div>
</div><div class="left product prod37"
        data-name="Salsa Dress Develey Yogu Ml500"
        data-price="4.33"
        data-id="26807"
        data-available="yes"
        data-category="427"
        data-bestselling="">
    <a href="https://www.spesati.com/salsa-dress-develey-yogu-ml500">
        <div style="background-image: url('https://cdn.spesati.com/images/products/000118791/develey-dressing-yogurt-500-ml-01.png')">
            <div class="hover"></div>
            
            <div class="stickers"></div>
        </div>
    </a>
    <div>
        <h4><a href="https://www.spesati.com/salsa-dress-develey-yogu-ml500"><b>Salsa Dress Develey Yogu Ml500</b></a></h4>
        <p class="description">Develey Dressing Yogurt 500 ml</p>
        <p class="right price"><b>4.33 €</b></p>
        <p class="right unitPrice">8.66 € per litre</p>
    </div>
    <div class="contButton">
    <a class="button bgRed white addToCart" href="#">Add</a>
</div>
</div><div class="left product prod38"
        data-name="Salsa Dress Develey Erbe Ml500"
        data-price="4.78"
        data-id="26806"
        data-available="yes"
        data-category="427"
        data-bestselling="">
    <a href="https://www.spesati.com/salsa-dress-develey-erbe-ml500">
        <div style="background-image: url('https://cdn.spesati.com/images/products/000118790/develey-insalatamore-dressing-con-erbette-500-ml-01.png')">
            <div class="hover"></div>
            
            <div class="stickers"></div>
        </div>
    </a>
    <div>
        <h4><a href="https://www.spesati.com/salsa-dress-develey-erbe-ml500"><b>Salsa Dress Develey Erbe Ml500</b></a></h4>
        <p class="description">Develey InsalatAmore Dressing con Erbette 500 ml</p>
        <p class="right price"><b>4.78 €</b></p>
        <p class="right unitPrice">9.56 € per litre</p>
    </div>
    <div class="contButton">
    <a class="button bgRed white addToCart" href="#">Add</a>
</div>
</div><div class="left product prod39"
        data-name="Calve salsa Tonnata"
        data-price="4.16"
        data-id="3072"
        data-available="yes"
        data-category="427"
        data-bestselling="">
    <a href="https://www.spesati.com/calve-salsa-tonnata">
        <div style="background-image: url('https://cdn.spesati.com/images/products/000118787/calve-salsa-tonnata-225-ml-01.png')">
            <div class="hover"></div>
            
            <div class="stickers"></div>
        </div>
    </a>
    <div>
        <h4><a href="https://www.spesati.com/calve-salsa-tonnata"><b>Calve salsa Tonnata</b></a></h4>
        <p class="description">Calvé Salsa Tonnata 225 ml</p>
        <p class="right price"><b>4.16 €</b></p>
        <p class="right unitPrice">16.62 € per litre</p>
    </div>
    <div class="contButton">
    <a class="button bgRed white addToCart" href="#">Add</a>
</div>
</div><div class="left product prod40"
        data-name="Salsa Gaia Pistac Neutra 480g"
        data-price="26.99"
        data-id="26790"
        data-available="yes"
        data-category="427"
        data-bestselling="">
    <a href="https://www.spesati.com/salsa-gaia-pistac-neutra-480g">
        <div style="background-image: url('https://cdn.spesati.com/images/products/000118721/gaia-salsa-di-pistacchio-480-g-01.png')">
            <div class="hover"></div>
            
            <div class="stickers"></div>
        </div>
    </a>
    <div>
        <h4><a href="https://www.spesati.com/salsa-gaia-pistac-neutra-480g"><b>Salsa Gaia Pistac Neutra 480g</b></a></h4>
        <p class="description">Gaia Salsa di pistacchio 480 g</p>
        <p class="right price"><b>26.99 €</b></p>
        <p class="right unitPrice">56.23 € per kg</p>
    </div>
    <div class="contButton">
    <a class="button bgRed white addToCart" href="#">Add</a>
</div>
</div><div class="left product prod41"
        data-name="Glassa Gaia Aceto Balsam 500gr"
        data-price="7.95"
        data-id="26779"
        data-available="yes"
        data-category="427"
        data-bestselling="">
    <a href="https://www.spesati.com/glassa-gaia-aceto-balsam-500gr">
        <div style="background-image: url('https://cdn.spesati.com/images/products/000118479/gaia-glassa-all-aceto-balsamico-di-modena-igp-500-g-01.png')">
            <div class="hover"></div>
            
            <div class="stickers"></div>
        </div>
    </a>
    <div>
        <h4><a href="https://www.spesati.com/glassa-gaia-aceto-balsam-500gr"><b>Glassa Gaia Aceto Balsam 500gr</b></a></h4>
        <p class="description">Gaia Glassa all' "Aceto Balsamico di Modena IGP" 500 g</p>
        <p class="right price"><b>7.95 €</b></p>
        <p class="right unitPrice">15.90 € per kg</p>
    </div>
    <div class="contButton">
    <a class="button bgRed white addToCart" href="#">Add</a>
</div>
</div><div class="left product prod42"
        data-name="Ketchup Heinz Topdown 250gr"
        data-price="2.15"
        data-id="26776"
        data-available="yes"
        data-category="427"
        data-bestselling="">
    <a href="https://www.spesati.com/ketchup-heinz-topdown-250gr">
        <div style="background-image: url('https://cdn.spesati.com/images/products/000118430/heinz-tomato-ketchup-250-g-01.png')">
            <div class="hover"></div>
            
            <div class="stickers"></div>
        </div>
    </a>
    <div>
        <h4><a href="https://www.spesati.com/ketchup-heinz-topdown-250gr"><b>Ketchup Heinz Topdown 250gr</b></a></h4>
        <p class="description">Heinz Tomato Ketchup 250 g</p>
        <p class="right price"><b>2.15 €</b></p>
        <p class="right unitPrice">8.60 € per kg</p>
    </div>
    <div class="contButton">
    <a class="button bgRed white addToCart" href="#">Add</a>
</div>
</div><div class="left product prod43"
        data-name="Maionese Heinz Topdown 215gr"
        data-price="2.39"
        data-id="26775"
        data-available="yes"
        data-category="427"
        data-bestselling="">
    <a href="https://www.spesati.com/maionese-heinz-topdown-215gr">
        <div style="background-image: url('https://cdn.spesati.com/images/products/000118419/heinz-maionese-originale-215-g-01.png')">
            <div class="hover"></div>
            
            <div class="stickers"></div>
        </div>
    </a>
    <div>
        <h4><a href="https://www.spesati.com/maionese-heinz-topdown-215gr"><b>Maionese Heinz Topdown 215gr</b></a></h4>
        <p class="description">Heinz Maionese Originale 215 g</p>
        <p class="right price"><b>2.39 €</b></p>
        <p class="right unitPrice">11.12 € per kg</p>
    </div>
    <div class="contButton">
    <a class="button bgRed white addToCart" href="#">Add</a>
</div>
</div><div class="left product prod44"
        data-name="Maionese Calve'monod 198x10ml"
        data-price="16.12"
        data-id="26672"
        data-available="yes"
        data-category="427"
        data-bestselling="">
    <a href="https://www.spesati.com/maionese-calvemonod-198x10ml">
        <div style="background-image: url('https://cdn.spesati.com/images/products/000117578/calve-cremosa-198-x-10-ml-01.png')">
            <div class="hover"></div>
            
            <div class="stickers"></div>
        </div>
    </a>
    <div>
        <h4><a href="https://www.spesati.com/maionese-calvemonod-198x10ml"><b>Maionese Calve'monod 198x10ml</b></a></h4>
        <p class="description">Calvé Cremosa 198 x 10 ml</p>
        <p class="right price"><b>16.12 €</b></p>
        <p class="right unitPrice">8.14 € per kg</p>
    </div>
    <div class="contButton">
    <a class="button bgRed white addToCart" href="#">Add</a>
</div>
</div><div class="left product prod45"
        data-name="Ketchup Calve' Monod 198x10ml"
        data-price="14.65"
        data-id="26671"
        data-available="yes"
        data-category="427"
        data-bestselling="">
    <a href="https://www.spesati.com/ketchup-calve-monod-198x10ml">
        <div style="background-image: url('https://cdn.spesati.com/images/products/000117577/calve-ketchup-198-x-10-ml-01.png')">
            <div class="hover"></div>
            
            <div class="stickers"></div>
        </div>
    </a>
    <div>
        <h4><a href="https://www.spesati.com/ketchup-calve-monod-198x10ml"><b>Ketchup Calve' Monod 198x10ml</b></a></h4>
        <p class="description">Calvé Ketchup 198 x 10 ml</p>
        <p class="right price"><b>14.65 €</b></p>
        <p class="right unitPrice">7.40 € per kg</p>
    </div>
    <div class="contButton">
    <a class="button bgRed white addToCart" href="#">Add</a>
</div>
</div><div class="left product prod46"
        data-name="Polpa Mutti Datterin Pez 3x300"
        data-price="3.85"
        data-id="68322"
        data-available="yes"
        data-category="427"
        data-bestselling="">
    <a href="https://www.spesati.com/polpa-mutti-datterin-pez-3x300">
        <div style="background-image: url('https://cdn.spesati.com/images/products/000117574/mutti-polpa-datterini-in-pezzi-3-x-300-g-01.png')">
            <div class="hover"></div>
            
            <div class="stickers"></div>
        </div>
    </a>
    <div>
        <h4><a href="https://www.spesati.com/polpa-mutti-datterin-pez-3x300"><b>Polpa Mutti Datterin Pez 3x300</b></a></h4>
        <p class="description">Mutti Polpa Datterini in Pezzi 3 x 300 g</p>
        <p class="right price"><b>3.85 €</b></p>
        <p class="right unitPrice">4.27 € per kg</p>
    </div>
    <div class="contButton">
    <a class="button bgRed white addToCart" href="#">Add</a>
</div>
</div><div class="left product prod47"
        data-name="Passata Mutti Pomodoro 2500gr"
        data-price="6.72"
        data-id="26650"
        data-available="yes"
        data-category="427"
        data-bestselling="">
    <a href="https://www.spesati.com/passata-mutti-pomodoro-2500gr">
        <div style="background-image: url('https://cdn.spesati.com/images/products/000117512/mutti-passata-di-pomodoro-2500-g-01.png')">
            <div class="hover"></div>
            
            <div class="stickers"></div>
        </div>
    </a>
    <div>
        <h4><a href="https://www.spesati.com/passata-mutti-pomodoro-2500gr"><b>Passata Mutti Pomodoro 2500gr</b></a></h4>
        <p class="description">Mutti Passata di pomodoro 2500 g</p>
        <p class="right price"><b>6.72 €</b></p>
        <p class="right unitPrice">2.68 € per kg</p>
    </div>
    <div class="contButton">
    <a class="button bgRed white addToCart" href="#">Add</a>
</div>
</div><div class="left product prod48"
        data-name="Ketchup Nat Twis Biffi 280gr"
        data-price="2.02"
        data-id="26612"
        data-available="yes"
        data-category="427"
        data-bestselling="">
    <a href="https://www.spesati.com/ketchup-nat-twis-biffi-280gr">
        <div style="background-image: url('https://cdn.spesati.com/images/products/000117453/biffi-ketchup-280-g-01.png')">
            <div class="hover"></div>
            
            <div class="stickers"></div>
        </div>
    </a>
    <div>
        <h4><a href="https://www.spesati.com/ketchup-nat-twis-biffi-280gr"><b>Ketchup Nat Twis Biffi 280gr</b></a></h4>
        <p class="description">Biffi Ketchup 280 g</p>
        <p class="right price"><b>2.02 €</b></p>
        <p class="right unitPrice">7.23 € per kg</p>
    </div>
    <div class="contButton">
    <a class="button bgRed white addToCart" href="#">Add</a>
</div>
</div><div class="left product prod49"
        data-name="Salsa Soia Kikk Menosale 150ml"
        data-price="5.09"
        data-id="26609"
        data-available="yes"
        data-category="427"
        data-bestselling="">
    <a href="https://www.spesati.com/salsa-soia-kikk-menosale-150ml">
        <div style="background-image: url('https://cdn.spesati.com/images/products/000117443/kikkoman-salsa-di-soia-a-tasso-ridotto-di-sale150-ml-01.png')">
            <div class="hover"></div>
            
            <div class="stickers"></div>
        </div>
    </a>
    <div>
        <h4><a href="https://www.spesati.com/salsa-soia-kikk-menosale-150ml"><b>Salsa Soia Kikk Menosale 150ml</b></a></h4>
        <p class="description">Kikkoman Salsa di Soia a Tasso Ridotto di Sale150 ml</p>
        <p class="right price"><b>5.09 €</b></p>
        <p class="right unitPrice">33.94 € per litre</p>
    </div>
    <div class="contButton">
    <a class="button bgRed white addToCart" href="#">Add</a>
</div>
</div><div class="left product prod50"
        data-name="Salsa Soia Kikk Menosale 1lt"
        data-price="7.68"
        data-id="26608"
        data-available="yes"
        data-category="427"
        data-bestselling="">
    <a href="https://www.spesati.com/salsa-soia-kikk-menosale-1lt">
        <div style="background-image: url('https://cdn.spesati.com/images/products/000117442/kikkoman-soy-sauce-less-salt-1-l-01.png')">
            <div class="hover"></div>
            
            <div class="stickers"></div>
        </div>
    </a>
    <div>
        <h4><a href="https://www.spesati.com/salsa-soia-kikk-menosale-1lt"><b>Salsa Soia Kikk Menosale 1lt</b></a></h4>
        <p class="description">Kikkoman Soy sauce less salt 1 L</p>
        <p class="right price"><b>7.68 €</b></p>
        <p class="right unitPrice">7.68 € per litre</p>
    </div>
    <div class="contButton">
    <a class="button bgRed white addToCart" href="#">Add</a>
</div>
</div><div class="left product prod51"
        data-name="Polpa Ext Fine Antonella 2500g"
        data-price="5.05"
        data-id="26596"
        data-available="yes"
        data-category="427"
        data-bestselling="">
    <a href="https://www.spesati.com/polpa-ext-fine-antonella-2500g">
        <div style="background-image: url('https://cdn.spesati.com/images/products/000117368/antonella-polpa-extrafine-2500-g-01.png')">
            <div class="hover"></div>
            
            <div class="stickers"></div>
        </div>
    </a>
    <div>
        <h4><a href="https://www.spesati.com/polpa-ext-fine-antonella-2500g"><b>Polpa Ext Fine Antonella 2500g</b></a></h4>
        <p class="description">Antonella Polpa Extrafine 2500 g</p>
        <p class="right price"><b>5.05 €</b></p>
        <p class="right unitPrice">2.02 € per kg</p>
    </div>
    <div class="contButton">
    <a class="button bgRed white addToCart" href="#">Add</a>
</div>
</div><div class="left product prod52"
        data-name="Salsa Develey Greca 250ml"
        data-price="2.69"
        data-id="71634"
        data-available="yes"
        data-category="427"
        data-bestselling="">
    <a href="https://www.spesati.com/salsa-develey-greca-250ml">
        <div style="background-image: url('https://cdn.spesati.com/images/products/000117247/develey-salsa-greca-250-ml-01.png')">
            <div class="hover"></div>
            
            <div class="stickers"></div>
        </div>
    </a>
    <div>
        <h4><a href="https://www.spesati.com/salsa-develey-greca-250ml"><b>Salsa Develey Greca 250ml</b></a></h4>
        <p class="description">Develey Salsa Greca 250 ml</p>
        <p class="right price"><b>2.69 €</b></p>
        <p class="right unitPrice">10.76 € per litre</p>
    </div>
    <div class="contButton">
    <a class="button bgRed white addToCart" href="#">Add</a>
</div>
</div><div class="left product prod53"
        data-name="Salsa Tartara Gaia Vaso Gr960"
        data-price="10.33"
        data-id="26577"
        data-available="yes"
        data-category="427"
        data-bestselling="">
    <a href="https://www.spesati.com/salsa-tartara-gaia-vaso-gr960">
        <div style="background-image: url('https://cdn.spesati.com/images/products/000117221/gaia-salsa-tartara-960-g-01.png')">
            <div class="hover"></div>
            
            <div class="stickers"></div>
        </div>
    </a>
    <div>
        <h4><a href="https://www.spesati.com/salsa-tartara-gaia-vaso-gr960"><b>Salsa Tartara Gaia Vaso Gr960</b></a></h4>
        <p class="description">Gaia Salsa Tartara 960 g</p>
        <p class="right price"><b>10.33 €</b></p>
        <p class="right unitPrice">10.76 € per kg</p>
    </div>
    <div class="contButton">
    <a class="button bgRed white addToCart" href="#">Add</a>
</div>
</div><div class="left product prod54"
        data-name="Pate' Asdomar Spalmabile Al Salmone"
        data-price="2.10"
        data-id="5589"
        data-available="yes"
        data-category="427"
        data-bestselling="">
    <a href="https://www.spesati.com/pate-asdomar-spalmabile-al-salmone">
        <div style="background-image: url('https://cdn.spesati.com/images/products/000117143/asdomar-pate-salmone-100-g-01.png')">
            <div class="hover"></div>
            
            <div class="stickers"></div>
        </div>
    </a>
    <div>
        <h4><a href="https://www.spesati.com/pate-asdomar-spalmabile-al-salmone"><b>Pate' Asdomar Spalmabile Al Salmone</b></a></h4>
        <p class="description">Asdomar Paté Salmone 100 g</p>
        <p class="right price"><b>2.10 €</b></p>
        <p class="right unitPrice">21.04 € per kg</p>
    </div>
    <div class="contButton">
    <a class="button bgRed white addToCart" href="#">Add</a>
</div>
</div><div class="left product prod55"
        data-name="Pate' Asdomar Spalmabile Al Tonno"
        data-price="2.10"
        data-id="5590"
        data-available="yes"
        data-category="427"
        data-bestselling="">
    <a href="https://www.spesati.com/pate-asdomar-spalmabile-al-tonno">
        <div style="background-image: url('https://cdn.spesati.com/images/products/000117141/asdomar-pate-tonno-100-g-01.png')">
            <div class="hover"></div>
            
            <div class="stickers"></div>
        </div>
    </a>
    <div>
        <h4><a href="https://www.spesati.com/pate-asdomar-spalmabile-al-tonno"><b>Pate' Asdomar Spalmabile Al Tonno</b></a></h4>
        <p class="description">Asdomar Paté tonno 100 g</p>
        <p class="right price"><b>2.10 €</b></p>
        <p class="right unitPrice">21.04 € per kg</p>
    </div>
    <div class="contButton">
    <a class="button bgRed white addToCart" href="#">Add</a>
</div>
</div><div class="left product prod56"
        data-name="Maionese Biffi Clas Tubo 150ml"
        data-price="1.61"
        data-id="26543"
        data-available="yes"
        data-category="427"
        data-bestselling="">
    <a href="https://www.spesati.com/maionese-biffi-clas-tubo-150ml">
        <div style="background-image: url('https://cdn.spesati.com/images/products/000117115/biffi-la-maionese-italiana-143-g-01.png')">
            <div class="hover"></div>
            
            <div class="stickers"></div>
        </div>
    </a>
    <div>
        <h4><a href="https://www.spesati.com/maionese-biffi-clas-tubo-150ml"><b>Maionese Biffi Clas Tubo 150ml</b></a></h4>
        <p class="description">Biffi la Maionese Italiana 143 g</p>
        <p class="right price"><b>1.61 €</b></p>
        <p class="right unitPrice">10.73 € per litre</p>
    </div>
    <div class="contButton">
    <a class="button bgRed white addToCart" href="#">Add</a>
</div>
</div><div class="left product prod57"
        data-name="Santa Rosa Pezzettoni"
        data-price="2.95"
        data-id="3373"
        data-available="yes"
        data-category="427"
        data-bestselling="">
    <a href="https://www.spesati.com/santa-rosa-pezzettoni">
        <div style="background-image: url('https://cdn.spesati.com/images/products/000117083/santa-rosa-pomodorissimo-i-pezzettoni-3-x-400-g-01.png')">
            <div class="hover"></div>
            
            <div class="stickers"></div>
        </div>
    </a>
    <div>
        <h4><a href="https://www.spesati.com/santa-rosa-pezzettoni"><b>Santa Rosa Pezzettoni</b></a></h4>
        <p class="description">Santa Rosa Pomodorissimo i Pezzettoni 3 x 400 g</p>
        <p class="right price"><b>2.95 €</b></p>
        <p class="right unitPrice">2.45 € per kg</p>
    </div>
    <div class="contButton">
    <a class="button bgRed white addToCart" href="#">Add</a>
</div>
</div><div class="left product prod58"
        data-name="Salsa Fichi Per Form 100gr"
        data-price="1.99"
        data-id="26524"
        data-available="yes"
        data-category="427"
        data-bestselling="">
    <a href="https://www.spesati.com/salsa-fichi-per-form-100gr">
        <div style="background-image: url('https://cdn.spesati.com/images/products/000116997/biffi-salsa-di-fichi-per-formaggi-100-g-01.png')">
            <div class="hover"></div>
            
            <div class="stickers"></div>
        </div>
    </a>
    <div>
        <h4><a href="https://www.spesati.com/salsa-fichi-per-form-100gr"><b>Salsa Fichi Per Form 100gr</b></a></h4>
        <p class="description">Biffi Salsa di Fichi per Formaggi 100 g</p>
        <p class="right price"><b>1.99 €</b></p>
        <p class="right unitPrice">19.90 € per kg</p>
    </div>
    <div class="contButton">
    <a class="button bgRed white addToCart" href="#">Add</a>
</div>
</div><div class="left product prod59"
        data-name="Hellman top down maionese 430ml"
        data-price="4.95"
        data-id="5270"
        data-available="yes"
        data-category="427"
        data-bestselling="">
    <a href="https://www.spesati.com/hellman-top-down-maionese-430ml">
        <div style="background-image: url('https://cdn.spesati.com/images/products/000116983/hellmanns-real-430-ml-01.png')">
            <div class="hover"></div>
            
            <div class="stickers"></div>
        </div>
    </a>
    <div>
        <h4><a href="https://www.spesati.com/hellman-top-down-maionese-430ml"><b>Hellman top down maionese 430ml</b></a></h4>
        <p class="description">Hellmann's Real 430 ml</p>
        <p class="right price"><b>4.95 €</b></p>
        <p class="right unitPrice">11.52 € per litre</p>
    </div>
    <div class="contButton">
    <a class="button bgRed white addToCart" href="#">Add</a>
</div>
</div><div class="left product prod60"
        data-name="Hellmans Top Down Ketchup 430Ml"
        data-price="4.77"
        data-id="5885"
        data-available="yes"
        data-category="427"
        data-bestselling="">
    <a href="https://www.spesati.com/hellmans-top-down-ketchup-430ml">
        <div style="background-image: url('https://cdn.spesati.com/images/products/000116982/hellmanns-tomato-ketchup-477-g-01.png')">
            <div class="hover"></div>
            
            <div class="stickers"><img class="left" src="http://cdn.spesati.com/images/layout/gluten-free.png" /></div>
        </div>
    </a>
    <div>
        <h4><a href="https://www.spesati.com/hellmans-top-down-ketchup-430ml"><b>Hellmans Top Down Ketchup 430Ml</b></a></h4>
        <p class="description">Hellmann's Tomato Ketchup 477 g</p>
        <p class="right price"><b>4.77 €</b></p>
        <p class="right unitPrice">11.10 € per litre</p>
    </div>
    <div class="contButton">
    <a class="button bgRed white addToCart" href="#">Add</a>
</div>
</div><div class="left product prod61"
        data-name="Salsa Mandarino Per Form.100gr"
        data-price="1.99"
        data-id="26516"
        data-available="yes"
        data-category="427"
        data-bestselling="">
    <a href="https://www.spesati.com/salsa-mandarino-per-form100gr">
        <div style="background-image: url('https://cdn.spesati.com/images/products/000116963/biffi-salsa-di-mandarino-per-formaggi-100-g-01.png')">
            <div class="hover"></div>
            
            <div class="stickers"></div>
        </div>
    </a>
    <div>
        <h4><a href="https://www.spesati.com/salsa-mandarino-per-form100gr"><b>Salsa Mandarino Per Form.100gr</b></a></h4>
        <p class="description">Biffi Salsa di Mandarino per Formaggi 100 g</p>
        <p class="right price"><b>1.99 €</b></p>
        <p class="right unitPrice">19.90 € per kg</p>
    </div>
    <div class="contButton">
    <a class="button bgRed white addToCart" href="#">Add</a>
</div>
</div><div class="left product prod62"
        data-name="Salsa Di Pere Per Form.100gr"
        data-price="1.99"
        data-id="26515"
        data-available="yes"
        data-category="427"
        data-bestselling="">
    <a href="https://www.spesati.com/salsa-di-pere-per-form100gr">
        <div style="background-image: url('https://cdn.spesati.com/images/products/000116962/biffi-salsa-di-pere-per-formaggi-100-g-01.png')">
            <div class="hover"></div>
            
            <div class="stickers"></div>
        </div>
    </a>
    <div>
        <h4><a href="https://www.spesati.com/salsa-di-pere-per-form100gr"><b>Salsa Di Pere Per Form.100gr</b></a></h4>
        <p class="description">Biffi Salsa di Pere per Formaggi 100 g</p>
        <p class="right price"><b>1.99 €</b></p>
        <p class="right unitPrice">19.90 € per kg</p>
    </div>
    <div class="contButton">
    <a class="button bgRed white addToCart" href="#">Add</a>
</div>
</div><div class="left product prod63"
        data-name="Salsa Soia Kikkoman Lt 1 Pet"
        data-price="7.94"
        data-id="26463"
        data-available="yes"
        data-category="427"
        data-bestselling="">
    <a href="https://www.spesati.com/salsa-soia-kikkoman-lt-1-pet">
        <div style="background-image: url('https://cdn.spesati.com/images/products/000116719/kikkoman-salsa-di-soia-1-l-01.png')">
            <div class="hover"></div>
            
            <div class="stickers"></div>
        </div>
    </a>
    <div>
        <h4><a href="https://www.spesati.com/salsa-soia-kikkoman-lt-1-pet"><b>Salsa Soia Kikkoman Lt 1 Pet</b></a></h4>
        <p class="description">Kikkoman Salsa di soia 1 L</p>
        <p class="right price"><b>7.94 €</b></p>
        <p class="right unitPrice">7.94 € per litre</p>
    </div>
    <div class="contButton">
    <a class="button bgRed white addToCart" href="#">Add</a>
</div>
</div><div class="left product prod64"
        data-name="Salsa soia kikkoman 150ml"
        data-price="4.99"
        data-id="5217"
        data-available="yes"
        data-category="427"
        data-bestselling="">
    <a href="https://www.spesati.com/salsa-soia-kikkoman-150ml">
        <div style="background-image: url('https://cdn.spesati.com/images/products/000116717/kikkoman-salsa-di-soia-150-ml-01.png')">
            <div class="hover"></div>
            
            <div class="stickers"></div>
        </div>
    </a>
    <div>
        <h4><a href="https://www.spesati.com/salsa-soia-kikkoman-150ml"><b>Salsa soia kikkoman 150ml</b></a></h4>
        <p class="description">Kikkoman Salsa di soia 150 ml</p>
        <p class="right price"><b>4.99 €</b></p>
        <p class="right unitPrice">33.26 € per litre</p>
    </div>
    <div class="contButton">
    <a class="button bgRed white addToCart" href="#">Add</a>
</div>
</div><div class="left product prod65"
        data-name="Senape Calve'delic Topdown 250"
        data-price="2.99"
        data-id="78636"
        data-available="yes"
        data-category="427"
        data-bestselling="">
    <a href="https://www.spesati.com/senape-calvedelic-topdown-250">
        <div style="background-image: url('https://cdn.spesati.com/images/products/000116353/calve-senape-gourmet-250-ml-01.png')">
            <div class="hover"></div>
            
            <div class="stickers"></div>
        </div>
    </a>
    <div>
        <h4><a href="https://www.spesati.com/senape-calvedelic-topdown-250"><b>Senape Calve'delic Topdown 250</b></a></h4>
        <p class="description">Calvé Senape Gourmet 250 ml</p>
        <p class="right price"><b>2.99 €</b></p>
        <p class="right unitPrice">11.96 € per litre</p>
    </div>
    <div class="contButton">
    <a class="button bgRed white addToCart" href="#">Add</a>
</div>
</div><div class="left product prod66"
        data-name="Polpa Pomodo Mutti Finis 2x210"
        data-price="1.69"
        data-id="26392"
        data-available="yes"
        data-category="427"
        data-bestselling="">
    <a href="https://www.spesati.com/polpa-pomodo-mutti-finis-2x210">
        <div style="background-image: url('https://cdn.spesati.com/images/products/000116287/mutti-polpa-di-pomodoro-210-g-01.png')">
            <div class="hover"></div>
            
            <div class="stickers"></div>
        </div>
    </a>
    <div>
        <h4><a href="https://www.spesati.com/polpa-pomodo-mutti-finis-2x210"><b>Polpa Pomodo Mutti Finis 2x210</b></a></h4>
        <p class="description">Mutti Polpa di Pomodoro 210 g</p>
        <p class="right price"><b>1.69 €</b></p>
        <p class="right unitPrice">4.02 € per kg</p>
    </div>
    <div class="contButton">
    <a class="button bgRed white addToCart" href="#">Add</a>
</div>
</div><div class="left product prod67"
        data-name="Pomodori Pelati Mutti 2.5kg"
        data-price="7.08"
        data-id="26391"
        data-available="yes"
        data-category="427"
        data-bestselling="">
    <a href="https://www.spesati.com/pomodori-pelati-mutti-25kg">
        <div style="background-image: url('https://cdn.spesati.com/images/products/000116285/mutti-pelati-mediterranei-2500-g-01.png')">
            <div class="hover"></div>
            
            <div class="stickers"></div>
        </div>
    </a>
    <div>
        <h4><a href="https://www.spesati.com/pomodori-pelati-mutti-25kg"><b>Pomodori Pelati Mutti 2.5kg</b></a></h4>
        <p class="description">Mutti Pelati Mediterranei 2500 g</p>
        <p class="right price"><b>7.08 €</b></p>
        <p class="right unitPrice">2.83 € per kg</p>
    </div>
    <div class="contButton">
    <a class="button bgRed white addToCart" href="#">Add</a>
</div>
</div><div class="left product prod68"
        data-name="Passata Mutti Bottiglia 700Gr"
        data-price="1.79"
        data-id="5764"
        data-available="yes"
        data-category="427"
        data-bestselling="16">
    <a href="https://www.spesati.com/passata-mutti-bottiglia-700gr">
        <div style="background-image: url('https://cdn.spesati.com/images/products/000116283/mutti-passata-di-pomodoro-700-g-01.png')">
            <div class="hover"></div>
            <p class="arrow bgRed white">Best Seller</p>
            <div class="stickers"></div>
        </div>
    </a>
    <div>
        <h4><a href="https://www.spesati.com/passata-mutti-bottiglia-700gr"><b>Passata Mutti Bottiglia 700Gr</b></a></h4>
        <p class="description">Mutti Passata di Pomodoro 700 g</p>
        <p class="right price"><b>1.79 €</b></p>
        <p class="right unitPrice">2.56 € per kg</p>
    </div>
    <div class="contButton">
    <a class="button bgRed white addToCart" href="#">Add</a>
</div>
</div><div class="left product prod69"
        data-name="Polpa Pezzi Mutti Bott 690 Gr"
        data-price="2.75"
        data-id="26390"
        data-available="yes"
        data-category="427"
        data-bestselling="">
    <a href="https://www.spesati.com/polpa-pezzi-mutti-bott-690-gr">
        <div style="background-image: url('https://cdn.spesati.com/images/products/000116282/mutti-polpa-rustica-di-pomodoro-690-g-01.png')">
            <div class="hover"></div>
            
            <div class="stickers"></div>
        </div>
    </a>
    <div>
        <h4><a href="https://www.spesati.com/polpa-pezzi-mutti-bott-690-gr"><b>Polpa Pezzi Mutti Bott 690 Gr</b></a></h4>
        <p class="description">Mutti Polpa Rustica di pomodoro 690 g</p>
        <p class="right price"><b>2.75 €</b></p>
        <p class="right unitPrice">3.98 € per kg</p>
    </div>
    <div class="contButton">
    <a class="button bgRed white addToCart" href="#">Add</a>
</div>
</div><div class="left product prod70"
        data-name="Polpa Di Pomodoro Mutti 3X400Gr"
        data-price="3.79"
        data-id="6773"
        data-available="yes"
        data-category="427"
        data-bestselling="1">
    <a href="https://www.spesati.com/polpa-di-pomodoro-mutti-3x400gr">
        <div style="background-image: url('https://cdn.spesati.com/images/products/000116280/mutti-polpa-di-pomodoro-3-x-400-g-01.png')">
            <div class="hover"></div>
            <p class="arrow bgRed white">Best Seller</p>
            <div class="stickers"></div>
        </div>
    </a>
    <div>
        <h4><a href="https://www.spesati.com/polpa-di-pomodoro-mutti-3x400gr"><b>Polpa Di Pomodoro Mutti 3X400Gr</b></a></h4>
        <p class="description">Mutti Polpa di Pomodoro 3 x 400 g</p>
        <p class="right price"><b>3.79 €</b></p>
        <p class="right unitPrice">3.16 € per kg</p>
    </div>
    <div class="contButton">
    <a class="button bgRed white addToCart" href="#">Add</a>
</div>
</div><div class="left product prod71"
        data-name="Pomodoro Mutti Polpa 2500gr"
        data-price="6.24"
        data-id="26388"
        data-available="yes"
        data-category="427"
        data-bestselling="">
    <a href="https://www.spesati.com/pomodoro-mutti-polpa-2500gr">
        <div style="background-image: url('https://cdn.spesati.com/images/products/000116278/mutti-polpa-pomodori-in-finissimi-pezzi-2500-g-01.png')">
            <div class="hover"></div>
            
            <div class="stickers"></div>
        </div>
    </a>
    <div>
        <h4><a href="https://www.spesati.com/pomodoro-mutti-polpa-2500gr"><b>Pomodoro Mutti Polpa 2500gr</b></a></h4>
        <p class="description">Mutti Polpa Pomodori in Finissimi Pezzi 2500 g</p>
        <p class="right price"><b>6.24 €</b></p>
        <p class="right unitPrice">2.50 € per kg</p>
    </div>
    <div class="contButton">
    <a class="button bgRed white addToCart" href="#">Add</a>
</div>
</div><div class="left product prod72"
        data-name="Barilla Pesto Genovese Senza Aglio"
        data-price="3.25"
        data-id="3855"
        data-available="yes"
        data-category="427"
        data-bestselling="4">
    <a href="https://www.spesati.com/barilla-pesto-genovese-senza-aglio">
        <div style="background-image: url('https://cdn.spesati.com/images/products/000116277/barilla-pesto-alla-genovese-senza-aglio-condimento-e-sugo-per-pasta-190-g-01.png')">
            <div class="hover"></div>
            <p class="arrow bgRed white">Best Seller</p>
            <div class="stickers"></div>
        </div>
    </a>
    <div>
        <h4><a href="https://www.spesati.com/barilla-pesto-genovese-senza-aglio"><b>Barilla Pesto Genovese Senza Aglio</b></a></h4>
        <p class="description">Barilla Pesto alla Genovese senza Aglio Condimento e Sugo per Pasta 190 g</p>
        <p class="right price"><b>3.25 €</b></p>
        <p class="right unitPrice">17.11 € per kg</p>
    </div>
    <div class="contButton">
    <a class="button bgRed white addToCart" href="#">Add</a>
</div>
</div><div class="left product prod73"
        data-name="Tabasco verde jalapenos"
        data-price="4.75"
        data-id="5066"
        data-available="yes"
        data-category="427"
        data-bestselling="">
    <a href="https://www.spesati.com/tabasco-verde-jalapenos">
        <div style="background-image: url('https://cdn.spesati.com/images/products/000116266/tabasco-jalapeno-sauce-60-ml-01.png')">
            <div class="hover"></div>
            
            <div class="stickers"></div>
        </div>
    </a>
    <div>
        <h4><a href="https://www.spesati.com/tabasco-verde-jalapenos"><b>Tabasco verde jalapenos</b></a></h4>
        <p class="description">Tabasco Jalapeño Sauce 60 ml</p>
        <p class="right price"><b>4.75 €</b></p>
        <p class="right unitPrice">79.17 € per litre</p>
    </div>
    <div class="contButton">
    <a class="button bgRed white addToCart" href="#">Add</a>
</div>
</div><div class="left product prod74"
        data-name="Senape Media Twister Gaia 820g"
        data-price="6.43"
        data-id="26386"
        data-available="yes"
        data-category="427"
        data-bestselling="">
    <a href="https://www.spesati.com/senape-media-twister-gaia-820g">
        <div style="background-image: url('https://cdn.spesati.com/images/products/000116251/gaia-senape-820-g-01.png')">
            <div class="hover"></div>
            
            <div class="stickers"></div>
        </div>
    </a>
    <div>
        <h4><a href="https://www.spesati.com/senape-media-twister-gaia-820g"><b>Senape Media Twister Gaia 820g</b></a></h4>
        <p class="description">Gaia Senape 820 g</p>
        <p class="right price"><b>6.43 €</b></p>
        <p class="right unitPrice">7.83 € per kg</p>
    </div>
    <div class="contButton">
    <a class="button bgRed white addToCart" href="#">Add</a>
</div>
</div><div class="left product prod75"
        data-name="Pesto Gaia Senz'aglio 980 Gr"
        data-price="17.49"
        data-id="26383"
        data-available="yes"
        data-category="427"
        data-bestselling="">
    <a href="https://www.spesati.com/pesto-gaia-senzaglio-980-gr">
        <div style="background-image: url('https://cdn.spesati.com/images/products/000116229/gaia-pesto-senza-aglio-980-g-01.png')">
            <div class="hover"></div>
            
            <div class="stickers"></div>
        </div>
    </a>
    <div>
        <h4><a href="https://www.spesati.com/pesto-gaia-senzaglio-980-gr"><b>Pesto Gaia Senz'aglio 980 Gr</b></a></h4>
        <p class="description">Gaia Pesto Senza Aglio 980 g</p>
        <p class="right price"><b>17.49 €</b></p>
        <p class="right unitPrice">17.84 € per kg</p>
    </div>
    <div class="contButton">
    <a class="button bgRed white addToCart" href="#">Add</a>
</div>
</div><div class="left product prod76"
        data-name="Pesto Gaia Gr 1000"
        data-price="17.49"
        data-id="26382"
        data-available="yes"
        data-category="427"
        data-bestselling="">
    <a href="https://www.spesati.com/pesto-gaia-gr-1000">
        <div style="background-image: url('https://cdn.spesati.com/images/products/000116219/gaia-pesto-classico-980-g-01.png')">
            <div class="hover"></div>
            
            <div class="stickers"></div>
        </div>
    </a>
    <div>
        <h4><a href="https://www.spesati.com/pesto-gaia-gr-1000"><b>Pesto Gaia Gr 1000</b></a></h4>
        <p class="description">Gaia Pesto classico 980 g</p>
        <p class="right price"><b>17.49 €</b></p>
        <p class="right unitPrice">17.49 € per kg</p>
    </div>
    <div class="contButton">
    <a class="button bgRed white addToCart" href="#">Add</a>
</div>
</div><div class="left product prod77"
        data-name="Barilla Pesto Genovese"
        data-price="3.25"
        data-id="3854"
        data-available="yes"
        data-category="427"
        data-bestselling="1">
    <a href="https://www.spesati.com/barilla-pesto-genovese">
        <div style="background-image: url('https://cdn.spesati.com/images/products/000116215/barilla-pesto-alla-genovese-con-basilico-fresco-condimento-e-sugo-per-pasta-190-g-01.png')">
            <div class="hover"></div>
            <p class="arrow bgRed white">Best Seller</p>
            <div class="stickers"></div>
        </div>
    </a>
    <div>
        <h4><a href="https://www.spesati.com/barilla-pesto-genovese"><b>Barilla Pesto Genovese</b></a></h4>
        <p class="description">Barilla Pesto alla Genovese con Basilico Fresco Condimento e Sugo per Pasta 190 g</p>
        <p class="right price"><b>3.25 €</b></p>
        <p class="right unitPrice">17.11 € per kg</p>
    </div>
    <div class="contButton">
    <a class="button bgRed white addToCart" href="#">Add</a>
</div>
</div><div class="left product prod78"
        data-name="Sugo Barilla Pomod/ricot 400gr"
        data-price="4.39"
        data-id="59124"
        data-available="yes"
        data-category="427"
        data-bestselling="1">
    <a href="https://www.spesati.com/sugo-barilla-pomodricot-400gr">
        <div style="background-image: url('https://cdn.spesati.com/images/products/000116214/barilla-sugo-ricotta-100-pomodoro-italiano-condimento-per-pasta-400-g-01.png')">
            <div class="hover"></div>
            <p class="arrow bgRed white">Best Seller</p>
            <div class="stickers"></div>
        </div>
    </a>
    <div>
        <h4><a href="https://www.spesati.com/sugo-barilla-pomodricot-400gr"><b>Sugo Barilla Pomod/ricot 400gr</b></a></h4>
        <p class="description">Barilla Sugo Ricotta 100% Pomodoro italiano Condimento per Pasta 400 g</p>
        <p class="right price"><b>4.39 €</b></p>
        <p class="right unitPrice">10.97 € per kg</p>
    </div>
    <div class="contButton">
    <a class="button bgRed white addToCart" href="#">Add</a>
</div>
</div><div class="left product prod79"
        data-name="Barilla Sugo Arrabbiata"
        data-price="1.69"
        data-id="3089"
        data-available="yes"
        data-category="427"
        data-bestselling="1">
    <a href="https://www.spesati.com/barilla-sugo-arrabbiata">
        <div style="background-image: url('https://cdn.spesati.com/images/products/000116206/barilla-sugo-arrabbiata-100-pomodoro-e-peperoncino-italiani-condimento-per-pasta-400g-01.png')">
            <div class="hover"></div>
            <p class="arrow bgRed white">Offer</p>
            <div class="stickers"></div>
        </div>
    </a>
    <div>
        <h4><a href="https://www.spesati.com/barilla-sugo-arrabbiata"><b>Barilla Sugo Arrabbiata</b></a></h4>
        <p class="description">Barilla Sugo Arrabbiata 100% Pomodoro e Peperoncino italiani Condimento per Pasta 400g</p>
        <p class="left offer red">2.29 €</p>
<p class="right price"><b>1.69 €</b></p>
        <p class="right unitPrice">4.22 € per kg</p>
    </div>
    <div class="contButton">
    <a class="button bgRed white addToCart" href="#">Add</a>
</div>
</div><div class="left product prod80"
        data-name="Barilla Sugo Tonno"
        data-price="3.59"
        data-id="3096"
        data-available="yes"
        data-category="427"
        data-bestselling="2">
    <a href="https://www.spesati.com/barilla-sugo-tonno">
        <div style="background-image: url('https://cdn.spesati.com/images/products/000116205/barilla-sugo-tonno-100-pomodoro-italiano-condimento-per-pasta-400-g-01.png')">
            <div class="hover"></div>
            <p class="arrow bgRed white">Best Seller</p>
            <div class="stickers"></div>
        </div>
    </a>
    <div>
        <h4><a href="https://www.spesati.com/barilla-sugo-tonno"><b>Barilla Sugo Tonno</b></a></h4>
        <p class="description">Barilla Sugo Tonno 100% Pomodoro Italiano Condimento per Pasta 400 g</p>
        <p class="right price"><b>3.59 €</b></p>
        <p class="right unitPrice">8.98 € per kg</p>
    </div>
    <div class="contButton">
    <a class="button bgRed white addToCart" href="#">Add</a>
</div>
</div><div class="left product prod81"
        data-name="Barilla Sugo Olive"
        data-price="3.19"
        data-id="3092"
        data-available="yes"
        data-category="427"
        data-bestselling="1">
    <a href="https://www.spesati.com/barilla-sugo-olive">
        <div style="background-image: url('https://cdn.spesati.com/images/products/000116204/barilla-sugo-olive-100-pomodoro-italiano-condimento-per-pasta-400-g-01.png')">
            <div class="hover"></div>
            <p class="arrow bgRed white">Best Seller</p>
            <div class="stickers"></div>
        </div>
    </a>
    <div>
        <h4><a href="https://www.spesati.com/barilla-sugo-olive"><b>Barilla Sugo Olive</b></a></h4>
        <p class="description">Barilla Sugo Olive 100% Pomodoro Italiano Condimento per Pasta 400 g</p>
        <p class="right price"><b>3.19 €</b></p>
        <p class="right unitPrice">7.98 € per kg</p>
    </div>
    <div class="contButton">
    <a class="button bgRed white addToCart" href="#">Add</a>
</div>
</div><div class="left product prod82"
        data-name="Salsa Calve Rosa Top Down 250Ml"
        data-price="2.39"
        data-id="22720"
        data-available="yes"
        data-category="427"
        data-bestselling="">
    <a href="https://www.spesati.com/salsa-calve-rosa-top-down-250ml">
        <div style="background-image: url('https://cdn.spesati.com/images/products/000116202/calve-salsa-rosa-250-ml-01.png')">
            <div class="hover"></div>
            
            <div class="stickers"><img class="left" src="http://cdn.spesati.com/images/layout/gluten-free.png" /></div>
        </div>
    </a>
    <div>
        <h4><a href="https://www.spesati.com/salsa-calve-rosa-top-down-250ml"><b>Salsa Calve Rosa Top Down 250Ml</b></a></h4>
        <p class="description">Calvé Salsa Rosa 250 ml</p>
        <p class="right price"><b>2.39 €</b></p>
        <p class="right unitPrice">9.56 € per litre</p>
    </div>
    <div class="contButton">
    <a class="button bgRed white addToCart" href="#">Add</a>
</div>
</div><div class="left product prod83"
        data-name="Barilla Sugo Ragu Bolognese"
        data-price="3.25"
        data-id="3095"
        data-available="yes"
        data-category="427"
        data-bestselling="6">
    <a href="https://www.spesati.com/barilla-sugo-ragu-bolognese">
        <div style="background-image: url('https://cdn.spesati.com/images/products/000116201/barilla-sugo-ragu-bolognese-condimento-per-pasta-400-g-01.png')">
            <div class="hover"></div>
            <p class="arrow bgRed white">Best Seller</p>
            <div class="stickers"></div>
        </div>
    </a>
    <div>
        <h4><a href="https://www.spesati.com/barilla-sugo-ragu-bolognese"><b>Barilla Sugo Ragu Bolognese</b></a></h4>
        <p class="description">Barilla Sugo Ragù Bolognese Condimento per Pasta 400 g</p>
        <p class="right price"><b>3.25 €</b></p>
        <p class="right unitPrice">8.13 € per kg</p>
    </div>
    <div class="contButton">
    <a class="button bgRed white addToCart" href="#">Add</a>
</div>
</div><div class="left product prod84"
        data-name="Barilla Sugo Basilico 0.4 kg"
        data-price="1.69"
        data-id="3091"
        data-available="yes"
        data-category="427"
        data-bestselling="1">
    <a href="https://www.spesati.com/barilla-sugo-basilico-04-kg">
        <div style="background-image: url('https://cdn.spesati.com/images/products/000116200/barilla-sugo-al-pomodoro-e-basilico-100-italiani-condimento-per-pasta-400g-01.png')">
            <div class="hover"></div>
            <p class="arrow bgRed white">Offer</p>
            <div class="stickers"></div>
        </div>
    </a>
    <div>
        <h4><a href="https://www.spesati.com/barilla-sugo-basilico-04-kg"><b>Barilla Sugo Basilico 0.4 kg</b></a></h4>
        <p class="description">Barilla Sugo al Pomodoro e Basilico 100% italiani Condimento per Pasta 400g</p>
        <p class="left offer red">2.29 €</p>
<p class="right price"><b>1.69 €</b></p>
        <p class="right unitPrice">4.22 € per kg</p>
    </div>
    <div class="contButton">
    <a class="button bgRed white addToCart" href="#">Add</a>
</div>
</div><div class="left product prod85"
        data-name="Barilla Sugo Ragu Contadino 400Gr"
        data-price="3.25"
        data-id="6196"
        data-available="yes"
        data-category="427"
        data-bestselling="1">
    <a href="https://www.spesati.com/barilla-sugo-ragu-contadino-400gr">
        <div style="background-image: url('https://cdn.spesati.com/images/products/000116198/barilla-sugo-ragu-contadino-vino-rosso-condimento-per-pasta-400g-01.png')">
            <div class="hover"></div>
            <p class="arrow bgRed white">Best Seller</p>
            <div class="stickers"></div>
        </div>
    </a>
    <div>
        <h4><a href="https://www.spesati.com/barilla-sugo-ragu-contadino-400gr"><b>Barilla Sugo Ragu Contadino 400Gr</b></a></h4>
        <p class="description">Barilla Sugo Ragù Contadino vino rosso Condimento per Pasta 400g</p>
        <p class="right price"><b>3.25 €</b></p>
        <p class="right unitPrice">8.13 € per kg</p>
    </div>
    <div class="contButton">
    <a class="button bgRed white addToCart" href="#">Add</a>
</div>
</div><div class="left product prod86"
        data-name="Barilla Sugo Amatriciana 400gr"
        data-price="3.25"
        data-id="5449"
        data-available="yes"
        data-category="427"
        data-bestselling="2">
    <a href="https://www.spesati.com/barilla-sugo-amatriciana-400gr">
        <div style="background-image: url('https://cdn.spesati.com/images/products/000116197/barilla-sugo-amatriciana-condimento-per-pasta-400g-01.png')">
            <div class="hover"></div>
            <p class="arrow bgRed white">Best Seller</p>
            <div class="stickers"></div>
        </div>
    </a>
    <div>
        <h4><a href="https://www.spesati.com/barilla-sugo-amatriciana-400gr"><b>Barilla Sugo Amatriciana 400gr</b></a></h4>
        <p class="description">Barilla Sugo Amatriciana Condimento per Pasta 400g</p>
        <p class="right price"><b>3.25 €</b></p>
        <p class="right unitPrice">8.13 € per kg</p>
    </div>
    <div class="contButton">
    <a class="button bgRed white addToCart" href="#">Add</a>
</div>
</div><div class="left product prod87"
        data-name="Salsa Worcester Lea & Perrins 1"
        data-price="3.95"
        data-id="26381"
        data-available="yes"
        data-category="427"
        data-bestselling="">
    <a href="https://www.spesati.com/salsa-worcester-lea-perrins-1">
        <div style="background-image: url('https://cdn.spesati.com/images/products/000116195/lea-perrins-worcestershire-sauce-150-ml-01.png')">
            <div class="hover"></div>
            
            <div class="stickers"></div>
        </div>
    </a>
    <div>
        <h4><a href="https://www.spesati.com/salsa-worcester-lea-perrins-1"><b>Salsa Worcester Lea & Perrins 1</b></a></h4>
        <p class="description">Lea & Perrins Worcestershire Sauce 150 ml</p>
        <p class="right price"><b>3.95 €</b></p>
        <p class="right unitPrice">26.33 € per litre</p>
    </div>
    <div class="contButton">
    <a class="button bgRed white addToCart" href="#">Add</a>
</div>
</div><div class="left product prod88"
        data-name="Salsa soia kikkoman meno sale 150ml"
        data-price="3.95"
        data-id="5218"
        data-available="yes"
        data-category="427"
        data-bestselling="">
    <a href="https://www.spesati.com/salsa-soia-kikkoman-meno-sale-150ml">
        <div style="background-image: url('https://cdn.spesati.com/images/products/000116192/kikkoman-salsa-di-soia-150-ml-01.png')">
            <div class="hover"></div>
            
            <div class="stickers"></div>
        </div>
    </a>
    <div>
        <h4><a href="https://www.spesati.com/salsa-soia-kikkoman-meno-sale-150ml"><b>Salsa soia kikkoman meno sale 150ml</b></a></h4>
        <p class="description">Kikkoman Salsa di Soia 150 ml</p>
        <p class="right price"><b>3.95 €</b></p>
        <p class="right unitPrice">26.33 € per litre</p>
    </div>
    <div class="contButton">
    <a class="button bgRed white addToCart" href="#">Add</a>
</div>
</div><div class="left product prod89"
        data-name="Tabasco 60ml eurofood"
        data-price="3.29"
        data-id="5052"
        data-available="yes"
        data-category="427"
        data-bestselling="">
    <a href="https://www.spesati.com/tabasco-60ml-eurofood">
        <div style="background-image: url('https://cdn.spesati.com/images/products/000116188/tabasco-pepper-sauce-60-ml-01.png')">
            <div class="hover"></div>
            
            <div class="stickers"></div>
        </div>
    </a>
    <div>
        <h4><a href="https://www.spesati.com/tabasco-60ml-eurofood"><b>Tabasco 60ml eurofood</b></a></h4>
        <p class="description">Tabasco Pepper Sauce 60 ml</p>
        <p class="right price"><b>3.29 €</b></p>
        <p class="right unitPrice">54.84 € per litre</p>
    </div>
    <div class="contButton">
    <a class="button bgRed white addToCart" href="#">Add</a>
</div>
</div><div class="left product prod90"
        data-name="Ketchup Nature Gaia Twister950"
        data-price="5.85"
        data-id="26380"
        data-available="yes"
        data-category="427"
        data-bestselling="">
    <a href="https://www.spesati.com/ketchup-nature-gaia-twister950">
        <div style="background-image: url('https://cdn.spesati.com/images/products/000116183/biffi-la-linea-professionale-ketchup-950-g-01.png')">
            <div class="hover"></div>
            
            <div class="stickers"></div>
        </div>
    </a>
    <div>
        <h4><a href="https://www.spesati.com/ketchup-nature-gaia-twister950"><b>Ketchup Nature Gaia Twister950</b></a></h4>
        <p class="description">Biffi La linea professionale Ketchup 950 g</p>
        <p class="right price"><b>5.85 €</b></p>
        <p class="right unitPrice">6.16 € per kg</p>
    </div>
    <div class="contButton">
    <a class="button bgRed white addToCart" href="#">Add</a>
</div>
</div><div class="left product prod91"
        data-name="Ketchup Nature Gaia 5kg Baratt"
        data-price="19.37"
        data-id="26379"
        data-available="yes"
        data-category="427"
        data-bestselling="">
    <a href="https://www.spesati.com/ketchup-nature-gaia-5kg-baratt">
        <div style="background-image: url('https://cdn.spesati.com/images/products/000116182/biffi-la-linea-professionale-ketchup-5-kg-01.png')">
            <div class="hover"></div>
            
            <div class="stickers"></div>
        </div>
    </a>
    <div>
        <h4><a href="https://www.spesati.com/ketchup-nature-gaia-5kg-baratt"><b>Ketchup Nature Gaia 5kg Baratt</b></a></h4>
        <p class="description">Biffi La Linea Professionale Ketchup 5 Kg</p>
        <p class="right price"><b>19.37 €</b></p>
        <p class="right unitPrice">3.87 € per kg</p>
    </div>
    <div class="contButton">
    <a class="button bgRed white addToCart" href="#">Add</a>
</div>
</div><div class="left product prod92"
        data-name="Salsa Calve'senape Topdown 250"
        data-price="2.39"
        data-id="26377"
        data-available="yes"
        data-category="427"
        data-bestselling="">
    <a href="https://www.spesati.com/salsa-calvesenape-topdown-250">
        <div style="background-image: url('https://cdn.spesati.com/images/products/000116176/calve-senape-250-ml-01.png')">
            <div class="hover"></div>
            
            <div class="stickers"></div>
        </div>
    </a>
    <div>
        <h4><a href="https://www.spesati.com/salsa-calvesenape-topdown-250"><b>Salsa Calve'senape Topdown 250</b></a></h4>
        <p class="description">Calvè Senape 250 ml</p>
        <p class="right price"><b>2.39 €</b></p>
        <p class="right unitPrice">9.56 € per litre</p>
    </div>
    <div class="contButton">
    <a class="button bgRed white addToCart" href="#">Add</a>
</div>
</div><div class="left product prod93"
        data-name="Star Pesto Tigullio Genovese"
        data-price="2.75"
        data-id="3119"
        data-available="yes"
        data-category="427"
        data-bestselling="5">
    <a href="https://www.spesati.com/star-pesto-tigullio-genovese">
        <div style="background-image: url('https://cdn.spesati.com/images/products/000116170/tigullio-gran-pesto-alla-genovese-190-g-01.png')">
            <div class="hover"></div>
            <p class="arrow bgRed white">Best Seller</p>
            <div class="stickers"></div>
        </div>
    </a>
    <div>
        <h4><a href="https://www.spesati.com/star-pesto-tigullio-genovese"><b>Star Pesto Tigullio Genovese</b></a></h4>
        <p class="description">Tigullio Gran Pesto alla Genovese 190 g</p>
        <p class="right price"><b>2.75 €</b></p>
        <p class="right unitPrice">14.48 € per kg</p>
    </div>
    <div class="contButton">
    <a class="button bgRed white addToCart" href="#">Add</a>
</div>
</div><div class="left product prod94"
        data-name="Ketchup Heinz 460 Gr"
        data-price="3.95"
        data-id="26376"
        data-available="yes"
        data-category="427"
        data-bestselling="">
    <a href="https://www.spesati.com/ketchup-heinz-460-gr">
        <div style="background-image: url('https://cdn.spesati.com/images/products/000116136/heinz-tomato-ketchup-460-g-01.png')">
            <div class="hover"></div>
            
            <div class="stickers"></div>
        </div>
    </a>
    <div>
        <h4><a href="https://www.spesati.com/ketchup-heinz-460-gr"><b>Ketchup Heinz 460 Gr</b></a></h4>
        <p class="description">Heinz Tomato Ketchup 460 g</p>
        <p class="right price"><b>3.95 €</b></p>
        <p class="right unitPrice">8.59 € per kg</p>
    </div>
    <div class="contButton">
    <a class="button bgRed white addToCart" href="#">Add</a>
</div>
</div><div class="left product prod95"
        data-name="Pomod Polpa Valfrut Cub 3x400g"
        data-price="2.99"
        data-id="26356"
        data-available="yes"
        data-category="427"
        data-bestselling="">
    <a href="https://www.spesati.com/pomod-polpa-valfrut-cub-3x400g">
        <div style="background-image: url('https://cdn.spesati.com/images/products/000115994/valfrutta-al-vapore-polpa-gran-cubetti-3-x-400-g-01.png')">
            <div class="hover"></div>
            
            <div class="stickers"></div>
        </div>
    </a>
    <div>
        <h4><a href="https://www.spesati.com/pomod-polpa-valfrut-cub-3x400g"><b>Pomod Polpa Valfrut Cub 3x400g</b></a></h4>
        <p class="description">Valfrutta al Vapore Polpa Gran Cubetti 3 x 400 g</p>
        <p class="right price"><b>2.99 €</b></p>
        <p class="right unitPrice">2.50 € per kg</p>
    </div>
    <div class="contButton">
    <a class="button bgRed white addToCart" href="#">Add</a>
</div>
</div><div class="left product prod96"
        data-name="Barilla Sugo Pomodoro"
        data-price="1.69"
        data-id="3093"
        data-available="yes"
        data-category="427"
        data-bestselling="4">
    <a href="https://www.spesati.com/barilla-sugo-pomodoro">
        <div style="background-image: url('https://cdn.spesati.com/images/products/000115970/barilla-sugo-pomodoro-e-datterini-100-pomodori-italiani-condimento-per-pasta-400g-01.png')">
            <div class="hover"></div>
            <p class="arrow bgRed white">Offer</p>
            <div class="stickers"></div>
        </div>
    </a>
    <div>
        <h4><a href="https://www.spesati.com/barilla-sugo-pomodoro"><b>Barilla Sugo Pomodoro</b></a></h4>
        <p class="description">Barilla Sugo Pomodoro e Datterini 100% Pomodori italiani  Condimento per Pasta 400g</p>
        <p class="left offer red">2.29 €</p>
<p class="right price"><b>1.69 €</b></p>
        <p class="right unitPrice">4.22 € per kg</p>
    </div>
    <div class="contButton">
    <a class="button bgRed white addToCart" href="#">Add</a>
</div>
</div><div class="left product prod97"
        data-name="Star Pesto Tigullio Genovese Senza Aglio"
        data-price="2.75"
        data-id="3118"
        data-available="yes"
        data-category="427"
        data-bestselling="2">
    <a href="https://www.spesati.com/star-pesto-tigullio-genovese-senza-aglio">
        <div style="background-image: url('https://cdn.spesati.com/images/products/000115921/tigullio-gran-pesto-alla-genovese-senzaglio-190-g-01.png')">
            <div class="hover"></div>
            <p class="arrow bgRed white">Best Seller</p>
            <div class="stickers"></div>
        </div>
    </a>
    <div>
        <h4><a href="https://www.spesati.com/star-pesto-tigullio-genovese-senza-aglio"><b>Star Pesto Tigullio Genovese Senza Aglio</b></a></h4>
        <p class="description">Tigullio Gran Pesto alla Genovese Senz'Aglio 190 g</p>
        <p class="right price"><b>2.75 €</b></p>
        <p class="right unitPrice">14.48 € per kg</p>
    </div>
    <div class="contButton">
    <a class="button bgRed white addToCart" href="#">Add</a>
</div>
</div><div class="left product prod98"
        data-name="Star Sugo Gran Ragu Carne Gr 180X2"
        data-price="4.15"
        data-id="4957"
        data-available="yes"
        data-category="427"
        data-bestselling="">
    <a href="https://www.spesati.com/star-sugo-gran-ragu-carne-gr-180x2">
        <div style="background-image: url('https://cdn.spesati.com/images/products/000115905/star-il-mio-gran-ragu-classico-2-x-180-g-01.png')">
            <div class="hover"></div>
            
            <div class="stickers"><img class="left" src="http://cdn.spesati.com/images/layout/gluten-free.png" /></div>
        </div>
    </a>
    <div>
        <h4><a href="https://www.spesati.com/star-sugo-gran-ragu-carne-gr-180x2"><b>Star Sugo Gran Ragu Carne Gr 180X2</b></a></h4>
        <p class="description">Star il mio Gran Ragù Classico 2 x 180 g</p>
        <p class="right price"><b>4.15 €</b></p>
        <p class="right unitPrice">11.53 € per kg</p>
    </div>
    <div class="contButton">
    <a class="button bgRed white addToCart" href="#">Add</a>
</div>
</div><div class="left product prod99"
        data-name="Gran Ragu' Star 3x100 Gr"
        data-price="4.62"
        data-id="26349"
        data-available="yes"
        data-category="427"
        data-bestselling="">
    <a href="https://www.spesati.com/gran-ragu-star-3x100-gr">
        <div style="background-image: url('https://cdn.spesati.com/images/products/000115900/star-il-mio-gran-ragu-classico-3-x-100-g-01.png')">
            <div class="hover"></div>
            
            <div class="stickers"></div>
        </div>
    </a>
    <div>
        <h4><a href="https://www.spesati.com/gran-ragu-star-3x100-gr"><b>Gran Ragu' Star 3x100 Gr</b></a></h4>
        <p class="description">Star il mio Gran Ragù Classico 3 x 100 g</p>
        <p class="right price"><b>4.62 €</b></p>
        <p class="right unitPrice">15.41 € per kg</p>
    </div>
    <div class="contButton">
    <a class="button bgRed white addToCart" href="#">Add</a>
</div>
</div><div class="left product prod100"
        data-name="Santa Rosa Passata Pomodoro Bottiglia"
        data-price="1.45"
        data-id="3372"
        data-available="yes"
        data-category="427"
        data-bestselling="3">
    <a href="https://www.spesati.com/santa-rosa-passata-pomodoro-bottiglia">
        <div style="background-image: url('https://cdn.spesati.com/images/products/000115867/santa-rosa-pomodorissimo-la-passata-700-g-01.png')">
            <div class="hover"></div>
            <p class="arrow bgRed white">Best Seller</p>
            <div class="stickers"></div>
        </div>
    </a>
    <div>
        <h4><a href="https://www.spesati.com/santa-rosa-passata-pomodoro-bottiglia"><b>Santa Rosa Passata Pomodoro Bottiglia</b></a></h4>
        <p class="description">Santa Rosa Pomodorissimo la Passata 700 g</p>
        <p class="right price"><b>1.45 €</b></p>
        <p class="right unitPrice">2.07 € per litre</p>
    </div>
    <div class="contButton">
    <a class="button bgRed white addToCart" href="#">Add</a>
</div>
</div><div class="left product prod101"
        data-name="Cirio Passata Verace Bottiglia"
        data-price="1.69"
        data-id="3363"
        data-available="yes"
        data-category="427"
        data-bestselling="1">
    <a href="https://www.spesati.com/cirio-passata-verace-bottiglia">
        <div style="background-image: url('https://cdn.spesati.com/images/products/000115861/cirio-i-classici-dal-1856-passata-verace-700-g-01.png')">
            <div class="hover"></div>
            <p class="arrow bgRed white">Best Seller</p>
            <div class="stickers"></div>
        </div>
    </a>
    <div>
        <h4><a href="https://www.spesati.com/cirio-passata-verace-bottiglia"><b>Cirio Passata Verace Bottiglia</b></a></h4>
        <p class="description">Cirio i Classici dal 1856 Passata Verace 700 g</p>
        <p class="right price"><b>1.69 €</b></p>
        <p class="right unitPrice">2.41 € per litre</p>
    </div>
    <div class="contButton">
    <a class="button bgRed white addToCart" href="#">Add</a>
</div>
</div><div class="left product prod102"
        data-name="Cirio Passata Rustica"
        data-price="2.25"
        data-id="3853"
        data-available="yes"
        data-category="427"
        data-bestselling="">
    <a href="https://www.spesati.com/cirio-passata-rustica">
        <div style="background-image: url('https://cdn.spesati.com/images/products/000115856/cirio-la-rustica-passata-680-g-01.png')">
            <div class="hover"></div>
            
            <div class="stickers"></div>
        </div>
    </a>
    <div>
        <h4><a href="https://www.spesati.com/cirio-passata-rustica"><b>Cirio Passata Rustica</b></a></h4>
        <p class="description">Cirio la Rustica Passata 680 g</p>
        <p class="right price"><b>2.25 €</b></p>
        <p class="right unitPrice">3.31 € per litre</p>
    </div>
    <div class="contButton">
    <a class="button bgRed white addToCart" href="#">Add</a>
</div>
</div><div class="left product prod103"
        data-name="Casar Polpa Pizza"
        data-price="2.99"
        data-id="4216"
        data-available="yes"
        data-category="427"
        data-bestselling="">
    <a href="https://www.spesati.com/casar-polpa-pizza">
        <div style="background-image: url('https://cdn.spesati.com/images/products/000115850/casar-polpa-di-pomodoro-per-pizza-2500-g-01.png')">
            <div class="hover"></div>
            
            <div class="stickers"></div>
        </div>
    </a>
    <div>
        <h4><a href="https://www.spesati.com/casar-polpa-pizza"><b>Casar Polpa Pizza</b></a></h4>
        <p class="description">Casar Polpa di Pomodoro per Pizza 2500 g</p>
        <p class="right price"><b>2.99 €</b></p>
        <p class="right unitPrice">1.20 € per kg</p>
    </div>
    <div class="contButton">
    <a class="button bgRed white addToCart" href="#">Add</a>
</div>
</div><div class="left product prod104"
        data-name="Pomod Polpa Casar 400g E-o"
        data-price="1.25"
        data-id="26346"
        data-available="yes"
        data-category="427"
        data-bestselling="">
    <a href="https://www.spesati.com/pomod-polpa-casar-400g-e-o">
        <div style="background-image: url('https://cdn.spesati.com/images/products/000115849/casa-polpa-a-dadini-400-g-01.png')">
            <div class="hover"></div>
            
            <div class="stickers"></div>
        </div>
    </a>
    <div>
        <h4><a href="https://www.spesati.com/pomod-polpa-casar-400g-e-o"><b>Pomod Polpa Casar 400g E-o</b></a></h4>
        <p class="description">Casa Polpa a Dadini 400 g</p>
        <p class="right price"><b>1.25 €</b></p>
        <p class="right unitPrice">3.12 € per kg</p>
    </div>
    <div class="contButton">
    <a class="button bgRed white addToCart" href="#">Add</a>
</div>
</div><div class="left product prod105"
        data-name="Casar Polpa Pomodoro 400x3gr"
        data-price="3.59"
        data-id="3852"
        data-available="yes"
        data-category="427"
        data-bestselling="">
    <a href="https://www.spesati.com/casar-polpa-pomodoro-400x3gr">
        <div style="background-image: url('https://cdn.spesati.com/images/products/000115848/casar-polpa-a-dadini-3-x-400-g-01.png')">
            <div class="hover"></div>
            
            <div class="stickers"></div>
        </div>
    </a>
    <div>
        <h4><a href="https://www.spesati.com/casar-polpa-pomodoro-400x3gr"><b>Casar Polpa Pomodoro 400x3gr</b></a></h4>
        <p class="description">Casar Polpa a Dadini 3 x 400 g</p>
        <p class="right price"><b>3.59 €</b></p>
        <p class="right unitPrice">3.00 € per kg</p>
    </div>
    <div class="contButton">
    <a class="button bgRed white addToCart" href="#">Add</a>
</div>
</div><div class="left product prod106"
        data-name="Casar Passata Brik"
        data-price="1.69"
        data-id="3851"
        data-available="yes"
        data-category="427"
        data-bestselling="19">
    <a href="https://www.spesati.com/casar-passata-brik">
        <div style="background-image: url('https://cdn.spesati.com/images/products/000115847/casar-passata-di-pomodoro-1000-g-01.png')">
            <div class="hover"></div>
            <p class="arrow bgRed white">Best Seller</p>
            <div class="stickers"></div>
        </div>
    </a>
    <div>
        <h4><a href="https://www.spesati.com/casar-passata-brik"><b>Casar Passata Brik</b></a></h4>
        <p class="description">Casar Passata di Pomodoro 1000 g</p>
        <p class="right price"><b>1.69 €</b></p>
        <p class="right unitPrice">1.70 € per kg</p>
    </div>
    <div class="contButton">
    <a class="button bgRed white addToCart" href="#">Add</a>
</div>
</div><div class="left product prod107"
        data-name="Casar Passata Pomodoro Bottiglia"
        data-price="1.75"
        data-id="3359"
        data-available="yes"
        data-category="427"
        data-bestselling="2">
    <a href="https://www.spesati.com/casar-passata-pomodoro-bottiglia">
        <div style="background-image: url('https://cdn.spesati.com/images/products/000115846/casar-passata-di-pomodoro-680-g-01.png')">
            <div class="hover"></div>
            <p class="arrow bgRed white">Best Seller</p>
            <div class="stickers"></div>
        </div>
    </a>
    <div>
        <h4><a href="https://www.spesati.com/casar-passata-pomodoro-bottiglia"><b>Casar Passata Pomodoro Bottiglia</b></a></h4>
        <p class="description">Casar Passata di Pomodoro 680 g</p>
        <p class="right price"><b>1.75 €</b></p>
        <p class="right unitPrice">2.50 € per litre</p>
    </div>
    <div class="contButton">
    <a class="button bgRed white addToCart" href="#">Add</a>
</div>
</div><div class="left product prod108"
        data-name="Casar Polpa Pomodoro Polpadoro"
        data-price="2.25"
        data-id="3360"
        data-available="yes"
        data-category="427"
        data-bestselling="2">
    <a href="https://www.spesati.com/casar-polpa-pomodoro-polpadoro">
        <div style="background-image: url('https://cdn.spesati.com/images/products/000115844/casar-polpadoro-finissima-680-g-01.png')">
            <div class="hover"></div>
            <p class="arrow bgRed white">Best Seller</p>
            <div class="stickers"></div>
        </div>
    </a>
    <div>
        <h4><a href="https://www.spesati.com/casar-polpa-pomodoro-polpadoro"><b>Casar Polpa Pomodoro Polpadoro</b></a></h4>
        <p class="description">Casar Polpadoro Finissima 680 g</p>
        <p class="right price"><b>2.25 €</b></p>
        <p class="right unitPrice">3.21 € per litre</p>
    </div>
    <div class="contButton">
    <a class="button bgRed white addToCart" href="#">Add</a>
</div>
</div><div class="left product prod109"
        data-name="Pomodori Pelati Casar 2500g"
        data-price="4.78"
        data-id="26345"
        data-available="yes"
        data-category="427"
        data-bestselling="">
    <a href="https://www.spesati.com/pomodori-pelati-casar-2500g">
        <div style="background-image: url('https://cdn.spesati.com/images/products/000115840/casar-pomodori-pelati-2500-g-01.png')">
            <div class="hover"></div>
            
            <div class="stickers"></div>
        </div>
    </a>
    <div>
        <h4><a href="https://www.spesati.com/pomodori-pelati-casar-2500g"><b>Pomodori Pelati Casar 2500g</b></a></h4>
        <p class="description">Casar Pomodori Pelati 2500 g</p>
        <p class="right price"><b>4.78 €</b></p>
        <p class="right unitPrice">1.81 € per kg</p>
    </div>
    <div class="contButton">
    <a class="button bgRed white addToCart" href="#">Add</a>
</div>
</div><div class="left product prod110"
        data-name="Pomod Pel Casar 800 G"
        data-price="1.85"
        data-id="26342"
        data-available="yes"
        data-category="427"
        data-bestselling="4">
    <a href="https://www.spesati.com/pomod-pel-casar-800-g">
        <div style="background-image: url('https://cdn.spesati.com/images/products/000115835/casar-pomodori-pelati-800-g-01.png')">
            <div class="hover"></div>
            <p class="arrow bgRed white">Best Seller</p>
            <div class="stickers"></div>
        </div>
    </a>
    <div>
        <h4><a href="https://www.spesati.com/pomod-pel-casar-800-g"><b>Pomod Pel Casar 800 G</b></a></h4>
        <p class="description">Casar Pomodori Pelati 800 g</p>
        <p class="right price"><b>1.85 €</b></p>
        <p class="right unitPrice">2.31 € per kg</p>
    </div>
    <div class="contButton">
    <a class="button bgRed white addToCart" href="#">Add</a>
</div>
</div><div class="left product prod111"
        data-name="Casar Pomodori Pelati Strappo 400 Gr"
        data-price="0.89"
        data-id="3362"
        data-available="yes"
        data-category="427"
        data-bestselling="15">
    <a href="https://www.spesati.com/casar-pomodori-pelati-strappo-400-gr">
        <div style="background-image: url('https://cdn.spesati.com/images/products/000115832/casar-pomodori-pelati-400-g-01.png')">
            <div class="hover"></div>
            <p class="arrow bgRed white">Offer</p>
            <div class="stickers"></div>
        </div>
    </a>
    <div>
        <h4><a href="https://www.spesati.com/casar-pomodori-pelati-strappo-400-gr"><b>Casar Pomodori Pelati Strappo 400 Gr</b></a></h4>
        <p class="description">Casar Pomodori Pelati 400 g</p>
        <p class="left offer red">1.29 €</p>
<p class="right price"><b>0.89 €</b></p>
        <p class="right unitPrice">2.23 € per kg</p>
    </div>
    <div class="contButton">
    <a class="button bgRed white addToCart" href="#">Add</a>
</div>
</div><div class="left product prod112"
        data-name="Casar Polpadoro Finissima 400Grx3"
        data-price="3.59"
        data-id="5746"
        data-available="yes"
        data-category="427"
        data-bestselling="3">
    <a href="https://www.spesati.com/casar-polpadoro-finissima-400grx3">
        <div style="background-image: url('https://cdn.spesati.com/images/products/000115830/casar-polpadoro-finissima-3-x-400-g-01.png')">
            <div class="hover"></div>
            <p class="arrow bgRed white">Best Seller</p>
            <div class="stickers"></div>
        </div>
    </a>
    <div>
        <h4><a href="https://www.spesati.com/casar-polpadoro-finissima-400grx3"><b>Casar Polpadoro Finissima 400Grx3</b></a></h4>
        <p class="description">Casar Polpadoro Finissima 3 x 400 g</p>
        <p class="right price"><b>3.59 €</b></p>
        <p class="right unitPrice">3.00 € per kg</p>
    </div>
    <div class="contButton">
    <a class="button bgRed white addToCart" href="#">Add</a>
</div>
</div><div class="left product prod113"
        data-name="Star Passata Pummaro Bottiglia"
        data-price="1.49"
        data-id="3374"
        data-available="yes"
        data-category="427"
        data-bestselling="">
    <a href="https://www.spesati.com/star-passata-pummaro-bottiglia">
        <div style="background-image: url('https://cdn.spesati.com/images/products/000115822/star-la-mia-pummaro-corposa-700-g-01.png')">
            <div class="hover"></div>
            
            <div class="stickers"></div>
        </div>
    </a>
    <div>
        <h4><a href="https://www.spesati.com/star-passata-pummaro-bottiglia"><b>Star Passata Pummaro Bottiglia</b></a></h4>
        <p class="description">Star La Mia Pummarò Corposa 700 g</p>
        <p class="right price"><b>1.49 €</b></p>
        <p class="right unitPrice">2.13 € per kg</p>
    </div>
    <div class="contButton">
    <a class="button bgRed white addToCart" href="#">Add</a>
</div>
</div><div class="left product prod114"
        data-name="Antonella Pomodori Pelati 2.5 kg"
        data-price="5.15"
        data-id="3353"
        data-available="yes"
        data-category="427"
        data-bestselling="">
    <a href="https://www.spesati.com/antonella-pomodori-pelati-25-kg">
        <div style="background-image: url('https://cdn.spesati.com/images/products/000115810/antonella-pomodori-pelati-2500-g-01.png')">
            <div class="hover"></div>
            
            <div class="stickers"></div>
        </div>
    </a>
    <div>
        <h4><a href="https://www.spesati.com/antonella-pomodori-pelati-25-kg"><b>Antonella Pomodori Pelati 2.5 kg</b></a></h4>
        <p class="description">Antonella Pomodori Pelati 2500 g</p>
        <p class="right price"><b>5.15 €</b></p>
        <p class="right unitPrice">2.06 € per kg</p>
    </div>
    <div class="contButton">
    <a class="button bgRed white addToCart" href="#">Add</a>
</div>
</div><div class="left product prod115"
        data-name="Antonella Passata Pomodoro Brik"
        data-price="1.19"
        data-id="3349"
        data-available="yes"
        data-category="427"
        data-bestselling="3">
    <a href="https://www.spesati.com/antonella-passata-pomodoro-brik">
        <div style="background-image: url('https://cdn.spesati.com/images/products/000115808/antonella-passata-di-pomodoro-1000-g-01.png')">
            <div class="hover"></div>
            <p class="arrow bgRed white">Offer</p>
            <div class="stickers"></div>
        </div>
    </a>
    <div>
        <h4><a href="https://www.spesati.com/antonella-passata-pomodoro-brik"><b>Antonella Passata Pomodoro Brik</b></a></h4>
        <p class="description">Antonella Passata di Pomodoro 1000 g</p>
        <p class="left offer red">1.59 €</p>
<p class="right price"><b>1.19 €</b></p>
        <p class="right unitPrice">1.19 € per kg</p>
    </div>
    <div class="contButton">
    <a class="button bgRed white addToCart" href="#">Add</a>
</div>
</div><div class="left product prod116"
        data-name="Antonella Pelati 800Gr"
        data-price="1.85"
        data-id="5762"
        data-available="yes"
        data-category="427"
        data-bestselling="5">
    <a href="https://www.spesati.com/antonella-pelati-800gr">
        <div style="background-image: url('https://cdn.spesati.com/images/products/000115805/antonella-pomodori-pelati-800-g-01.png')">
            <div class="hover"></div>
            <p class="arrow bgRed white">Best Seller</p>
            <div class="stickers"></div>
        </div>
    </a>
    <div>
        <h4><a href="https://www.spesati.com/antonella-pelati-800gr"><b>Antonella Pelati 800Gr</b></a></h4>
        <p class="description">Antonella Pomodori Pelati 800 g</p>
        <p class="right price"><b>1.85 €</b></p>
        <p class="right unitPrice">2.31 € per kg</p>
    </div>
    <div class="contButton">
    <a class="button bgRed white addToCart" href="#">Add</a>
</div>
</div><div class="left product prod117"
        data-name="Antonella Passata Pomodoro Bt"
        data-price="1.69"
        data-id="4272"
        data-available="yes"
        data-category="427"
        data-bestselling="13">
    <a href="https://www.spesati.com/antonella-passata-pomodoro-bt">
        <div style="background-image: url('https://cdn.spesati.com/images/products/000115800/antonella-passata-di-pomodoro-680-g-01.png')">
            <div class="hover"></div>
            <p class="arrow bgRed white">Best Seller</p>
            <div class="stickers"></div>
        </div>
    </a>
    <div>
        <h4><a href="https://www.spesati.com/antonella-passata-pomodoro-bt"><b>Antonella Passata Pomodoro Bt</b></a></h4>
        <p class="description">Antonella Passata di Pomodoro 680 g</p>
        <p class="right price"><b>1.69 €</b></p>
        <p class="right unitPrice">2.49 € per litre</p>
    </div>
    <div class="contButton">
    <a class="button bgRed white addToCart" href="#">Add</a>
</div>
</div><div class="left product prod118"
        data-name="Pomodori Secchi 250gr"
        data-price="5.15"
        data-id="26335"
        data-available="yes"
        data-category="427"
        data-bestselling="">
    <a href="https://www.spesati.com/pomodori-secchi-250gr">
        <div style="background-image: url('https://cdn.spesati.com/images/products/000115784/la-dispensa-del-fattore-pomodori-secchi-250-g-01.png')">
            <div class="hover"></div>
            
            <div class="stickers"></div>
        </div>
    </a>
    <div>
        <h4><a href="https://www.spesati.com/pomodori-secchi-250gr"><b>Pomodori Secchi 250gr</b></a></h4>
        <p class="description">La Dispensa del Fattore Pomodori Secchi 250 g</p>
        <p class="right price"><b>5.15 €</b></p>
        <p class="right unitPrice">20.60 € per kg</p>
    </div>
    <div class="contButton">
    <a class="button bgRed white addToCart" href="#">Add</a>
</div>
</div><div class="left product prod119"
        data-name="Maionese Calve'2 Kg"
        data-price="17.23"
        data-id="26235"
        data-available="yes"
        data-category="427"
        data-bestselling="">
    <a href="https://www.spesati.com/maionese-calve2-kg">
        <div style="background-image: url('https://cdn.spesati.com/images/products/000115276/calve-gastronomica-versatile-2-l-01.png')">
            <div class="hover"></div>
            
            <div class="stickers"></div>
        </div>
    </a>
    <div>
        <h4><a href="https://www.spesati.com/maionese-calve2-kg"><b>Maionese Calve'2 Kg</b></a></h4>
        <p class="description">Calvé Gastronomica Versatile 2 l</p>
        <p class="right price"><b>17.23 €</b></p>
        <p class="right unitPrice">8.61 € per kg</p>
    </div>
    <div class="contButton">
    <a class="button bgRed white addToCart" href="#">Add</a>
</div>
</div><div class="left product prod120"
        data-name="Maionese Calve'5kg Compatta Ga"
        data-price="26.63"
        data-id="26234"
        data-available="yes"
        data-category="427"
        data-bestselling="">
    <a href="https://www.spesati.com/maionese-calve5kg-compatta-ga">
        <div style="background-image: url('https://cdn.spesati.com/images/products/000115274/calve-gastronomica-compatta-475-kg-01.png')">
            <div class="hover"></div>
            
            <div class="stickers"></div>
        </div>
    </a>
    <div>
        <h4><a href="https://www.spesati.com/maionese-calve5kg-compatta-ga"><b>Maionese Calve'5kg Compatta Ga</b></a></h4>
        <p class="description">Calvé Gastronomica Compatta 4,75 kg</p>
        <p class="right price"><b>26.63 €</b></p>
        <p class="right unitPrice">5.32 € per kg</p>
    </div>
    <div class="contButton">
    <a class="button bgRed white addToCart" href="#">Add</a>
</div>
</div><div class="left product prod121"
        data-name="Calve Topdown Hot Ketchup"
        data-price="1.75"
        data-id="3073"
        data-available="yes"
        data-category="427"
        data-bestselling="">
    <a href="https://www.spesati.com/calve-topdown-hot-ketchup">
        <div style="background-image: url('https://cdn.spesati.com/images/products/000115269/calve-ketchup-piccante-250-ml-01.png')">
            <div class="hover"></div>
            
            <div class="stickers"></div>
        </div>
    </a>
    <div>
        <h4><a href="https://www.spesati.com/calve-topdown-hot-ketchup"><b>Calve Topdown Hot Ketchup</b></a></h4>
        <p class="description">Calvè Ketchup Piccante 250 ml</p>
        <p class="right price"><b>1.75 €</b></p>
        <p class="right unitPrice">7.00 € per litre</p>
    </div>
    <div class="contButton">
    <a class="button bgRed white addToCart" href="#">Add</a>
</div>
</div><div class="left product prod122"
        data-name="Calve Topdown Ketchup"
        data-price="1.75"
        data-id="3759"
        data-available="yes"
        data-category="427"
        data-bestselling="">
    <a href="https://www.spesati.com/calve-topdown-ketchup">
        <div style="background-image: url('https://cdn.spesati.com/images/products/000115268/calve-ketchup-250-ml-01.png')">
            <div class="hover"></div>
            
            <div class="stickers"><img class="left" src="http://cdn.spesati.com/images/layout/gluten-free.png" /></div>
        </div>
    </a>
    <div>
        <h4><a href="https://www.spesati.com/calve-topdown-ketchup"><b>Calve Topdown Ketchup</b></a></h4>
        <p class="description">Calvè Ketchup 250 ml</p>
        <p class="right price"><b>1.75 €</b></p>
        <p class="right unitPrice">7.00 € per litre</p>
    </div>
    <div class="contButton">
    <a class="button bgRed white addToCart" href="#">Add</a>
</div>
</div><div class="left product prod123"
        data-name="Calve Maionese Vaso 225 Ml"
        data-price="2.19"
        data-id="4707"
        data-available="yes"
        data-category="427"
        data-bestselling="">
    <a href="https://www.spesati.com/calve-maionese-vaso-225-ml">
        <div style="background-image: url('https://cdn.spesati.com/images/products/000115254/calve-classica-225-ml-01.png')">
            <div class="hover"></div>
            
            <div class="stickers"><img class="left" src="http://cdn.spesati.com/images/layout/gluten-free.png" /></div>
        </div>
    </a>
    <div>
        <h4><a href="https://www.spesati.com/calve-maionese-vaso-225-ml"><b>Calve Maionese Vaso 225 Ml</b></a></h4>
        <p class="description">Calvè Classica 225 ml</p>
        <p class="right price"><b>2.19 €</b></p>
        <p class="right unitPrice">9.74 € per kg</p>
    </div>
    <div class="contButton">
    <a class="button bgRed white addToCart" href="#">Add</a>
</div>
</div><div class="left product prod124"
        data-name="Calve Maionese Top Down 250Ml"
        data-price="2.25"
        data-id="5883"
        data-available="yes"
        data-category="427"
        data-bestselling="">
    <a href="https://www.spesati.com/calve-maionese-top-down-250ml">
        <div style="background-image: url('https://cdn.spesati.com/images/products/000115253/calve-maionese-classica-250-ml-01.png')">
            <div class="hover"></div>
            
            <div class="stickers"><img class="left" src="http://cdn.spesati.com/images/layout/gluten-free.png" /></div>
        </div>
    </a>
    <div>
        <h4><a href="https://www.spesati.com/calve-maionese-top-down-250ml"><b>Calve Maionese Top Down 250Ml</b></a></h4>
        <p class="description">Calvè Maionese Classica 250 ml</p>
        <p class="right price"><b>2.25 €</b></p>
        <p class="right unitPrice">9.00 € per litre</p>
    </div>
    <div class="contButton">
    <a class="button bgRed white addToCart" href="#">Add</a>
</div>
</div><div class="left product prod125"
        data-name="Calvemaionese Mayo Tubo"
        data-price="2.15"
        data-id="3858"
        data-available="yes"
        data-category="427"
        data-bestselling="">
    <a href="https://www.spesati.com/calvemaionese-mayo-tubo">
        <div style="background-image: url('https://cdn.spesati.com/images/products/000115248/calve-fresca-ma-yo-tubo-150-ml-01.png')">
            <div class="hover"></div>
            
            <div class="stickers"></div>
        </div>
    </a>
    <div>
        <h4><a href="https://www.spesati.com/calvemaionese-mayo-tubo"><b>Calvemaionese Mayo Tubo</b></a></h4>
        <p class="description">Calvè Fresca Ma- Yò Tubo 150 ml</p>
        <p class="right price"><b>2.15 €</b></p>
        <p class="right unitPrice">14.33 € per litre</p>
    </div>
    <div class="contButton">
    <a class="button bgRed white addToCart" href="#">Add</a>
</div>
</div><div class="left product prod126"
        data-name="Salsa Messicana Twister 900 Gr"
        data-price="9.25"
        data-id="26229"
        data-available="yes"
        data-category="427"
        data-bestselling="">
    <a href="https://www.spesati.com/salsa-messicana-twister-900-gr">
        <div style="background-image: url('https://cdn.spesati.com/images/products/000115247/gaia-i-love-street-food-salsa-messicana-900-g-01.png')">
            <div class="hover"></div>
            
            <div class="stickers"></div>
        </div>
    </a>
    <div>
        <h4><a href="https://www.spesati.com/salsa-messicana-twister-900-gr"><b>Salsa Messicana Twister 900 Gr</b></a></h4>
        <p class="description">Gaia I Love Street Food Salsa Messicana 900 g</p>
        <p class="right price"><b>9.25 €</b></p>
        <p class="right unitPrice">10.27 € per kg</p>
    </div>
    <div class="contButton">
    <a class="button bgRed white addToCart" href="#">Add</a>
</div>
</div><div class="left product prod127"
        data-name="Salsa Harissa Gaia Twister 900"
        data-price="10.19"
        data-id="26228"
        data-available="yes"
        data-category="427"
        data-bestselling="">
    <a href="https://www.spesati.com/salsa-harissa-gaia-twister-900">
        <div style="background-image: url('https://cdn.spesati.com/images/products/000115244/gaia-i-love-street-food-salsa-harissa-900-g-01.png')">
            <div class="hover"></div>
            
            <div class="stickers"></div>
        </div>
    </a>
    <div>
        <h4><a href="https://www.spesati.com/salsa-harissa-gaia-twister-900"><b>Salsa Harissa Gaia Twister 900</b></a></h4>
        <p class="description">Gaia I Love Street Food Salsa Harissa 900 g</p>
        <p class="right price"><b>10.19 €</b></p>
        <p class="right unitPrice">11.32 € per kg</p>
    </div>
    <div class="contButton">
    <a class="button bgRed white addToCart" href="#">Add</a>
</div>
</div><div class="left product prod128"
        data-name="Salsa Boscaiola Gaia Twist 820"
        data-price="11.13"
        data-id="26226"
        data-available="yes"
        data-category="427"
        data-bestselling="">
    <a href="https://www.spesati.com/salsa-boscaiola-gaia-twist-820">
        <div style="background-image: url('https://cdn.spesati.com/images/products/000115236/biffi-la-linea-professionale-salsa-boscaiola-800-g-01.png')">
            <div class="hover"></div>
            
            <div class="stickers"></div>
        </div>
    </a>
    <div>
        <h4><a href="https://www.spesati.com/salsa-boscaiola-gaia-twist-820"><b>Salsa Boscaiola Gaia Twist 820</b></a></h4>
        <p class="description">Biffi La Linea Professionale Salsa Boscaiola 800 g</p>
        <p class="right price"><b>11.13 €</b></p>
        <p class="right unitPrice">13.57 € per kg</p>
    </div>
    <div class="contButton">
    <a class="button bgRed white addToCart" href="#">Add</a>
</div>
</div><div class="left product prod129"
        data-name="Maionese Gourmet Gaia Twist820"
        data-price="7.21"
        data-id="26224"
        data-available="yes"
        data-category="427"
        data-bestselling="">
    <a href="https://www.spesati.com/maionese-gourmet-gaia-twist820">
        <div style="background-image: url('https://cdn.spesati.com/images/products/000115232/biffi-la-linea-professionale-maionese-gourmet-820-g-01.png')">
            <div class="hover"></div>
            
            <div class="stickers"></div>
        </div>
    </a>
    <div>
        <h4><a href="https://www.spesati.com/maionese-gourmet-gaia-twist820"><b>Maionese Gourmet Gaia Twist820</b></a></h4>
        <p class="description">Biffi La linea professionale Maionese Gourmet 820 g</p>
        <p class="right price"><b>7.21 €</b></p>
        <p class="right unitPrice">8.80 € per litre</p>
    </div>
    <div class="contButton">
    <a class="button bgRed white addToCart" href="#">Add</a>
</div>
</div><div class="left product prod130"
        data-name="Maionese Gourmet Gaia Bar Kg5"
        data-price="23.23"
        data-id="26223"
        data-available="yes"
        data-category="427"
        data-bestselling="">
    <a href="https://www.spesati.com/maionese-gourmet-gaia-bar-kg5">
        <div style="background-image: url('https://cdn.spesati.com/images/products/000115231/biffi-la-linea-professionale-maionese-gastronomica-5-kg-01.png')">
            <div class="hover"></div>
            
            <div class="stickers"></div>
        </div>
    </a>
    <div>
        <h4><a href="https://www.spesati.com/maionese-gourmet-gaia-bar-kg5"><b>Maionese Gourmet Gaia Bar Kg5</b></a></h4>
        <p class="description">Biffi La Linea Professionale Maionese Gastronomica 5 Kg</p>
        <p class="right price"><b>23.23 €</b></p>
        <p class="right unitPrice">4.64 € per kg</p>
    </div>
    <div class="contButton">
    <a class="button bgRed white addToCart" href="#">Add</a>
</div>
</div><div class="left product prod131"
        data-name="Passata Santa Rosa La Polposa 700Gr"
        data-price="1.65"
        data-id="6209"
        data-available="yes"
        data-category="427"
        data-bestselling="">
    <a href="https://www.spesati.com/passata-santa-rosa-la-polposa-700gr">
        <div style="background-image: url('https://cdn.spesati.com/images/products/000115224/santa-rosa-pomodorissimo-la-polposa-700-g-01.png')">
            <div class="hover"></div>
            
            <div class="stickers"></div>
        </div>
    </a>
    <div>
        <h4><a href="https://www.spesati.com/passata-santa-rosa-la-polposa-700gr"><b>Passata Santa Rosa La Polposa 700Gr</b></a></h4>
        <p class="description">Santa Rosa Pomodorissimo la Polposa 700 g</p>
        <p class="right price"><b>1.65 €</b></p>
        <p class="right unitPrice">2.36 € per kg</p>
    </div>
    <div class="contButton">
    <a class="button bgRed white addToCart" href="#">Add</a>
</div>
</div><div class="left product prod132"
        data-name="Maionese Twister Biffi 247gr"
        data-price="3.25"
        data-id="26219"
        data-available="yes"
        data-category="427"
        data-bestselling="">
    <a href="https://www.spesati.com/maionese-twister-biffi-247gr">
        <div style="background-image: url('https://cdn.spesati.com/images/products/000115213/biffi-maionese-italiana-247-g-01.png')">
            <div class="hover"></div>
            
            <div class="stickers"></div>
        </div>
    </a>
    <div>
        <h4><a href="https://www.spesati.com/maionese-twister-biffi-247gr"><b>Maionese Twister Biffi 247gr</b></a></h4>
        <p class="description">Biffi Maionese Italiana 247 g</p>
        <p class="right price"><b>3.25 €</b></p>
        <p class="right unitPrice">13.16 € per kg</p>
    </div>
    <div class="contButton">
    <a class="button bgRed white addToCart" href="#">Add</a>
</div>
</div><div class="left product prod133"
        data-name="Casar Concentrato Tubetto 130Gr"
        data-price="1.25"
        data-id="5759"
        data-available="yes"
        data-category="427"
        data-bestselling="3">
    <a href="https://www.spesati.com/casar-concentrato-tubetto-130gr">
        <div style="background-image: url('https://cdn.spesati.com/images/products/000114575/casar-concentrato-di-pomodoro-130-g-01.png')">
            <div class="hover"></div>
            <p class="arrow bgRed white">Best Seller</p>
            <div class="stickers"></div>
        </div>
    </a>
    <div>
        <h4><a href="https://www.spesati.com/casar-concentrato-tubetto-130gr"><b>Casar Concentrato Tubetto 130Gr</b></a></h4>
        <p class="description">Casar Concentrato di Pomodoro 130 g</p>
        <p class="right price"><b>1.25 €</b></p>
        <p class="right unitPrice">9.62 € per kg</p>
    </div>
    <div class="contButton">
    <a class="button bgRed white addToCart" href="#">Add</a>
</div>
</div><div class="left product prod134"
        data-name="Concentrato Casar 425ml"
        data-price="1.93"
        data-id="26097"
        data-available="yes"
        data-category="427"
        data-bestselling="">
    <a href="https://www.spesati.com/concentrato-casar-425ml">
        <div style="background-image: url('https://cdn.spesati.com/images/products/000114570/casar-concentrato-di-pomodoro-400-g-01.png')">
            <div class="hover"></div>
            
            <div class="stickers"></div>
        </div>
    </a>
    <div>
        <h4><a href="https://www.spesati.com/concentrato-casar-425ml"><b>Concentrato Casar 425ml</b></a></h4>
        <p class="description">Casar Concentrato di Pomodoro 400 g</p>
        <p class="right price"><b>1.93 €</b></p>
        <p class="right unitPrice">4.54 € per litre</p>
    </div>
    <div class="contButton">
    <a class="button bgRed white addToCart" href="#">Add</a>
</div>
</div><div class="left product prod135"
        data-name="Ponti glassa gastronomica limone 220 gr"
        data-price="3.59"
        data-id="5114"
        data-available="yes"
        data-category="427"
        data-bestselling="">
    <a href="https://www.spesati.com/ponti-glassa-gastronomica-limone-220-gr">
        <div style="background-image: url('https://cdn.spesati.com/images/products/000114559/ponti-glassa-al-succo-di-limone-220-g-01.png')">
            <div class="hover"></div>
            
            <div class="stickers"></div>
        </div>
    </a>
    <div>
        <h4><a href="https://www.spesati.com/ponti-glassa-gastronomica-limone-220-gr"><b>Ponti glassa gastronomica limone 220 gr</b></a></h4>
        <p class="description">Ponti Glassa al Succo di Limone 220 g</p>
        <p class="right price"><b>3.59 €</b></p>
        <p class="right unitPrice">16.32 € per kg</p>
    </div>
    <div class="contButton">
    <a class="button bgRed white addToCart" href="#">Add</a>
</div>
</div><div class="left product prod136"
        data-name="Filet Alici Zarot.pic O.o 60gr"
        data-price="3.49"
        data-id="26082"
        data-available="yes"
        data-category="427"
        data-bestselling="">
    <a href="https://www.spesati.com/filet-alici-zarotpic-oo-60gr">
        <div style="background-image: url('https://cdn.spesati.com/images/products/000114424/zarotti-filetti-di-alici-con-peperoncino-in-olio-di-oliva-60-g-01.png')">
            <div class="hover"></div>
            
            <div class="stickers"></div>
        </div>
    </a>
    <div>
        <h4><a href="https://www.spesati.com/filet-alici-zarotpic-oo-60gr"><b>Filet Alici Zarot.pic O.o 60gr</b></a></h4>
        <p class="description">Zarotti Filetti di Alici con Peperoncino in Olio di Oliva 60 g</p>
        <p class="right price"><b>3.49 €</b></p>
        <p class="right unitPrice">58.22 € per kg</p>
    </div>
    <div class="contButton">
    <a class="button bgRed white addToCart" href="#">Add</a>
</div>
</div><div class="left product prod137"
        data-name="Salsa Bull's Eye Bbq Orig 300m"
        data-price="7.35"
        data-id="85444"
        data-available="yes"
        data-category="427"
        data-bestselling="">
    <a href="https://www.spesati.com/salsa-bulls-eye-bbq-orig-300m">
        <div style="background-image: url('https://cdn.spesati.com/images/products/000112960/bulls-eye-original-rauchige-bbq-sauce-300-ml-01.png')">
            <div class="hover"></div>
            
            <div class="stickers"></div>
        </div>
    </a>
    <div>
        <h4><a href="https://www.spesati.com/salsa-bulls-eye-bbq-orig-300m"><b>Salsa Bull's Eye Bbq Orig 300m</b></a></h4>
        <p class="description">Bull's-Eye Original Rauchige BBQ Sauce 300 ml</p>
        <p class="right price"><b>7.35 €</b></p>
        <p class="right unitPrice">24.50 € per litre</p>
    </div>
    <div class="contButton">
    <a class="button bgRed white addToCart" href="#">Add</a>
</div>
</div><div class="left product prod138"
        data-name="Maionese Calve' Crem Gastr 5kg"
        data-price="21.05"
        data-id="25297"
        data-available="yes"
        data-category="427"
        data-bestselling="">
    <a href="https://www.spesati.com/maionese-calve-crem-gastr-5kg">
        <div style="background-image: url('https://cdn.spesati.com/images/products/000108563/calve-gastronomica-cremosa-5050-g-01.png')">
            <div class="hover"></div>
            
            <div class="stickers"></div>
        </div>
    </a>
    <div>
        <h4><a href="https://www.spesati.com/maionese-calve-crem-gastr-5kg"><b>Maionese Calve' Crem Gastr 5kg</b></a></h4>
        <p class="description">Calvé Gastronomica Cremosa 5050 g</p>
        <p class="right price"><b>21.05 €</b></p>
        <p class="right unitPrice">4.21 € per kg</p>
    </div>
    <div class="contButton">
    <a class="button bgRed white addToCart" href="#">Add</a>
</div>
</div><div class="left product prod139"
        data-name="Maionese Calve' 5 Kg"
        data-price="27.62"
        data-id="61365"
        data-available="yes"
        data-category="427"
        data-bestselling="">
    <a href="https://www.spesati.com/maionese-calve-5-kg">
        <div style="background-image: url('https://cdn.spesati.com/images/products/000108349/calve-maionese-classica-5-kg-01.png')">
            <div class="hover"></div>
            
            <div class="stickers"></div>
        </div>
    </a>
    <div>
        <h4><a href="https://www.spesati.com/maionese-calve-5-kg"><b>Maionese Calve' 5 Kg</b></a></h4>
        <p class="description">Calvé Maionese Classica 5 kg</p>
        <p class="right price"><b>27.62 €</b></p>
        <p class="right unitPrice">5.52 € per kg</p>
    </div>
    <div class="contButton">
    <a class="button bgRed white addToCart" href="#">Add</a>
</div>
</div><div class="left product prod140"
        data-name="Salsa Soia Kikkoman S-g 250ml"
        data-price="5.79"
        data-id="24654"
        data-available="yes"
        data-category="427"
        data-bestselling="">
    <a href="https://www.spesati.com/salsa-soia-kikkoman-s-g-250ml">
        <div style="background-image: url('https://cdn.spesati.com/images/products/000104921/kikkoman-soy-sauce-gluten-free-250-ml-01.png')">
            <div class="hover"></div>
            
            <div class="stickers"></div>
        </div>
    </a>
    <div>
        <h4><a href="https://www.spesati.com/salsa-soia-kikkoman-s-g-250ml"><b>Salsa Soia Kikkoman S-g 250ml</b></a></h4>
        <p class="description">Kikkoman Soy Sauce Gluten Free 250 ml</p>
        <p class="right price"><b>5.79 €</b></p>
        <p class="right unitPrice">23.17 € per litre</p>
    </div>
    <div class="contButton">
    <a class="button bgRed white addToCart" href="#">Add</a>
</div>
</div><div class="left product prod141"
        data-name="Salsa Kikkoman Teriyaki 250ml"
        data-price="6.69"
        data-id="24652"
        data-available="yes"
        data-category="427"
        data-bestselling="">
    <a href="https://www.spesati.com/salsa-kikkoman-teriyaki-250ml">
        <div style="background-image: url('https://cdn.spesati.com/images/products/000104881/kikkoman-teriyaki-marinata-e-salsa-250-ml-01.png')">
            <div class="hover"></div>
            
            <div class="stickers"></div>
        </div>
    </a>
    <div>
        <h4><a href="https://www.spesati.com/salsa-kikkoman-teriyaki-250ml"><b>Salsa Kikkoman Teriyaki 250ml</b></a></h4>
        <p class="description">Kikkoman Teriyaki Marinata e Salsa 250 ml</p>
        <p class="right price"><b>6.69 €</b></p>
        <p class="right unitPrice">26.76 € per litre</p>
    </div>
    <div class="contButton">
    <a class="button bgRed white addToCart" href="#">Add</a>
</div>
</div><div class="left product prod142"
        data-name="Salsa Gaia Pepe Nero Tw 800g"
        data-price="10.34"
        data-id="24452"
        data-available="yes"
        data-category="427"
        data-bestselling="">
    <a href="https://www.spesati.com/salsa-gaia-pepe-nero-tw-800g">
        <div style="background-image: url('https://cdn.spesati.com/images/products/000102203/gaia-i-love-street-food-salsa-maionese-al-pepe-nero-800-g-01.png')">
            <div class="hover"></div>
            
            <div class="stickers"></div>
        </div>
    </a>
    <div>
        <h4><a href="https://www.spesati.com/salsa-gaia-pepe-nero-tw-800g"><b>Salsa Gaia Pepe Nero Tw 800g</b></a></h4>
        <p class="description">Gaia I Love Street Food Salsa maionese al Pepe nero 800 g</p>
        <p class="right price"><b>10.34 €</b></p>
        <p class="right unitPrice">12.93 € per kg</p>
    </div>
    <div class="contButton">
    <a class="button bgRed white addToCart" href="#">Add</a>
</div>
</div><div class="left product prod143"
        data-name="Maionese Gourmet Gaia 1kg Vas"
        data-price="7.31"
        data-id="24427"
        data-available="yes"
        data-category="427"
        data-bestselling="">
    <a href="https://www.spesati.com/maionese-gourmet-gaia-1kg-vas">
        <div style="background-image: url('https://cdn.spesati.com/images/products/000102058/gaia-mayo-gourmet-1000-g-01.png')">
            <div class="hover"></div>
            
            <div class="stickers"></div>
        </div>
    </a>
    <div>
        <h4><a href="https://www.spesati.com/maionese-gourmet-gaia-1kg-vas"><b>Maionese Gourmet Gaia 1kg Vas</b></a></h4>
        <p class="description">Gaia Mayo gourmet 1000 g</p>
        <p class="right price"><b>7.31 €</b></p>
        <p class="right unitPrice">7.32 € per kg</p>
    </div>
    <div class="contButton">
    <a class="button bgRed white addToCart" href="#">Add</a>
</div>
</div><div class="left product prod144"
        data-name="Pate' Noci Gaia 1050gr"
        data-price="16.84"
        data-id="24424"
        data-available="yes"
        data-category="427"
        data-bestselling="">
    <a href="https://www.spesati.com/pate-noci-gaia-1050gr">
        <div style="background-image: url('https://cdn.spesati.com/images/products/000102023/biffi-la-linea-professionale-pate-di-noci-1050-g-01.png')">
            <div class="hover"></div>
            
            <div class="stickers"></div>
        </div>
    </a>
    <div>
        <h4><a href="https://www.spesati.com/pate-noci-gaia-1050gr"><b>Pate' Noci Gaia 1050gr</b></a></h4>
        <p class="description">Biffi La Linea Professionale Patè di Noci 1050 g</p>
        <p class="right price"><b>16.84 €</b></p>
        <p class="right unitPrice">16.04 € per kg</p>
    </div>
    <div class="contButton">
    <a class="button bgRed white addToCart" href="#">Add</a>
</div>
</div><div class="left product prod145"
        data-name="Salsa Gaia Barbecue Twist 900g"
        data-price="9.75"
        data-id="24423"
        data-available="yes"
        data-category="427"
        data-bestselling="">
    <a href="https://www.spesati.com/salsa-gaia-barbecue-twist-900g">
        <div style="background-image: url('https://cdn.spesati.com/images/products/000102022/gaia-i-love-street-food-salsa-barbecue-900-g-01.png')">
            <div class="hover"></div>
            
            <div class="stickers"></div>
        </div>
    </a>
    <div>
        <h4><a href="https://www.spesati.com/salsa-gaia-barbecue-twist-900g"><b>Salsa Gaia Barbecue Twist 900g</b></a></h4>
        <p class="description">Gaia I Love Street Food Salsa Barbecue 900 g</p>
        <p class="right price"><b>9.75 €</b></p>
        <p class="right unitPrice">10.84 € per kg</p>
    </div>
    <div class="contButton">
    <a class="button bgRed white addToCart" href="#">Add</a>
</div>
</div><div class="left product prod146"
        data-name="Salsa Barbecue Develey Ml875"
        data-price="5.72"
        data-id="24369"
        data-available="yes"
        data-category="427"
        data-bestselling="">
    <a href="https://www.spesati.com/salsa-barbecue-develey-ml875">
        <div style="background-image: url('https://cdn.spesati.com/images/products/000030420/develey-barbecue-sauce-875-ml-01.png')">
            <div class="hover"></div>
            
            <div class="stickers"></div>
        </div>
    </a>
    <div>
        <h4><a href="https://www.spesati.com/salsa-barbecue-develey-ml875"><b>Salsa Barbecue Develey Ml875</b></a></h4>
        <p class="description">Develey Barbecue Sauce 875 ML</p>
        <p class="right price"><b>5.72 €</b></p>
        <p class="right unitPrice">6.53 € per litre</p>
    </div>
    <div class="contButton">
    <a class="button bgRed white addToCart" href="#">Add</a>
</div>
</div><div class="left product prod147"
        data-name="Salsa Hamburger Develey Ml875"
        data-price="7.04"
        data-id="24368"
        data-available="yes"
        data-category="427"
        data-bestselling="">
    <a href="https://www.spesati.com/salsa-hamburger-develey-ml875">
        <div style="background-image: url('https://cdn.spesati.com/images/products/000030419/develey-hamburger-sauce-875-ml-01.png')">
            <div class="hover"></div>
            
            <div class="stickers"></div>
        </div>
    </a>
    <div>
        <h4><a href="https://www.spesati.com/salsa-hamburger-develey-ml875"><b>Salsa Hamburger Develey Ml875</b></a></h4>
        <p class="description">Develey Hamburger Sauce 875 ML</p>
        <p class="right price"><b>7.04 €</b></p>
        <p class="right unitPrice">8.04 € per litre</p>
    </div>
    <div class="contButton">
    <a class="button bgRed white addToCart" href="#">Add</a>
</div>
</div><div class="left product prod148"
        data-name="Pizzachef Fine Greci 4250 Ml"
        data-price="10.18"
        data-id="26344"
        data-available="yes"
        data-category="427"
        data-bestselling="">
    <a href="https://www.spesati.com/pizzachef-fine-greci-4250-ml">
        <div style="background-image: url('https://cdn.spesati.com/images/products/missing-image/missing-image.jpg')">
            <div class="hover"></div>
            
            <div class="stickers"></div>
        </div>
    </a>
    <div>
        <h4><a href="https://www.spesati.com/pizzachef-fine-greci-4250-ml"><b>Pizzachef Fine Greci 4250 Ml</b></a></h4>
        <p class="description">4.25 Lt</p>
        <p class="right price"><b>10.18 €</b></p>
        <p class="right unitPrice">2.39 € per litre</p>
    </div>
    <div class="contButton">
    <a class="button bgRed white addToCart" href="#">Add</a>
</div>
</div><div class="left product prod149"
        data-name="Ragu' Di Cinghiale Greci 800gr"
        data-price="27.45"
        data-id="26353"
        data-available="yes"
        data-category="427"
        data-bestselling="">
    <a href="https://www.spesati.com/ragu-di-cinghiale-greci-800gr">
        <div style="background-image: url('https://cdn.spesati.com/images/products/missing-image/missing-image.jpg')">
            <div class="hover"></div>
            
            <div class="stickers"></div>
        </div>
    </a>
    <div>
        <h4><a href="https://www.spesati.com/ragu-di-cinghiale-greci-800gr"><b>Ragu' Di Cinghiale Greci 800gr</b></a></h4>
        <p class="description">0.8 Kg</p>
        <p class="right price"><b>27.45 €</b></p>
        <p class="right unitPrice">34.31 € per kg</p>
    </div>
    <div class="contButton">
    <a class="button bgRed white addToCart" href="#">Add</a>
</div>
</div><div class="left product prod150"
        data-name="Pomod Pel La Fiammante 3000ml"
        data-price="6.46"
        data-id="26738"
        data-available="yes"
        data-category="427"
        data-bestselling="">
    <a href="https://www.spesati.com/pomod-pel-la-fiammante-3000ml">
        <div style="background-image: url('https://cdn.spesati.com/images/products/missing-image/missing-image.jpg')">
            <div class="hover"></div>
            
            <div class="stickers"></div>
        </div>
    </a>
    <div>
        <h4><a href="https://www.spesati.com/pomod-pel-la-fiammante-3000ml"><b>Pomod Pel La Fiammante 3000ml</b></a></h4>
        <p class="description">2.5 Kg</p>
        <p class="right price"><b>6.46 €</b></p>
        <p class="right unitPrice">2.59 € per kg</p>
    </div>
    <div class="contButton">
    <a class="button bgRed white addToCart" href="#">Add</a>
</div>
</div><div class="left product prod151"
        data-name="Pomod Polpa X Pizz Fiam 3000ml"
        data-price="6.13"
        data-id="26740"
        data-available="yes"
        data-category="427"
        data-bestselling="">
    <a href="https://www.spesati.com/pomod-polpa-x-pizz-fiam-3000ml">
        <div style="background-image: url('https://cdn.spesati.com/images/products/missing-image/missing-image.jpg')">
            <div class="hover"></div>
            
            <div class="stickers"></div>
        </div>
    </a>
    <div>
        <h4><a href="https://www.spesati.com/pomod-polpa-x-pizz-fiam-3000ml"><b>Pomod Polpa X Pizz Fiam 3000ml</b></a></h4>
        <p class="description">2.5 Kg</p>
        <p class="right price"><b>6.13 €</b></p>
        <p class="right unitPrice">2.45 € per kg</p>
    </div>
    <div class="contButton">
    <a class="button bgRed white addToCart" href="#">Add</a>
</div>
</div><div class="left product prod152"
        data-name="Ragu' Di Capriolo Greci 800gr"
        data-price="28.71"
        data-id="26877"
        data-available="yes"
        data-category="427"
        data-bestselling="">
    <a href="https://www.spesati.com/ragu-di-capriolo-greci-800gr">
        <div style="background-image: url('https://cdn.spesati.com/images/products/missing-image/missing-image.jpg')">
            <div class="hover"></div>
            
            <div class="stickers"></div>
        </div>
    </a>
    <div>
        <h4><a href="https://www.spesati.com/ragu-di-capriolo-greci-800gr"><b>Ragu' Di Capriolo Greci 800gr</b></a></h4>
        <p class="description">0.8 Kg</p>
        <p class="right price"><b>28.71 €</b></p>
        <p class="right unitPrice">35.89 € per kg</p>
    </div>
    <div class="contButton">
    <a class="button bgRed white addToCart" href="#">Add</a>
</div>
</div><div class="left product prod153"
        data-name="Sugo C/isola Arrabbiata 190gr"
        data-price="2.69"
        data-id="78553"
        data-available="yes"
        data-category="427"
        data-bestselling="">
    <a href="https://www.spesati.com/sugo-cisola-arrabbiata-190gr">
        <div style="background-image: url('https://cdn.spesati.com/images/products/missing-image/missing-image.jpg')">
            <div class="hover"></div>
            
            <div class="stickers"></div>
        </div>
    </a>
    <div>
        <h4><a href="https://www.spesati.com/sugo-cisola-arrabbiata-190gr"><b>Sugo C/isola Arrabbiata 190gr</b></a></h4>
        <p class="description">0.19 Kg</p>
        <p class="right price"><b>2.69 €</b></p>
        <p class="right unitPrice">14.16 € per kg</p>
    </div>
    <div class="contButton">
    <a class="button bgRed white addToCart" href="#">Add</a>
</div>
</div><div class="left product prod154"
        data-name="Sugo C/isola Melanzane 190gr"
        data-price="2.69"
        data-id="78559"
        data-available="yes"
        data-category="427"
        data-bestselling="">
    <a href="https://www.spesati.com/sugo-cisola-melanzane-190gr">
        <div style="background-image: url('https://cdn.spesati.com/images/products/missing-image/missing-image.jpg')">
            <div class="hover"></div>
            
            <div class="stickers"></div>
        </div>
    </a>
    <div>
        <h4><a href="https://www.spesati.com/sugo-cisola-melanzane-190gr"><b>Sugo C/isola Melanzane 190gr</b></a></h4>
        <p class="description">0.19 Kg</p>
        <p class="right price"><b>2.69 €</b></p>
        <p class="right unitPrice">14.16 € per kg</p>
    </div>
    <div class="contButton">
    <a class="button bgRed white addToCart" href="#">Add</a>
</div>
</div><div class="left product prod155"
        data-name="Salsa Pronta Rdg Cilieg 330gr"
        data-price="1.39"
        data-id="79173"
        data-available="yes"
        data-category="427"
        data-bestselling="">
    <a href="https://www.spesati.com/salsa-pronta-rdg-cilieg-330gr">
        <div style="background-image: url('https://cdn.spesati.com/images/products/missing-image/missing-image.jpg')">
            <div class="hover"></div>
            
            <div class="stickers"></div>
        </div>
    </a>
    <div>
        <h4><a href="https://www.spesati.com/salsa-pronta-rdg-cilieg-330gr"><b>Salsa Pronta Rdg Cilieg 330gr</b></a></h4>
        <p class="description">0.33 Kg</p>
        <p class="right price"><b>1.39 €</b></p>
        <p class="right unitPrice">4.21 € per kg</p>
    </div>
    <div class="contButton">
    <a class="button bgRed white addToCart" href="#">Add</a>
</div>
</div><div class="left product prod156"
        data-name="Polpachef Greci"
        data-price="10.18"
        data-id="26343"
        data-available="yes"
        data-category="427"
        data-bestselling="">
    <a href="https://www.spesati.com/polpachef-greci">
        <div style="background-image: url('https://cdn.spesati.com/images/products/missing-image/missing-image.jpg')">
            <div class="hover"></div>
            
            <div class="stickers"></div>
        </div>
    </a>
    <div>
        <h4><a href="https://www.spesati.com/polpachef-greci"><b>Polpachef Greci</b></a></h4>
        <p class="description">4.05 Kg</p>
        <p class="right price"><b>10.18 €</b></p>
        <p class="right unitPrice">2.52 € per kg</p>
    </div>
    <div class="contButton">
    <a class="button bgRed white addToCart" href="#">Add</a>
</div>
</div><div class="left product prod157"
        data-name="Salsa Mex Guacamol Sant/m 250g"
        data-price="5.69"
        data-id="70518"
        data-available="yes"
        data-category="427"
        data-bestselling="">
    <a href="https://www.spesati.com/salsa-mex-guacamol-santm-250g">
        <div style="background-image: url('https://cdn.spesati.com/images/products/missing-image/missing-image.jpg')">
            <div class="hover"></div>
            
            <div class="stickers"></div>
        </div>
    </a>
    <div>
        <h4><a href="https://www.spesati.com/salsa-mex-guacamol-santm-250g"><b>Salsa Mex Guacamol Sant/m 250g</b></a></h4>
        <p class="description">0.25 Kg</p>
        <p class="right price"><b>5.69 €</b></p>
        <p class="right unitPrice">22.76 € per kg</p>
    </div>
    <div class="contButton">
    <a class="button bgRed white addToCart" href="#">Add</a>
</div>
</div><div class="left product prod158"
        data-name="Salsa Hds Tartufata Vaso Gr580"
        data-price="12.24"
        data-id="23543"
        data-available="yes"
        data-category="427"
        data-bestselling="">
    <a href="https://www.spesati.com/salsa-hds-tartufata-vaso-gr580">
        <div style="background-image: url('https://cdn.spesati.com/images/products/missing-image/missing-image.jpg')">
            <div class="hover"></div>
            
            <div class="stickers"></div>
        </div>
    </a>
    <div>
        <h4><a href="https://www.spesati.com/salsa-hds-tartufata-vaso-gr580"><b>Salsa Hds Tartufata Vaso Gr580</b></a></h4>
        <p class="description">0.58 Kg</p>
        <p class="right price"><b>12.24 €</b></p>
        <p class="right unitPrice">21.10 € per kg</p>
    </div>
    <div class="contButton">
    <a class="button bgRed white addToCart" href="#">Add</a>
</div>
</div><div class="left product prod159"
        data-name="Salsa Rdg Tartufata Bianca 80g"
        data-price="3.56"
        data-id="82121"
        data-available="yes"
        data-category="427"
        data-bestselling="">
    <a href="https://www.spesati.com/salsa-rdg-tartufata-bianca-80g">
        <div style="background-image: url('https://cdn.spesati.com/images/products/missing-image/missing-image.jpg')">
            <div class="hover"></div>
            
            <div class="stickers"></div>
        </div>
    </a>
    <div>
        <h4><a href="https://www.spesati.com/salsa-rdg-tartufata-bianca-80g"><b>Salsa Rdg Tartufata Bianca 80g</b></a></h4>
        <p class="description">0.08 Kg</p>
        <p class="right price"><b>3.56 €</b></p>
        <p class="right unitPrice">44.48 € per kg</p>
    </div>
    <div class="contButton">
    <a class="button bgRed white addToCart" href="#">Add</a>
</div>
</div><div class="left product prod160"
        data-name="Nduja Rdg 130gr"
        data-price="3.49"
        data-id="83435"
        data-available="yes"
        data-category="427"
        data-bestselling="">
    <a href="https://www.spesati.com/nduja-rdg-130gr">
        <div style="background-image: url('https://cdn.spesati.com/images/products/missing-image/missing-image.jpg')">
            <div class="hover"></div>
            
            <div class="stickers"></div>
        </div>
    </a>
    <div>
        <h4><a href="https://www.spesati.com/nduja-rdg-130gr"><b>Nduja Rdg 130gr</b></a></h4>
        <p class="description">0.13 Kg</p>
        <p class="right price"><b>3.49 €</b></p>
        <p class="right unitPrice">26.85 € per kg</p>
    </div>
    <div class="contButton">
    <a class="button bgRed white addToCart" href="#">Add</a>
</div>
</div><div class="left product prod161"
        data-name="Senape Rdg Medio/forte Vv 200g"
        data-price="2.49"
        data-id="83462"
        data-available="yes"
        data-category="427"
        data-bestselling="">
    <a href="https://www.spesati.com/senape-rdg-medioforte-vv-200g">
        <div style="background-image: url('https://cdn.spesati.com/images/products/missing-image/missing-image.jpg')">
            <div class="hover"></div>
            
            <div class="stickers"></div>
        </div>
    </a>
    <div>
        <h4><a href="https://www.spesati.com/senape-rdg-medioforte-vv-200g"><b>Senape Rdg Medio/forte Vv 200g</b></a></h4>
        <p class="description">0.2 Kg</p>
        <p class="right price"><b>2.49 €</b></p>
        <p class="right unitPrice">12.45 € per kg</p>
    </div>
    <div class="contButton">
    <a class="button bgRed white addToCart" href="#">Add</a>
</div>
</div><div class="left product prod162"
        data-name="Senape Rdg All'antica Vv 200gr"
        data-price="2.49"
        data-id="83465"
        data-available="yes"
        data-category="427"
        data-bestselling="">
    <a href="https://www.spesati.com/senape-rdg-allantica-vv-200gr">
        <div style="background-image: url('https://cdn.spesati.com/images/products/missing-image/missing-image.jpg')">
            <div class="hover"></div>
            
            <div class="stickers"></div>
        </div>
    </a>
    <div>
        <h4><a href="https://www.spesati.com/senape-rdg-allantica-vv-200gr"><b>Senape Rdg All'antica Vv 200gr</b></a></h4>
        <p class="description">0.2 Kg</p>
        <p class="right price"><b>2.49 €</b></p>
        <p class="right unitPrice">12.45 € per kg</p>
    </div>
    <div class="contButton">
    <a class="button bgRed white addToCart" href="#">Add</a>
</div>
</div><div class="left product prod163"
        data-name="Dispenser Maionese Gaia"
        data-price="66.93"
        data-id="26214"
        data-available="yes"
        data-category="427"
        data-bestselling="">
    <a href="https://www.spesati.com/dispenser-maionese-gaia">
        <div style="background-image: url('https://cdn.spesati.com/images/products/missing-image/missing-image.jpg')">
            <div class="hover"></div>
            
            <div class="stickers"></div>
        </div>
    </a>
    <div>
        <h4><a href="https://www.spesati.com/dispenser-maionese-gaia"><b>Dispenser Maionese Gaia</b></a></h4>
        <p class="description">1.63 Kg</p>
        <p class="right price"><b>66.93 €</b></p>
        <p class="right unitPrice">41.07 € per kg</p>
    </div>
    <div class="contButton">
    <a class="button bgRed white addToCart" href="#">Add</a>
</div>
</div><div class="left product prod164"
        data-name="Ketchup Calve'5,5kg"
        data-price="21.66"
        data-id="26378"
        data-available="yes"
        data-category="427"
        data-bestselling="">
    <a href="https://www.spesati.com/ketchup-calve55kg">
        <div style="background-image: url('https://cdn.spesati.com/images/products/missing-image/missing-image.jpg')">
            <div class="hover"></div>
            
            <div class="stickers"></div>
        </div>
    </a>
    <div>
        <h4><a href="https://www.spesati.com/ketchup-calve55kg"><b>Ketchup Calve'5,5kg</b></a></h4>
        <p class="description">5.5 Kg</p>
        <p class="right price"><b>21.66 €</b></p>
        <p class="right unitPrice">3.94 € per kg</p>
    </div>
    <div class="contButton">
    <a class="button bgRed white addToCart" href="#">Add</a>
</div>
</div><div class="left product prod165"
        data-name="Maionese Calve Crem Twist 750g"
        data-price="4.78"
        data-id="26656"
        data-available="yes"
        data-category="427"
        data-bestselling="">
    <a href="https://www.spesati.com/maionese-calve-crem-twist-750g">
        <div style="background-image: url('https://cdn.spesati.com/images/products/missing-image/missing-image.jpg')">
            <div class="hover"></div>
            
            <div class="stickers"></div>
        </div>
    </a>
    <div>
        <h4><a href="https://www.spesati.com/maionese-calve-crem-twist-750g"><b>Maionese Calve Crem Twist 750g</b></a></h4>
        <p class="description">0.75 Kg</p>
        <p class="right price"><b>4.78 €</b></p>
        <p class="right unitPrice">6.38 € per kg</p>
    </div>
    <div class="contButton">
    <a class="button bgRed white addToCart" href="#">Add</a>
</div>
</div><div class="left product prod166"
        data-name="Ketchup Calve Crem Twist 750g"
        data-price="4.37"
        data-id="26657"
        data-available="yes"
        data-category="427"
        data-bestselling="">
    <a href="https://www.spesati.com/ketchup-calve-crem-twist-750g">
        <div style="background-image: url('https://cdn.spesati.com/images/products/missing-image/missing-image.jpg')">
            <div class="hover"></div>
            
            <div class="stickers"></div>
        </div>
    </a>
    <div>
        <h4><a href="https://www.spesati.com/ketchup-calve-crem-twist-750g"><b>Ketchup Calve Crem Twist 750g</b></a></h4>
        <p class="description">0.75 Kg</p>
        <p class="right price"><b>4.37 €</b></p>
        <p class="right unitPrice">5.83 € per kg</p>
    </div>
    <div class="contButton">
    <a class="button bgRed white addToCart" href="#">Add</a>
</div>
</div><div class="left product prod167"
        data-name="Salsa Soia Kikkoma Chiara 20lt"
        data-price="66.63"
        data-id="26703"
        data-available="yes"
        data-category="427"
        data-bestselling="">
    <a href="https://www.spesati.com/salsa-soia-kikkoma-chiara-20lt">
        <div style="background-image: url('https://cdn.spesati.com/images/products/missing-image/missing-image.jpg')">
            <div class="hover"></div>
            
            <div class="stickers"></div>
        </div>
    </a>
    <div>
        <h4><a href="https://www.spesati.com/salsa-soia-kikkoma-chiara-20lt"><b>Salsa Soia Kikkoma Chiara 20lt</b></a></h4>
        <p class="description">20 Lt</p>
        <p class="right price"><b>66.63 €</b></p>
        <p class="right unitPrice">3.33 € per litre</p>
    </div>
    <div class="contButton">
    <a class="button bgRed white addToCart" href="#">Add</a>
</div>
</div><div class="left product prod168"
        data-name="Salsa Teriyaki Kikkoman 4,9lt"
        data-price="14.28"
        data-id="26704"
        data-available="yes"
        data-category="427"
        data-bestselling="">
    <a href="https://www.spesati.com/salsa-teriyaki-kikkoman-49lt">
        <div style="background-image: url('https://cdn.spesati.com/images/products/missing-image/missing-image.jpg')">
            <div class="hover"></div>
            
            <div class="stickers"></div>
        </div>
    </a>
    <div>
        <h4><a href="https://www.spesati.com/salsa-teriyaki-kikkoman-49lt"><b>Salsa Teriyaki Kikkoman 4,9lt</b></a></h4>
        <p class="description">4.9 Lt</p>
        <p class="right price"><b>14.28 €</b></p>
        <p class="right unitPrice">2.92 € per litre</p>
    </div>
    <div class="contButton">
    <a class="button bgRed white addToCart" href="#">Add</a>
</div>
</div><div class="left product prod169"
        data-name="Miso Rosso Shinshuichi 1kg"
        data-price="6.34"
        data-id="26705"
        data-available="yes"
        data-category="427"
        data-bestselling="">
    <a href="https://www.spesati.com/miso-rosso-shinshuichi-1kg">
        <div style="background-image: url('https://cdn.spesati.com/images/products/missing-image/missing-image.jpg')">
            <div class="hover"></div>
            
            <div class="stickers"></div>
        </div>
    </a>
    <div>
        <h4><a href="https://www.spesati.com/miso-rosso-shinshuichi-1kg"><b>Miso Rosso Shinshuichi 1kg</b></a></h4>
        <p class="description">1 Kg</p>
        <p class="right price"><b>6.34 €</b></p>
        <p class="right unitPrice">6.35 € per kg</p>
    </div>
    <div class="contButton">
    <a class="button bgRed white addToCart" href="#">Add</a>
</div>
</div><div class="left product prod170"
        data-name="Salsa Soia Yamasa Mono 480x10m"
        data-price="72.94"
        data-id="26783"
        data-available="yes"
        data-category="427"
        data-bestselling="">
    <a href="https://www.spesati.com/salsa-soia-yamasa-mono-480x10m">
        <div style="background-image: url('https://cdn.spesati.com/images/products/missing-image/missing-image.jpg')">
            <div class="hover"></div>
            
            <div class="stickers"></div>
        </div>
    </a>
    <div>
        <h4><a href="https://www.spesati.com/salsa-soia-yamasa-mono-480x10m"><b>Salsa Soia Yamasa Mono 480x10m</b></a></h4>
        <p class="description">5 Lt</p>
        <p class="right price"><b>72.94 €</b></p>
        <p class="right unitPrice">14.59 € per litre</p>
    </div>
    <div class="contButton">
    <a class="button bgRed white addToCart" href="#">Add</a>
</div>
</div><div class="left product prod171"
        data-name="Funghi Porcini Trifol Greci 1k"
        data-price="23.00"
        data-id="26246"
        data-available="yes"
        data-category="427"
        data-bestselling="">
    <a href="https://www.spesati.com/funghi-porcini-trifol-greci-1k">
        <div style="background-image: url('https://cdn.spesati.com/images/products/missing-image/missing-image.jpg')">
            <div class="hover"></div>
            
            <div class="stickers"></div>
        </div>
    </a>
    <div>
        <h4><a href="https://www.spesati.com/funghi-porcini-trifol-greci-1k"><b>Funghi Porcini Trifol Greci 1k</b></a></h4>
        <p class="description">0.8 Kg</p>
        <p class="right price"><b>23.00 €</b></p>
        <p class="right unitPrice">28.75 € per kg</p>
    </div>
    <div class="contButton">
    <a class="button bgRed white addToCart" href="#">Add</a>
</div>
</div><div class="left product prod172"
        data-name="Crema Champ-tartufi Greci 500g"
        data-price="14.87"
        data-id="26260"
        data-available="yes"
        data-category="427"
        data-bestselling="">
    <a href="https://www.spesati.com/crema-champ-tartufi-greci-500g">
        <div style="background-image: url('https://cdn.spesati.com/images/products/missing-image/missing-image.jpg')">
            <div class="hover"></div>
            
            <div class="stickers"></div>
        </div>
    </a>
    <div>
        <h4><a href="https://www.spesati.com/crema-champ-tartufi-greci-500g"><b>Crema Champ-tartufi Greci 500g</b></a></h4>
        <p class="description">0.4 Kg</p>
        <p class="right price"><b>14.87 €</b></p>
        <p class="right unitPrice">37.18 € per kg</p>
    </div>
    <div class="contButton">
    <a class="button bgRed white addToCart" href="#">Add</a>
</div>
</div><div class="left product prod173"
        data-name="Salsa Tabasco"
        data-price="20.16"
        data-id="34736"
        data-available="yes"
        data-category="427"
        data-bestselling="">
    <a href="https://www.spesati.com/salsa-tabasco">
        <div style="background-image: url('https://cdn.spesati.com/images/products/missing-image/missing-image.jpg')">
            <div class="hover"></div>
            
            <div class="stickers"></div>
        </div>
    </a>
    <div>
        <h4><a href="https://www.spesati.com/salsa-tabasco"><b>Salsa Tabasco</b></a></h4>
        <p class="description">0.36 Lt</p>
        <p class="right price"><b>20.16 €</b></p>
        <p class="right unitPrice">55.99 € per litre</p>
    </div>
    <div class="contButton">
    <a class="button bgRed white addToCart" href="#">Add</a>
</div>
</div><div class="left product prod174"
        data-name="Salsa Worcester Lea & Perrins 2"
        data-price="11.90"
        data-id="34737"
        data-available="yes"
        data-category="427"
        data-bestselling="">
    <a href="https://www.spesati.com/salsa-worcester-lea-perrins-2">
        <div style="background-image: url('https://cdn.spesati.com/images/products/missing-image/missing-image.jpg')">
            <div class="hover"></div>
            
            <div class="stickers"></div>
        </div>
    </a>
    <div>
        <h4><a href="https://www.spesati.com/salsa-worcester-lea-perrins-2"><b>Salsa Worcester Lea & Perrins 2</b></a></h4>
        <p class="description">0.57 Lt</p>
        <p class="right price"><b>11.90 €</b></p>
        <p class="right unitPrice">20.96 € per litre</p>
    </div>
    <div class="contButton">
    <a class="button bgRed white addToCart" href="#">Add</a>
</div>
</div><div class="left product prod175"
        data-name="Salsa chili aglio 300ml"
        data-price="2.79"
        data-id="5215"
        data-available="yes"
        data-category="427"
        data-bestselling="">
    <a href="https://www.spesati.com/salsa-chili-aglio-300ml">
        <div style="background-image: url('https://cdn.spesati.com/images/products/missing-image/missing-image.jpg')">
            <div class="hover"></div>
            
            <div class="stickers"></div>
        </div>
    </a>
    <div>
        <h4><a href="https://www.spesati.com/salsa-chili-aglio-300ml"><b>Salsa chili aglio 300ml</b></a></h4>
        <p class="description">0.3 Kg</p>
        <p class="right price"><b>2.79 €</b></p>
        <p class="right unitPrice">9.32 € per litre</p>
    </div>
    <div class="contButton">
    <a class="button bgRed white addToCart" href="#">Add</a>
</div>
</div><div class="left product prod176"
        data-name="Salsa Tabasco Sriracha 256ml"
        data-price="9.19"
        data-id="61095"
        data-available="yes"
        data-category="427"
        data-bestselling="">
    <a href="https://www.spesati.com/salsa-tabasco-sriracha-256ml">
        <div style="background-image: url('https://cdn.spesati.com/images/products/missing-image/missing-image.jpg')">
            <div class="hover"></div>
            
            <div class="stickers"></div>
        </div>
    </a>
    <div>
        <h4><a href="https://www.spesati.com/salsa-tabasco-sriracha-256ml"><b>Salsa Tabasco Sriracha 256ml</b></a></h4>
        <p class="description">0.26 Lt</p>
        <p class="right price"><b>9.19 €</b></p>
        <p class="right unitPrice">35.34 € per litre</p>
    </div>
    <div class="contButton">
    <a class="button bgRed white addToCart" href="#">Add</a>
</div>
</div><div class="left product prod177"
        data-name="Calve Salsa Barbecue"
        data-price="2.59"
        data-id="3065"
        data-available="no"
        data-category="427"
        data-bestselling="">
    <a href="https://www.spesati.com/calve-salsa-barbecue">
        <div style="background-image: url('https://cdn.spesati.com/images/products/006734701/calve-salsa-barbecue-285-g-01.png')">
            <div class="hover"></div>
            
            <div class="stickers"></div>
        </div>
    </a>
    <div>
        <h4><a href="https://www.spesati.com/calve-salsa-barbecue"><b>Calve Salsa Barbecue</b></a></h4>
        <p class="description">Calvé Salsa barbecue 285 g</p>
        <p class="right price"><b>2.59 €</b></p>
        <p class="right unitPrice">10.36 € per litre</p>
    </div>
    <div class="notAvailable">
    <a class="button bgDarkGrey white" href="https://www.spesati.com/calve-salsa-barbecue">Not available</a>
</div>
</div><div class="left product prod178"
        data-name="Salsa taco piccante 230 gr"
        data-price="4.98"
        data-id="5094"
        data-available="no"
        data-category="427"
        data-bestselling="">
    <a href="https://www.spesati.com/salsa-taco-piccante-230-gr">
        <div style="background-image: url('https://cdn.spesati.com/images/products/000650354/santa-maria-taco-sauce-hot-230-g-01.png')">
            <div class="hover"></div>
            
            <div class="stickers"></div>
        </div>
    </a>
    <div>
        <h4><a href="https://www.spesati.com/salsa-taco-piccante-230-gr"><b>Salsa taco piccante 230 gr</b></a></h4>
        <p class="description">Santa Maria Taco Sauce Hot  230 g</p>
        <p class="right price"><b>4.98 €</b></p>
        <p class="right unitPrice">21.66 € per kg</p>
    </div>
    <div class="notAvailable">
    <a class="button bgDarkGrey white" href="https://www.spesati.com/salsa-taco-piccante-230-gr">Not available</a>
</div>
</div><div class="left product prod179"
        data-name="Maionese Heinz Vegan 215gr"
        data-price="3.59"
        data-id="87230"
        data-available="no"
        data-category="427"
        data-bestselling="">
    <a href="https://www.spesati.com/maionese-heinz-vegan-215gr">
        <div style="background-image: url('https://cdn.spesati.com/images/products/000436360/heinz-mayo-vegan-215-g-01.png')">
            <div class="hover"></div>
            
            <div class="stickers"></div>
        </div>
    </a>
    <div>
        <h4><a href="https://www.spesati.com/maionese-heinz-vegan-215gr"><b>Maionese Heinz Vegan 215gr</b></a></h4>
        <p class="description">Heinz Mayo Vegan 215 g</p>
        <p class="right price"><b>3.59 €</b></p>
        <p class="right unitPrice">16.32 € per kg</p>
    </div>
    <div class="notAvailable">
    <a class="button bgDarkGrey white" href="https://www.spesati.com/maionese-heinz-vegan-215gr">Not available</a>
</div>
</div><div class="left product prod180"
        data-name="Ketchup Calve' Topdown 430ml"
        data-price="3.05"
        data-id="81242"
        data-available="no"
        data-category="427"
        data-bestselling="1">
    <a href="https://www.spesati.com/ketchup-calve-topdown-430ml">
        <div style="background-image: url('https://cdn.spesati.com/images/products/000436302/calve-ketchup-430ml-01.png')">
            <div class="hover"></div>
            <p class="arrow bgRed white">Best Seller</p>
            <div class="stickers"></div>
        </div>
    </a>
    <div>
        <h4><a href="https://www.spesati.com/ketchup-calve-topdown-430ml"><b>Ketchup Calve' Topdown 430ml</b></a></h4>
        <p class="description">Calvè Ketchup 430ml</p>
        <p class="right price"><b>3.05 €</b></p>
        <p class="right unitPrice">7.10 € per litre</p>
    </div>
    <div class="notAvailable">
    <a class="button bgDarkGrey white" href="https://www.spesati.com/ketchup-calve-topdown-430ml">Not available</a>
</div>
</div><div class="left product prod181"
        data-name="Sugo Baril V Gust Peperonc 300"
        data-price="3.45"
        data-id="69903"
        data-available="no"
        data-category="427"
        data-bestselling="">
    <a href="https://www.spesati.com/sugo-baril-v-gust-peperonc-300">
        <div style="background-image: url('https://cdn.spesati.com/images/products/000435890/barilla-verogusto-peperoni-e-peperoncino-calabrese-300g-01.png')">
            <div class="hover"></div>
            
            <div class="stickers"></div>
        </div>
    </a>
    <div>
        <h4><a href="https://www.spesati.com/sugo-baril-v-gust-peperonc-300"><b>Sugo Baril V Gust Peperonc 300</b></a></h4>
        <p class="description">Barilla Verogusto Peperoni e Peperoncino Calabrese 300g</p>
        <p class="right price"><b>3.45 €</b></p>
        <p class="right unitPrice">11.50 € per kg</p>
    </div>
    <div class="notAvailable">
    <a class="button bgDarkGrey white" href="https://www.spesati.com/sugo-baril-v-gust-peperonc-300">Not available</a>
</div>
</div><div class="left product prod182"
        data-name="Passata Divella Rustica 680ml"
        data-price="1.93"
        data-id="27711"
        data-available="no"
        data-category="427"
        data-bestselling="">
    <a href="https://www.spesati.com/passata-divella-rustica-680ml">
        <div style="background-image: url('https://cdn.spesati.com/images/products/000145216/divella-delizie-campagnole-passata-rustica-680-g-01.png')">
            <div class="hover"></div>
            
            <div class="stickers"></div>
        </div>
    </a>
    <div>
        <h4><a href="https://www.spesati.com/passata-divella-rustica-680ml"><b>Passata Divella Rustica 680ml</b></a></h4>
        <p class="description">Divella Delizie Campagnole Passata Rustica 680 g</p>
        <p class="right price"><b>1.93 €</b></p>
        <p class="right unitPrice">2.83 € per litre</p>
    </div>
    <div class="notAvailable">
    <a class="button bgDarkGrey white" href="https://www.spesati.com/passata-divella-rustica-680ml">Not available</a>
</div>
</div><div class="left product prod183"
        data-name="Senape E Maionese Squeez 235ml"
        data-price="5.69"
        data-id="26929"
        data-available="no"
        data-category="427"
        data-bestselling="">
    <a href="https://www.spesati.com/senape-e-maionese-squeez-235ml">
        <div style="background-image: url('https://cdn.spesati.com/images/products/000119374/maille-djonnaise-230-g-01.png')">
            <div class="hover"></div>
            
            <div class="stickers"></div>
        </div>
    </a>
    <div>
        <h4><a href="https://www.spesati.com/senape-e-maionese-squeez-235ml"><b>Senape E Maionese Squeez 235ml</b></a></h4>
        <p class="description">Maille Djonnaise 230 g</p>
        <p class="right price"><b>5.69 €</b></p>
        <p class="right unitPrice">24.21 € per litre</p>
    </div>
    <div class="notAvailable">
    <a class="button bgDarkGrey white" href="https://www.spesati.com/senape-e-maionese-squeez-235ml">Not available</a>
</div>
</div><div class="left product prod184"
        data-name="Senape Squeeze Al Miele 235ml"
        data-price="5.69"
        data-id="26928"
        data-available="no"
        data-category="427"
        data-bestselling="">
    <a href="https://www.spesati.com/senape-squeeze-al-miele-235ml">
        <div style="background-image: url('https://cdn.spesati.com/images/products/000119373/maille-au-miel-senape-con-miele-270-g-01.png')">
            <div class="hover"></div>
            
            <div class="stickers"></div>
        </div>
    </a>
    <div>
        <h4><a href="https://www.spesati.com/senape-squeeze-al-miele-235ml"><b>Senape Squeeze Al Miele 235ml</b></a></h4>
        <p class="description">Maille au Miel Senape con Miele 270 g</p>
        <p class="right price"><b>5.69 €</b></p>
        <p class="right unitPrice">24.21 € per litre</p>
    </div>
    <div class="notAvailable">
    <a class="button bgDarkGrey white" href="https://www.spesati.com/senape-squeeze-al-miele-235ml">Not available</a>
</div>
</div><div class="left product prod185"
        data-name="Passata Pomod Divella Bt 680g"
        data-price="1.66"
        data-id="26692"
        data-available="no"
        data-category="427"
        data-bestselling="">
    <a href="https://www.spesati.com/passata-pomod-divella-bt-680g">
        <div style="background-image: url('https://cdn.spesati.com/images/products/000117650/divella-delizie-campagnole-passata-di-pomodoro-100-italiano-680-g-01.png')">
            <div class="hover"></div>
            
            <div class="stickers"></div>
        </div>
    </a>
    <div>
        <h4><a href="https://www.spesati.com/passata-pomod-divella-bt-680g"><b>Passata Pomod Divella Bt 680g</b></a></h4>
        <p class="description">Divella Delizie Campagnole Passata di pomodoro 100% italiano 680 g</p>
        <p class="right price"><b>1.66 €</b></p>
        <p class="right unitPrice">2.44 € per kg</p>
    </div>
    <div class="notAvailable">
    <a class="button bgDarkGrey white" href="https://www.spesati.com/passata-pomod-divella-bt-680g">Not available</a>
</div>
</div><div class="left product prod186"
        data-name="Senape Calve' Monod 198x10ml"
        data-price="15.26"
        data-id="26673"
        data-available="no"
        data-category="427"
        data-bestselling="">
    <a href="https://www.spesati.com/senape-calve-monod-198x10ml">
        <div style="background-image: url('https://cdn.spesati.com/images/products/000117579/calve-senape-198-x-104-g-01.png')">
            <div class="hover"></div>
            
            <div class="stickers"></div>
        </div>
    </a>
    <div>
        <h4><a href="https://www.spesati.com/senape-calve-monod-198x10ml"><b>Senape Calve' Monod 198x10ml</b></a></h4>
        <p class="description">Calvé Senape 198 x 10,4 g</p>
        <p class="right price"><b>15.26 €</b></p>
        <p class="right unitPrice">7.70 € per kg</p>
    </div>
    <div class="notAvailable">
    <a class="button bgDarkGrey white" href="https://www.spesati.com/senape-calve-monod-198x10ml">Not available</a>
</div>
</div><div class="left product prod187"
        data-name="Salsa Cocktail Gaia Vaso Gr960"
        data-price="10.49"
        data-id="26578"
        data-available="no"
        data-category="427"
        data-bestselling="">
    <a href="https://www.spesati.com/salsa-cocktail-gaia-vaso-gr960">
        <div style="background-image: url('https://cdn.spesati.com/images/products/000117222/gaia-salsa-cocktail-960-g-01.png')">
            <div class="hover"></div>
            
            <div class="stickers"></div>
        </div>
    </a>
    <div>
        <h4><a href="https://www.spesati.com/salsa-cocktail-gaia-vaso-gr960"><b>Salsa Cocktail Gaia Vaso Gr960</b></a></h4>
        <p class="description">Gaia Salsa cocktail 960 g</p>
        <p class="right price"><b>10.49 €</b></p>
        <p class="right unitPrice">10.92 € per kg</p>
    </div>
    <div class="notAvailable">
    <a class="button bgDarkGrey white" href="https://www.spesati.com/salsa-cocktail-gaia-vaso-gr960">Not available</a>
</div>
</div><div class="left product prod188"
        data-name="Salsa Calve'barbec Topdown 250"
        data-price="2.39"
        data-id="87111"
        data-available="no"
        data-category="427"
        data-bestselling="1">
    <a href="https://www.spesati.com/salsa-calvebarbec-topdown-250">
        <div style="background-image: url('https://cdn.spesati.com/images/products/000116837/salsa-barbeque-250-ml-01.png')">
            <div class="hover"></div>
            <p class="arrow bgRed white">Best Seller</p>
            <div class="stickers"></div>
        </div>
    </a>
    <div>
        <h4><a href="https://www.spesati.com/salsa-calvebarbec-topdown-250"><b>Salsa Calve'barbec Topdown 250</b></a></h4>
        <p class="description">Salsa Barbeque 250 ml</p>
        <p class="right price"><b>2.39 €</b></p>
        <p class="right unitPrice">9.56 € per litre</p>
    </div>
    <div class="notAvailable">
    <a class="button bgDarkGrey white" href="https://www.spesati.com/salsa-calvebarbec-topdown-250">Not available</a>
</div>
</div><div class="left product prod189"
        data-name="Polpa La Finissima Cirio 3X400"
        data-price="3.59"
        data-id="4923"
        data-available="no"
        data-category="427"
        data-bestselling="">
    <a href="https://www.spesati.com/polpa-la-finissima-cirio-3x400">
        <div style="background-image: url('https://cdn.spesati.com/images/products/000115851/cirio-i-classici-dal-1856-polpa-finissima-3-x-400-g-01.png')">
            <div class="hover"></div>
            
            <div class="stickers"></div>
        </div>
    </a>
    <div>
        <h4><a href="https://www.spesati.com/polpa-la-finissima-cirio-3x400"><b>Polpa La Finissima Cirio 3X400</b></a></h4>
        <p class="description">Cirio i Classici dal 1856 Polpa Finissima 3 x 400 g</p>
        <p class="right price"><b>3.59 €</b></p>
        <p class="right unitPrice">3.00 € per kg</p>
    </div>
    <div class="notAvailable">
    <a class="button bgDarkGrey white" href="https://www.spesati.com/polpa-la-finissima-cirio-3x400">Not available</a>
</div>
</div><div class="left product prod190"
        data-name="Salsa Dip Gaia 1kg"
        data-price="7.84"
        data-id="26222"
        data-available="no"
        data-category="427"
        data-bestselling="">
    <a href="https://www.spesati.com/salsa-dip-gaia-1kg">
        <div style="background-image: url('https://cdn.spesati.com/images/products/000115219/-biffi-la-linea-professionale-salsa-dip-1062-g-01.png')">
            <div class="hover"></div>
            
            <div class="stickers"></div>
        </div>
    </a>
    <div>
        <h4><a href="https://www.spesati.com/salsa-dip-gaia-1kg"><b>Salsa Dip Gaia 1kg</b></a></h4>
        <p class="description"> Biffi La Linea Professionale Salsa Dip 1062 g</p>
        <p class="right price"><b>7.84 €</b></p>
        <p class="right unitPrice">7.83 € per kg</p>
    </div>
    <div class="notAvailable">
    <a class="button bgDarkGrey white" href="https://www.spesati.com/salsa-dip-gaia-1kg">Not available</a>
</div>
</div><div class="left product prod191"
        data-name="Ketchup Gaia Bag In Box 4 Kg"
        data-price="15.67"
        data-id="26217"
        data-available="no"
        data-category="427"
        data-bestselling="">
    <a href="https://www.spesati.com/ketchup-gaia-bag-in-box-4-kg">
        <div style="background-image: url('https://cdn.spesati.com/images/products/000115208/gaia-ketchup-ricetta-classica-bag-in-box-4-kg-01.png')">
            <div class="hover"></div>
            
            <div class="stickers"></div>
        </div>
    </a>
    <div>
        <h4><a href="https://www.spesati.com/ketchup-gaia-bag-in-box-4-kg"><b>Ketchup Gaia Bag In Box 4 Kg</b></a></h4>
        <p class="description">Gaia Ketchup Ricetta Classica Bag in Box 4 kg</p>
        <p class="right price"><b>15.67 €</b></p>
        <p class="right unitPrice">3.92 € per kg</p>
    </div>
    <div class="notAvailable">
    <a class="button bgDarkGrey white" href="https://www.spesati.com/ketchup-gaia-bag-in-box-4-kg">Not available</a>
</div>
</div><div class="left product prod192"
        data-name="Maio Gourmet Gaia Baginbox 4kg"
        data-price="19.06"
        data-id="26215"
        data-available="no"
        data-category="427"
        data-bestselling="">
    <a href="https://www.spesati.com/maio-gourmet-gaia-baginbox-4kg">
        <div style="background-image: url('https://cdn.spesati.com/images/products/000115206/biffi-maionese-gastronomica-4-kg-01.png')">
            <div class="hover"></div>
            
            <div class="stickers"></div>
        </div>
    </a>
    <div>
        <h4><a href="https://www.spesati.com/maio-gourmet-gaia-baginbox-4kg"><b>Maio Gourmet Gaia Baginbox 4kg</b></a></h4>
        <p class="description">Biffi Maionese Gastronomica 4 Kg</p>
        <p class="right price"><b>19.06 €</b></p>
        <p class="right unitPrice">4.76 € per kg</p>
    </div>
    <div class="notAvailable">
    <a class="button bgDarkGrey white" href="https://www.spesati.com/maio-gourmet-gaia-baginbox-4kg">Not available</a>
</div>
</div><div class="left product prod193"
        data-name="Salsa Gaia Burger Twister 800g"
        data-price="8.83"
        data-id="24451"
        data-available="no"
        data-category="427"
        data-bestselling="">
    <a href="https://www.spesati.com/salsa-gaia-burger-twister-800g">
        <div style="background-image: url('https://cdn.spesati.com/images/products/000102202/gaia-i-love-street-food-salsa-burger-800-g-01.png')">
            <div class="hover"></div>
            
            <div class="stickers"></div>
        </div>
    </a>
    <div>
        <h4><a href="https://www.spesati.com/salsa-gaia-burger-twister-800g"><b>Salsa Gaia Burger Twister 800g</b></a></h4>
        <p class="description">Gaia I Love Street Food Salsa Burger 800 g</p>
        <p class="right price"><b>8.83 €</b></p>
        <p class="right unitPrice">11.04 € per kg</p>
    </div>
    <div class="notAvailable">
    <a class="button bgDarkGrey white" href="https://www.spesati.com/salsa-gaia-burger-twister-800g">Not available</a>
</div>
</div><div class="left product prod194"
        data-name="Maionese Gaia Leggera 5kg"
        data-price="20.12"
        data-id="24419"
        data-available="no"
        data-category="427"
        data-bestselling="">
    <a href="https://www.spesati.com/maionese-gaia-leggera-5kg">
        <div style="background-image: url('https://cdn.spesati.com/images/products/000102008/gaia-mayo-delicata-5-kg-01.png')">
            <div class="hover"></div>
            
            <div class="stickers"></div>
        </div>
    </a>
    <div>
        <h4><a href="https://www.spesati.com/maionese-gaia-leggera-5kg"><b>Maionese Gaia Leggera 5kg</b></a></h4>
        <p class="description">Gaia Mayo delicata 5 kg</p>
        <p class="right price"><b>20.12 €</b></p>
        <p class="right unitPrice">4.03 € per kg</p>
    </div>
    <div class="notAvailable">
    <a class="button bgDarkGrey white" href="https://www.spesati.com/maionese-gaia-leggera-5kg">Not available</a>
</div>
</div><div class="left product prod195"
        data-name="Sugo C/isola Basilico 190gr"
        data-price="2.49"
        data-id="78550"
        data-available="no"
        data-category="427"
        data-bestselling="">
    <a href="https://www.spesati.com/sugo-cisola-basilico-190gr">
        <div style="background-image: url('https://cdn.spesati.com/images/products/missing-image/missing-image.jpg')">
            <div class="hover"></div>
            
            <div class="stickers"></div>
        </div>
    </a>
    <div>
        <h4><a href="https://www.spesati.com/sugo-cisola-basilico-190gr"><b>Sugo C/isola Basilico 190gr</b></a></h4>
        <p class="description">0.19 Kg</p>
        <p class="right price"><b>2.49 €</b></p>
        <p class="right unitPrice">13.11 € per kg</p>
    </div>
    <div class="notAvailable">
    <a class="button bgDarkGrey white" href="https://www.spesati.com/sugo-cisola-basilico-190gr">Not available</a>
</div>
</div><div class="left product prod196"
        data-name="Sugo C/isola Funghi 190gr"
        data-price="2.69"
        data-id="78556"
        data-available="no"
        data-category="427"
        data-bestselling="">
    <a href="https://www.spesati.com/sugo-cisola-funghi-190gr">
        <div style="background-image: url('https://cdn.spesati.com/images/products/missing-image/missing-image.jpg')">
            <div class="hover"></div>
            
            <div class="stickers"></div>
        </div>
    </a>
    <div>
        <h4><a href="https://www.spesati.com/sugo-cisola-funghi-190gr"><b>Sugo C/isola Funghi 190gr</b></a></h4>
        <p class="description">0.19 Kg</p>
        <p class="right price"><b>2.69 €</b></p>
        <p class="right unitPrice">14.16 € per kg</p>
    </div>
    <div class="notAvailable">
    <a class="button bgDarkGrey white" href="https://www.spesati.com/sugo-cisola-funghi-190gr">Not available</a>
</div>
</div><div class="left product prod197"
        data-name="Salsa Pronta Rdg Datter 330gr"
        data-price="1.39"
        data-id="83381"
        data-available="no"
        data-category="427"
        data-bestselling="">
    <a href="https://www.spesati.com/salsa-pronta-rdg-datter-330gr">
        <div style="background-image: url('https://cdn.spesati.com/images/products/missing-image/missing-image.jpg')">
            <div class="hover"></div>
            
            <div class="stickers"></div>
        </div>
    </a>
    <div>
        <h4><a href="https://www.spesati.com/salsa-pronta-rdg-datter-330gr"><b>Salsa Pronta Rdg Datter 330gr</b></a></h4>
        <p class="description">0.33 Kg</p>
        <p class="right price"><b>1.39 €</b></p>
        <p class="right unitPrice">4.21 € per kg</p>
    </div>
    <div class="notAvailable">
    <a class="button bgDarkGrey white" href="https://www.spesati.com/salsa-pronta-rdg-datter-330gr">Not available</a>
</div>
</div><div class="left product prod198"
        data-name="Passata Rdg Ciliegino 350gr"
        data-price="1.29"
        data-id="83384"
        data-available="no"
        data-category="427"
        data-bestselling="">
    <a href="https://www.spesati.com/passata-rdg-ciliegino-350gr">
        <div style="background-image: url('https://cdn.spesati.com/images/products/missing-image/missing-image.jpg')">
            <div class="hover"></div>
            
            <div class="stickers"></div>
        </div>
    </a>
    <div>
        <h4><a href="https://www.spesati.com/passata-rdg-ciliegino-350gr"><b>Passata Rdg Ciliegino 350gr</b></a></h4>
        <p class="description">0.35 Kg</p>
        <p class="right price"><b>1.29 €</b></p>
        <p class="right unitPrice">3.68 € per kg</p>
    </div>
    <div class="notAvailable">
    <a class="button bgDarkGrey white" href="https://www.spesati.com/passata-rdg-ciliegino-350gr">Not available</a>
</div>
</div><div class="left product prod199"
        data-name="Passata Rdg Datterino 350gr"
        data-price="1.29"
        data-id="83387"
        data-available="no"
        data-category="427"
        data-bestselling="">
    <a href="https://www.spesati.com/passata-rdg-datterino-350gr">
        <div style="background-image: url('https://cdn.spesati.com/images/products/missing-image/missing-image.jpg')">
            <div class="hover"></div>
            
            <div class="stickers"></div>
        </div>
    </a>
    <div>
        <h4><a href="https://www.spesati.com/passata-rdg-datterino-350gr"><b>Passata Rdg Datterino 350gr</b></a></h4>
        <p class="description">0.35 Kg</p>
        <p class="right price"><b>1.29 €</b></p>
        <p class="right unitPrice">3.68 € per kg</p>
    </div>
    <div class="notAvailable">
    <a class="button bgDarkGrey white" href="https://www.spesati.com/passata-rdg-datterino-350gr">Not available</a>
</div>
</div><div class="left product prod200"
        data-name="Salsa Rdg Tartufata Nera 80gr"
        data-price="3.56"
        data-id="82118"
        data-available="no"
        data-category="427"
        data-bestselling="">
    <a href="https://www.spesati.com/salsa-rdg-tartufata-nera-80gr">
        <div style="background-image: url('https://cdn.spesati.com/images/products/missing-image/missing-image.jpg')">
            <div class="hover"></div>
            
            <div class="stickers"></div>
        </div>
    </a>
    <div>
        <h4><a href="https://www.spesati.com/salsa-rdg-tartufata-nera-80gr"><b>Salsa Rdg Tartufata Nera 80gr</b></a></h4>
        <p class="description">0.08 Kg</p>
        <p class="right price"><b>3.56 €</b></p>
        <p class="right unitPrice">44.48 € per kg</p>
    </div>
    <div class="notAvailable">
    <a class="button bgDarkGrey white" href="https://www.spesati.com/salsa-rdg-tartufata-nera-80gr">Not available</a>
</div>
</div><div class="left product prod201"
        data-name="Salsa Bull's Bbq Whisky 300ml"
        data-price="7.35"
        data-id="85447"
        data-available="no"
        data-category="427"
        data-bestselling="">
    <a href="https://www.spesati.com/salsa-bulls-bbq-whisky-300ml">
        <div style="background-image: url('https://cdn.spesati.com/images/products/missing-image/missing-image.jpg')">
            <div class="hover"></div>
            
            <div class="stickers"></div>
        </div>
    </a>
    <div>
        <h4><a href="https://www.spesati.com/salsa-bulls-bbq-whisky-300ml"><b>Salsa Bull's Bbq Whisky 300ml</b></a></h4>
        <p class="description">0.3 Lt</p>
        <p class="right price"><b>7.35 €</b></p>
        <p class="right unitPrice">24.50 € per litre</p>
    </div>
    <div class="notAvailable">
    <a class="button bgDarkGrey white" href="https://www.spesati.com/salsa-bulls-bbq-whisky-300ml">Not available</a>
</div>
</div><div class="left product prod202"
        data-name="Dispenser Ketchup Gaia"
        data-price="66.93"
        data-id="26216"
        data-available="no"
        data-category="427"
        data-bestselling="">
    <a href="https://www.spesati.com/dispenser-ketchup-gaia">
        <div style="background-image: url('https://cdn.spesati.com/images/products/missing-image/missing-image.jpg')">
            <div class="hover"></div>
            
            <div class="stickers"></div>
        </div>
    </a>
    <div>
        <h4><a href="https://www.spesati.com/dispenser-ketchup-gaia"><b>Dispenser Ketchup Gaia</b></a></h4>
        <p class="description">1.63 Kg</p>
        <p class="right price"><b>66.93 €</b></p>
        <p class="right unitPrice">41.07 € per kg</p>
    </div>
    <div class="notAvailable">
    <a class="button bgDarkGrey white" href="https://www.spesati.com/dispenser-ketchup-gaia">Not available</a>
</div>
</div><div class="left product prod203"
        data-name="Miso Bianco Shinshuichi 1kg"
        data-price="5.40"
        data-id="26706"
        data-available="no"
        data-category="427"
        data-bestselling="">
    <a href="https://www.spesati.com/miso-bianco-shinshuichi-1kg">
        <div style="background-image: url('https://cdn.spesati.com/images/products/missing-image/missing-image.jpg')">
            <div class="hover"></div>
            
            <div class="stickers"></div>
        </div>
    </a>
    <div>
        <h4><a href="https://www.spesati.com/miso-bianco-shinshuichi-1kg"><b>Miso Bianco Shinshuichi 1kg</b></a></h4>
        <p class="description">1 Kg</p>
        <p class="right price"><b>5.40 €</b></p>
        <p class="right unitPrice">5.40 € per kg</p>
    </div>
    <div class="notAvailable">
    <a class="button bgDarkGrey white" href="https://www.spesati.com/miso-bianco-shinshuichi-1kg">Not available</a>
</div>
</div><div class="left product prod204"
        data-name="Crema Sapori Tartufo Nero 50gr"
        data-price="11.90"
        data-id="26832"
        data-available="no"
        data-category="427"
        data-bestselling="">
    <a href="https://www.spesati.com/crema-sapori-tartufo-nero-50gr">
        <div style="background-image: url('https://cdn.spesati.com/images/products/missing-image/missing-image.jpg')">
            <div class="hover"></div>
            
            <div class="stickers"></div>
        </div>
    </a>
    <div>
        <h4><a href="https://www.spesati.com/crema-sapori-tartufo-nero-50gr"><b>Crema Sapori Tartufo Nero 50gr</b></a></h4>
        <p class="description">0.05 Kg</p>
        <p class="right price"><b>11.90 €</b></p>
        <p class="right unitPrice">237.97 € per kg</p>
    </div>
    <div class="notAvailable">
    <a class="button bgDarkGrey white" href="https://www.spesati.com/crema-sapori-tartufo-nero-50gr">Not available</a>
</div>
</div><div class="left product prod205"
        data-name="Crema Sapori Tartufo Bian 50gr"
        data-price="15.27"
        data-id="26844"
        data-available="no"
        data-category="427"
        data-bestselling="">
    <a href="https://www.spesati.com/crema-sapori-tartufo-bian-50gr">
        <div style="background-image: url('https://cdn.spesati.com/images/products/missing-image/missing-image.jpg')">
            <div class="hover"></div>
            
            <div class="stickers"></div>
        </div>
    </a>
    <div>
        <h4><a href="https://www.spesati.com/crema-sapori-tartufo-bian-50gr"><b>Crema Sapori Tartufo Bian 50gr</b></a></h4>
        <p class="description">0.05 Kg</p>
        <p class="right price"><b>15.27 €</b></p>
        <p class="right unitPrice">305.38 € per kg</p>
    </div>
    <div class="notAvailable">
    <a class="button bgDarkGrey white" href="https://www.spesati.com/crema-sapori-tartufo-bian-50gr">Not available</a>
</div>
</div><div class="left product prod206"
        data-name="Crema Sapori Carc-tartuf 100gr"
        data-price="10.99"
        data-id="26847"
        data-available="no"
        data-category="427"
        data-bestselling="">
    <a href="https://www.spesati.com/crema-sapori-carc-tartuf-100gr">
        <div style="background-image: url('https://cdn.spesati.com/images/products/missing-image/missing-image.jpg')">
            <div class="hover"></div>
            
            <div class="stickers"></div>
        </div>
    </a>
    <div>
        <h4><a href="https://www.spesati.com/crema-sapori-carc-tartuf-100gr"><b>Crema Sapori Carc-tartuf 100gr</b></a></h4>
        <p class="description">0.1 Kg</p>
        <p class="right price"><b>10.99 €</b></p>
        <p class="right unitPrice">109.90 € per kg</p>
    </div>
    <div class="notAvailable">
    <a class="button bgDarkGrey white" href="https://www.spesati.com/crema-sapori-carc-tartuf-100gr">Not available</a>
</div>
</div><div class="left product prod207"
        data-name="Salsa Cocktail C-whisky"
        data-price="11.60"
        data-id="34738"
        data-available="no"
        data-category="427"
        data-bestselling="">
    <a href="https://www.spesati.com/salsa-cocktail-c-whisky">
        <div style="background-image: url('https://cdn.spesati.com/images/products/missing-image/missing-image.jpg')">
            <div class="hover"></div>
            
            <div class="stickers"></div>
        </div>
    </a>
    <div>
        <h4><a href="https://www.spesati.com/salsa-cocktail-c-whisky"><b>Salsa Cocktail C-whisky</b></a></h4>
        <p class="description">1.09 Lt</p>
        <p class="right price"><b>11.60 €</b></p>
        <p class="right unitPrice">10.68 € per litre</p>
    </div>
    <div class="notAvailable">
    <a class="button bgDarkGrey white" href="https://www.spesati.com/salsa-cocktail-c-whisky">Not available</a>
</div>
</div><div class="left product prod208"
        data-name="Salsa Bernese"
        data-price="11.60"
        data-id="34739"
        data-available="no"
        data-category="427"
        data-bestselling="">
    <a href="https://www.spesati.com/salsa-bernese">
        <div style="background-image: url('https://cdn.spesati.com/images/products/missing-image/missing-image.jpg')">
            <div class="hover"></div>
            
            <div class="stickers"></div>
        </div>
    </a>
    <div>
        <h4><a href="https://www.spesati.com/salsa-bernese"><b>Salsa Bernese</b></a></h4>
        <p class="description">1.07 Lt</p>
        <p class="right price"><b>11.60 €</b></p>
        <p class="right unitPrice">10.81 € per litre</p>
    </div>
    <div class="notAvailable">
    <a class="button bgDarkGrey white" href="https://www.spesati.com/salsa-bernese">Not available</a>
</div>
</div><div class="left product prod209"
        data-name="Senape Digione Forte 865gr"
        data-price="9.15"
        data-id="61008"
        data-available="no"
        data-category="427"
        data-bestselling="">
    <a href="https://www.spesati.com/senape-digione-forte-865gr">
        <div style="background-image: url('https://cdn.spesati.com/images/products/missing-image/missing-image.jpg')">
            <div class="hover"></div>
            
            <div class="stickers"></div>
        </div>
    </a>
    <div>
        <h4><a href="https://www.spesati.com/senape-digione-forte-865gr"><b>Senape Digione Forte 865gr</b></a></h4>
        <p class="description">0.87 Kg</p>
        <p class="right price"><b>9.15 €</b></p>
        <p class="right unitPrice">10.52 € per kg</p>
    </div>
    <div class="notAvailable">
    <a class="button bgDarkGrey white" href="https://www.spesati.com/senape-digione-forte-865gr">Not available</a>
</div>
</div>        </div>
    </div>
</section>
<div class="footer">
    <div class="bgDarkGrey"></div>
    <footer>
        <div class="left bgDarkGrey">
            <a id="logoFooter" href="https://www.spesati.com/" class="estDynamic">
                <img src="http://cdn.spesati.com/images/layout/logo-eng.png" alt="Spesati.com" />
                <h2 class="red">Grocery Delivery</h2>
            </a>
            <a class="button bgRed white mobile" href="tel:390707968318">Phone order</a>
            <a class="button bgRed white desktop" href="https://www.spesati.com/news/2020-04-07/news-on-spesati-the-telephone-order-service-is-active">Phone order</a>
            <a class="button bgRed white" href="https://www.spesati.com/cdn-cgi/l/email-protection#b7ded9d1d8f7c4c7d2c4d6c3de99d4d8da">Send mail</a>
            <div id="social">
                <a class="left" href="https://www.facebook.com/spesati/" rel="external" target="_blank">
                    <span class="facebook bgRed fa-stack fa-lg">
                        <i class="fa fa-facebook fa-stack-1x "></i>
                    </span>
                </a>
                <a class="right" href="https://twitter.com/spesati" rel="external" target="_blank">
                    <span class="twitter bgRed fa-stack fa-lg">
                        <i class="fa fa-twitter fa-stack-1x "></i>
                    </span>
                </a>
            </div>
            <p>Copyright 2024 Spesati.com </p>
            
                    <p>All rights reserved</p>
                    <p>SPESATI SRL</p>
                    <p>Corso Vittorio Veneto 15/I, 07026, Olbia</p>
                    <p>CF e P.Iva: 02772380909</p>
                        </div>
        <div class="center bgRed">
            <div class="top">
                <h3>Categories</h3>
                <div class="col">
                    <ul>
                        <li>
                            <a href="#" class="estDynamic">On sale</a>
                        </li>
                        <li>
                            <a href="https://www.spesati.com/fruit-and-vegetables" class="estDynamic">Fruit and vegetables</a>
                        </li>
                        <li>
                            <a href="https://www.spesati.com/fresh-products" class="estDynamic">Fresh products</a>
                        </li>
                        <li>
                            <a href="https://www.spesati.com/frozen-foods" class="estDynamic">Frozen foods</a>
                        </li>
                        <li>
                            <a href="https://www.spesati.com/bread-and-pasta" class="estDynamic">Bread and pasta</a>
                        </li>
                        <li>
                            <a href="https://www.spesati.com/meat" class="estDynamic">Meat</a>
                        </li>
                        <li>
                            <a href="https://www.spesati.com/fish" class="estDynamic">Fish</a>
                        </li>
                    </ul>
                </div>
                <div class="col">
                    <ul>
                        <li>
                            <a href="https://www.spesati.com/wine-beer-and-spirits" class="estDynamic">Wine beer and spirits</a>
                        </li>
                        <li>
                            <a href="https://www.spesati.com/water-and-drinks" class="estDynamic">Water and drinks</a>
                        </li>
                        <li>
                            <a href="https://www.spesati.com/sweets" class="estDynamic">Sweets</a>
                        </li>
                        <li>
                            <a href="https://www.spesati.com/shelf" class="estDynamic">Cupboard</a>
                        </li>
                        <li>
                            <a href="https://www.spesati.com/personal-care" class="estDynamic">Personal care</a>
                        </li>
                        <li>
                            <a href="https://www.spesati.com/household-and-outdoors" class="estDynamic">Home and outdoors</a>
                        </li>
                        <li>
                            <a href="https://www.spesati.com/pet" class="estDynamic">Pets</a>
                        </li>
                    </ul>
                </div>
                <div class="col">
                    <ul>
                        <li>
                            <a href="https://www.spesati.com/technology" class="estDynamic">Technology</a>
                        </li>
                        <li>
                            <a href="https://www.spesati.com/gluten-free" class="estDynamic">Gluten free</a>
                        </li>
                        <li>
                            <a href="https://www.spesati.com/lactose-free" class="estDynamic">Lactose free</a>
                        </li>
                        <li>
                            <a href="https://www.spesati.com/special" class="estDynamic">Special</a>
                        </li>
                        <li>
                            <a href="https://www.spesati.com/sardinian-products" class="estDynamic">Sardinian products</a>
                        </li>
                    </ul>
                </div>
            </div>
            <div class="bottom bgRed">
                <div class="left">
                    <h3>Delivery payment</h3>
                    <div>
                        <i class="fa fa-money fa-3x" aria-hidden="true"></i>
                        <p>Cash</p>
                    </div>
                    <div>
                        <i class="fa fa-credit-card fa-3x" aria-hidden="true"></i>
                        <p>Bancomat or card</p>
                    </div>
                </div>
                <div class="right">
                    <h3>Online payment</h3>
                    <div>
                        <i class="fa fa-credit-card fa-3x" aria-hidden="true"></i>
                        <p>Credit or debit card <span class="red">online</span></p>
                    </div>
                    <div>
                        <i class="fa fa-paypal fa-3x" aria-hidden="true"></i>
                        <p>PayPal</p>
                    </div>
                    <div>
                        <i class="fa fa-university fa-3x" aria-hidden="true"></i>
                        <p>Bank transfer</p>
                    </div>
                </div>
            </div>
        </div>
        <div class="right bgRed">
            <div>
                <i class="fa fa-truck fa-flip-horizontal"></i>
                <a class="button bgYellow white" href="https://www.spesati.com/delivery-prices">Delivery prices</a>
                
                    <h3>Home delivery:</h3>
                    <p><b>Monday to Saturday</b></p>
                    <p><b>9:00 to 20:00</b></p>
                    <p><b>Minimum order:</b> 29€</p>
                    <p><b>Delivery starting from:</b> 3,50€</p>
                            </div>
            <ul>
                <li>
                    <a href="https://www.spesati.com/delivery-prices">Delivery prices</a>
                </li>
                <li>
                    <a href="https://www.spesati.com/about">About</a>
                </li>
                <li>
                    <a href="https://www.spesati.com/faq">Faq</a>
                </li>
                <li>
                    <a href="https://www.spesati.com/customer-care">Support</a>
                </li>
                <li>
                    <a href="https://www.spesati.com/news">Blog</a>
                </li>
                <li>
                    <a href="https://www.spesati.com/terms-and-conditions">Conditions</a>
                </li>
                <li>
                    <a href="https://www.spesati.com/privacy-policy">Privacy policy</a>
                </li>
                <li>
                    <a href="https://www.spesati.com/legal-warranty">Legal guarantee</a>
                </li>
            </ul>
        </div>
    </footer>
    <div class="bgRed"></div>
</div>
<!--Start of Tawk.to Script-->
<script data-cfasync="false" src="https://www.spesati.com/cdn-cgi/scripts/5c5dd728/cloudflare-static/email-decode.min.js"></script><script type="text/javascript">
var Tawk_API=Tawk_API||{}, Tawk_LoadStart=new Date();
(function(){
var s1=document.createElement("script"),s0=document.getElementsByTagName("script")[0];
s1.async=true;
s1.src='https://embed.tawk.to/59e86945c28eca75e4626ed9/default';
s1.charset='UTF-8';
s1.setAttribute('crossorigin','*');
s0.parentNode.insertBefore(s1,s0);
})();
</script>
<!--End of Tawk.to Script-->

<!-- Here are parked a few translatable strings, useful for Javascript rendering -->
<div id="js-texts" hidden>
    <input type="hidden" name="save_cart_notice" value="Saving your cart it will be possible to reload it next time you come for shopping">
    <input type="hidden" name="save_cart_notice_title" value="Want to save your cart?">
    <input type="hidden" name="save_cart_ok" value="Save">
    <input type="hidden" name="save_cart_ko" value="Don't Save">
    <input type="hidden" name="reload_cart" value="The Reload Order function allows you to top up your last cart to make a New Order. Warning: do not use this function to add products to the last order. At this time it is not possible to modify an order placed previously.">
</div>

<!-- new site and login popup -->
</body>
<!-- Mirrored from www.spesati.com/shelf/sauces by HTTrack Website Copier/3.x [XR&CO'2014], Fri, 23 Feb 2024 18:50:10 GMT -->
</html>