<!DOCTYPE html><html lang="en">
<!-- Mirrored from www.spesati.com/shelf/spices by HTTrack Website Copier/3.x [XR&CO'2014], Fri, 23 Feb 2024 18:50:09 GMT -->
<!-- Added by HTTrack --><meta http-equiv="content-type" content="text/html;charset=utf-8" /><!-- /Added by HTTrack -->
<head>
    <title>Spices - Cupboard - Spesati.com</title>
    <meta http-equiv="Content-Type" content="text/html; charset=UTF-8" />
    <meta name="description" content="" />
    <meta name="keywords" content="" />
    <link href="https://www.spesati.com/images/favicon.ico" rel="shortcut icon" type="image/x-icon" />
    <meta name="author" content="www.dodify.com" /><link rel="canonical" href="https://www.spesati.com/shelf/spices" /><link rel="alternate" hreflang="en" href="https://www.spesati.com/shelf/spices" /><link rel="alternate" hreflang="it" href="https://www.spesati.it/scaffale/spezie" /><link href="https://cdnjs.cloudflare.com/ajax/libs/meyer-reset/2.0/reset.min.css" rel="stylesheet" type="text/css" /><link href="https://cdnjs.cloudflare.com/ajax/libs/font-awesome/6.5.1/css/all.min.css" rel="stylesheet" type="text/css" /><link href="https://fonts.googleapis.com/css?family=Montserrat:400,700" rel="stylesheet" type="text/css" /><link href="http://cdnjs.cloudflare.com/ajax/libs/fancybox/2.1.5/jquery.fancybox.min.css" rel="stylesheet" type="text/css" /><link href="https://www.spesati.com/style/main.css?v=7" rel="stylesheet" type="text/css" /><link href="https://www.spesati.com/style/lightslider.css" rel="stylesheet" type="text/css" /><link href="https://www.spesati.com/style/categories.css" rel="stylesheet" type="text/css" /><script src="https://cdnjs.cloudflare.com/ajax/libs/jquery/3.6.1/jquery.min.js" type="text/javascript"></script><script src="http://ajax.googleapis.com/ajax/libs/jquery/1.11.0/jquery.min.js" type="text/javascript"></script><script src="http://unpkg.com/@floating-ui/core@0.4.0" type="text/javascript"></script><script src="http://unpkg.com/@floating-ui/dom@0.2.0" type="text/javascript"></script><script src="http://cdnjs.cloudflare.com/ajax/libs/fancybox/2.1.5/jquery.fancybox.min.js" type="text/javascript"></script><script src="https://www.spesati.com/js/menu.js" type="text/javascript"></script><script src="https://www.spesati.com/js/interface.js?v=10" type="text/javascript"></script><script src="https://www.spesati.com/js/spesati.lightslider.min.js" type="text/javascript"></script><meta name="viewport" content="width=device-width, initial-scale=1, maximum-scale=1" /><meta name = "format-detection" content = "telephone=no">
<!-- Facebook Pixel Code -->
<script>
  !function(f,b,e,v,n,t,s)
  {if(f.fbq)return;n=f.fbq=function(){n.callMethod?
  n.callMethod.apply(n,arguments):n.queue.push(arguments)};
  if(!f._fbq)f._fbq=n;n.push=n;n.loaded=!0;n.version='2.0';
  n.queue=[];t=b.createElement(e);t.async=!0;
  t.src=v;s=b.getElementsByTagName(e)[0];
  s.parentNode.insertBefore(t,s)}(window, document,'script',
  'https://connect.facebook.net/en_US/fbevents.js');
  fbq('init', '792335014180667');
  fbq('track', 'PageView');
</script>
<noscript>
    <img height="1" width="1" style="display:none" src="https://www.facebook.com/tr?id=792335014180667&amp;ev=PageView&amp;noscript=1" />
</noscript>
<!-- End Facebook Pixel Code -->

<!-- GA4 -->
<script async src="https://www.googletagmanager.com/gtag/js?id=G-SSS6NRNXL0"></script>
<script>
  window.dataLayer = window.dataLayer || [];
  function gtag(){dataLayer.push(arguments);}
  gtag('js', new Date());
  gtag('config', 'AW-976671669');
  gtag('config', 'G-SSS6NRNXL0');
</script>
<!-- Elements for PWA deploy -->
<link rel="manifest" href="https://www.spesati.com/manifest.json">
<meta name="theme-color" media="(prefers-color-scheme: light)" content="white">
<meta name="theme-color" media="(prefers-color-scheme: dark)"  content="black">
<link href=https://www.spesati.com/images/icon-192.png rel=apple-touch-icon sizes="192x192">
<!-- Establishment logic -->
<script>var pageEstablishment = "Olbia"; var estDefaultPages = true</script>
    <!--[if lt IE 9]>
        <script src="https://cdnjs.cloudflare.com/ajax/libs/html5shiv/3.7.3/html5shiv.min.js" type="text/javascript"></script>
    <![endif]--><script type="text/javascript">
$(document).ready(function() {
    // Check if exists cookie
    if(document.cookie.indexOf("cookieAccepted") < 0) {
        var cookieText = '<div id=\"cookie\"><p>This site uses cookies. Cookies are used for ads personalisation. <a href=\"/privacy-policy\">More info</a></p><button id=\"cookieConsent\" type=\"button\">Accept</button></div>';
        $("body").append($(
            cookieText
        ));
        $('#cookie').css({
            'width'           : '100%',
            'text-align'      : 'center',
            'color'           : '#FFFFFF',
            'background-color': '#000000', 
            'opacity'         : '.8', 
            'position'        : 'fixed', 
            'bottom'          : '0',
            'padding'         : '.5em 0',
            'z-index'         : '999'
        });
        $('#cookie > *').css({
            'display': 'inline'
        });
        $('#cookie a').css({
            'color'          : '#FFFFFF',
            'text-decoration': 'underline',
            'margin-right'   : '2%'
        });
        $('#cookieConsent').click(function() {
            // Set cookie
            var expiry = new Date();
            expiry.setTime(expiry.getTime() + (365 * 24 * 60 * 60 * 1000));
            document.cookie = "cookieAccepted=yes; expires=" + expiry.toGMTString() + "; path=/; domain=.spesati.com";
            $('#cookie').css({'display': 'none'});
        });
    }
});
</script></head><body><script type="text/javascript">
    var addText = "Add";
    var slider  = null;
    $(document).ready(function() {
        slider = $('#cartSlider').lightSlider({
            controls: false,
            item:13,
            loop:false,
            slideMove:1,
            easing: 'cubic-bezier(0.25, 0, 0.25, 1)',
            speed:600,
            responsive : [
                {
                    breakpoint:1400,
                    settings: {
                        item:12,
                        slideMove:1,
                    }
                },
                {
                    breakpoint:1200,
                    settings: {
                        item:11,
                        slideMove:1,
                    }
                },
                {
                    breakpoint:1080,
                    settings: {
                        item:14,
                        slideMove:1,
                    }
                },
                {
                    breakpoint:800,
                    settings: {
                        item:12,
                        slideMove:1,
                    }
                }
            ]
        });
        $('.lSPager').css("display","none");
        $('.lSAction').css("display","block");
        $('#goToPrevSlide').on('click', function () {
            slider.goToPrevSlide();
        });
        $('#goToNextSlide').on('click', function () {
            slider.goToNextSlide();
        });
    });

</script>
<div id="header" class="bgYellow">
    <header>
        <a class="menu" href="#"><i class="fa red fa-bars fa-2x"></i></a>
        <a id="logo" class="colLeft estDynamic" href="https://www.spesati.com/">
            <img src="http://cdn.spesati.com/images/layout/logo-eng.png" alt="Spesati.com" />
            <h2 class="red">Grocery Delivery</h2>
        </a>
        <div class="colRight">
            <div id="controls" class="right">
                <p id="establishmentControls">
                    <span class="establishmentWarning"><i class="fa-solid fa-triangle-exclamation red" title="Stai visualizzando i prodotti disponibili in una zona diversa. Se vuoi cambiare zona, cliccan qui"></i>&nbsp;&nbsp;</span>
                    Shopping from <b><a id="establishment" href="#"></a></b> <span id="estAddress">for </span> <a href="https://www.spesati.com/change-establishment">(<i class="fa-solid fa-pencil"></i> Change)</a> <span class="establishmentWarning">but viewing <b>Olbia</b></span>
                </p>
                <p><a href="https://www.spesati.it/scaffale/spezie" class="black switch-site">Versione italiana</a></p>                
            </div>
            <div>
                <form id="search" action="https://www.spesati.com/search" method="post" class="left">
                    <fieldset>
                        <div>
                            <input type="text" name="searchBox" id="searchBox" placeholder="Search for a product"></input>
                            <input id="searchButton" type="submit" name="searchButton" class="button bgRed white left" value="Find" />
                        </div>
                    </fieldset>
                </form>
                <div class="center left">
                    <a class="button bgRed white log-in" href="https://www.spesati.com/login">Login</a>
                    <a class="button bgRed white sign-up" href="https://www.spesati.com/sign-up">Sign up</a>
                    <a class="button bgRed white profile" href="https://www.spesati.com/profile">Profile</a>
                    <a class="button bgRed white log-out" href="https://www.spesati.com/logout" data-endpoint-check-cart="https://api.spesati.com/cart/check">Logout</a>
                </div>
                <div class="right user-function-icons">
                    <a class="red left account"><i class="fa fa-user fa-3x"></i></a>
                    <div id="dropdown">
                        <a class="log-in button bgRed white" href="https://www.spesati.com/login">Login</a>
                        <a class="sign-up button bgRed white" href="https://www.spesati.com/sign-up">Sign up</a>
                        <a class="profile button bgRed white" href="https://www.spesati.com/profile">Profile</a>
                        <a class="log-out button bgRed white" href="https://www.spesati.com/logout">Logout</a>
                    </div>

                    <div class="cart left">
                        <i class="fa fa-sm fa-shopping-cart red" aria-hidden="true" id="shipping-cart-button"></i>
                        <p id="cartQuantity"></p>
                    </div>

                    <a class="right" href="https://www.spesati.com/cart"><p class="black" id="cartTotal"></p></a>
                </div>
            </div>
                            <div id="previewCart">
                    <i id="goToPrevSlide" class="yellow fa fa-angle-left fa-2x" aria-hidden="true"></i>
                    <div><ul id="cartSlider"></ul></div>
                    <i id="goToNextSlide" class="yellow fa fa-angle-right fa-2x" aria-hidden="true"></i>
                </div>
                    </div>
    </header>

    <div id="shipping-cart-options" data-inited="false">
        <a href="https://www.spesati.com/cart" class="goto-cart">checkout</a>
        <a href="#" data-endpoint-auth="https://api.spesati.com/cart/save" data-endpoint-noauth="/login" class="save-cart">save</a>
        <a href="#" data-endpoint-auth="https://api.spesati.com/cart/load" class="load-cart">load</a>
    </div>
</div>
<div id="menuCategoriesMobile" class="mobile bgRed">
    <div class="closeMenu">
        <i class="fa fa-times fa-2x white"></i>
        Close
    </div>
    <ul class="bgRed white">
        <div id="langMobile" class="right">
        <a href="https://www.spesati.it/scaffale/spezie" class="white switch-site"><p>Versione italiana</p></a>    </div>
        <li><a>Categories</a>
            <ul class="bgWhite">
                <li>
                    <img src="http://cdn.spesati.com/images/menu/on-sale.png"/>
                    On sale                    <i class="fa fa-angle-down" aria-hidden="true"></i>
                    <ul class="sub-menu">
                    <li>
    <a href="https://www.spesati.com/tacchino-fesa-a-fette">Tacchino Fesa A Fette</a>
</li><li>
    <a href="https://www.spesati.com/amaro-montenegro-15lt">Amaro Montenegro 1,5lt</a>
</li><li>
    <a href="https://www.spesati.com/carbone-di-legna-sacco-10kg">Carbone Di Legna Sacco 10Kg</a>
</li><li>
    <a href="https://www.spesati.com/filu-e-ferru-silvio-carta-70cl">Filu E Ferru Silvio Carta 70Cl</a>
</li><li>
    <a href="https://www.spesati.com/braciole-suino-con-cotenna">Braciole Suino Con Cotenna</a>
</li><li>
    <a href="https://www.spesati.com/bovino-adulto-polpa">Bovino Adulto Polpa</a>
</li><li>
    <a href="https://www.spesati.com/vino-la-palma-cannonau-le-bombarde">Vino La Palma Cannonau Le Bombarde</a>
</li><li>
    <a href="https://www.spesati.com/fettine-sceltissime-bovino-adulto">Fettine Sceltissime Bovino Adulto</a>
</li><li>
    <a href="https://www.spesati.com/suino-fettine-scelte">Suino Fettine Scelte</a>
</li><li>
    <a href="https://www.spesati.com/lavazza-caffe-qualita-rossa-2x250gr">Lavazza Caffé Qualità Rossa 2x250gr</a>
</li>                        <li>
                            <a class="estDynamic" href="https://www.spesati.com/on-offer">All products on sale</a>
                        </li>
                    </ul>
                </li>
                <li>
                    <img src="http://cdn.spesati.com/images/menu/gift.png"/>
                    Gifts                    <i class="fa fa-angle-down" aria-hidden="true"></i>
                    <ul class="sub-menu">
                        <li>
    <a href="https://www.spesati.com/gift-card-da-150">Gift Card Da 150</a>
</li><li>
    <a href="https://www.spesati.com/gift-card-da-100">Gift Card Da 100</a>
</li><li>
    <a href="https://www.spesati.com/gift-card-da-50">Gift Card Da 50</a>
</li><li>
    <a href="https://www.spesati.com/gift-card-da-25">Gift Card Da 25</a>
</li>                        <li>
                            <a class="estDynamic" href="https://www.spesati.com/gift">All products in the gifts category</a>
                        </li>
                    </ul>
                </li>
                <li>
                    <img src="http://cdn.spesati.com/images/menu/gift-card.png"/>
                    Gift card and discounts                    <i class="fa fa-angle-down" aria-hidden="true"></i>
                    <ul class="sub-menu">
                        <li>
    <a href="https://www.spesati.com/gift-card-da-150">Gift Card Da 150</a>
</li><li>
    <a href="https://www.spesati.com/gift-card-da-100">Gift Card Da 100</a>
</li><li>
    <a href="https://www.spesati.com/gift-card-da-50">Gift Card Da 50</a>
</li><li>
    <a href="https://www.spesati.com/gift-card-da-25">Gift Card Da 25</a>
</li>                    </ul>
                </li>
                <li>
                    <img src="http://cdn.spesati.com/images/menu/fuit-and-vegetables.png"/>
                    Fruit and vegetables                    <i class="fa fa-angle-down" aria-hidden="true"></i>
                    <ul class="sub-menu">
                        <li>
                            <a class="estDynamic" href="https://www.spesati.com/fruit-and-vegetables/pulses-and-beans">Cereals and pulses and beans</a>
                        </li>
                        <li>
                            <a class="estDynamic" href="https://www.spesati.com/fruit-and-vegetables/fruit">Fruit</a>
                        </li>
                        <li>
                            <a class="estDynamic" href="https://www.spesati.com/fruit-and-vegetables/canned-fruit">Canned fruit</a>
                        </li>
                        <li>
                            <a class="estDynamic" href="https://www.spesati.com/fruit-and-vegetables/dried-fruit">Dried fruit</a>
                        </li>
                        <li>
                            <a class="estDynamic" href="https://www.spesati.com/fruit-and-vegetables/ready-salads">Ready salads</a>
                        </li>
                        <li>
                            <a class="estDynamic" href="https://www.spesati.com/fruit-and-vegetables/fresh-spices">Fresh spices</a>
                        </li>
                        <li>
                            <a class="estDynamic" href="https://www.spesati.com/fruit-and-vegetables/vegetables">Vegetables and soy</a>
                        </li>
                    </ul>
                </li>
                <li>
                    <img src="http://cdn.spesati.com/images/menu/fresh-products.png"/>
                    Fresh products                    <i class="fa fa-angle-down" aria-hidden="true"></i>
                    <ul class="sub-menu">
                        <li>
                            <a class="estDynamic" href="https://www.spesati.com/fresh-products/margarine-and-butter">Butter and margarine</a>
                        </li>
                        <li>
                            <a class="estDynamic" href="https://www.spesati.com/fresh-products/danone">Danone</a>
                        </li>
                        <li>
                            <a class="estDynamic" href="https://www.spesati.com/fresh-products/dessert">Dessert</a>
                        </li>
                        <li>
                            <a class="estDynamic" href="https://www.spesati.com/fresh-products/sweets">Sweets</a>
                        </li>
                        <li>
                            <a class="estDynamic" href="https://www.spesati.com/fresh-products/dairy-products">Dairy product</a>
                        </li>
                        <li>
                            <a class="estDynamic" href="https://www.spesati.com/fresh-products/bakery">Yeast</a>
                        </li>
                        <li>
                            <a class="estDynamic" href="https://www.spesati.com/fresh-products/mascarpone">Mascarpone</a>
                        </li>
                        <li>
                            <a class="estDynamic" href="https://www.spesati.com/fresh-products/snacks">Snacks</a>
                        </li>
                        <li>
                            <a class="estDynamic" href="https://www.spesati.com/fresh-products/mozzarella">Mozzarella</a>
                        </li>
                        <li>
                            <a class="estDynamic" href="https://www.spesati.com/fresh-products/pasta">Pasta</a>
                        </li>
                        <li>
                            <a class="estDynamic" href="https://www.spesati.com/fresh-products/pesto-and-sauces">Pesto and sauces</a>
                        </li>
                        <li>
                            <a class="estDynamic" href="https://www.spesati.com/fresh-products/ricotta-and-cheese">Ricotta and cheese</a>
                        </li>
                        <li>
                            <a class="estDynamic" href="https://www.spesati.com/fresh-products/cured-meat">Cured meat</a>
                        </li>
                        <li>
                            <a class="estDynamic" href="https://www.spesati.com/fresh-products/wurstel">Würstel</a>
                        </li>
                        <li>
                            <a class="estDynamic" href="https://www.spesati.com/fresh-products/yogurt">Yogurt</a>
                        </li>
                    </ul>
                </li>
                <li>
                    <img src="http://cdn.spesati.com/images/menu/frozen-foods.png"/>
                    Frozen foods                    <i class="fa fa-angle-down" aria-hidden="true"></i>
                    <ul class="sub-menu">
                        <li>
                            <a class="estDynamic" href="https://www.spesati.com/frozen-foods/meat">Meat</a>
                        </li>
                        <li>
                            <a class="estDynamic" href="https://www.spesati.com/frozen-foods/ice-creams">Ice cream and sweet</a>
                        </li>
                        <li>
                            <a class="estDynamic" href="https://www.spesati.com/frozen-foods/pasta">Pasta</a>
                        </li>
                        <li>
                            <a class="estDynamic" href="https://www.spesati.com/frozen-foods/fish">Fish</a>
                        </li>
                        <li>
                            <a class="estDynamic" href="https://www.spesati.com/frozen-foods/ready-meals">Ready meals</a>
                        </li>
                        <li>
                            <a class="estDynamic" href="https://www.spesati.com/frozen-foods/pizzas">Pizzas</a>
                        </li>
                        <li>
                            <a class="estDynamic" href="https://www.spesati.com/frozen-foods/vegetables">Vegetables and soy</a>
                        </li>
                    </ul>
                </li>
                <li>
                    <img src="http://cdn.spesati.com/images/menu/bread-and-pasta.png"/>
                    Bread and pasta                    <i class="fa fa-angle-down" aria-hidden="true"></i>
                    <ul class="sub-menu">
                        <li>
                            <a class="estDynamic" href="https://www.spesati.com/bread-and-pasta/crackers">Crackers</a>
                        </li>
                        <li>
                            <a class="estDynamic" href="https://www.spesati.com/bread-and-pasta/rusks">Rusks</a>
                        </li>
                        <li>
                            <a class="estDynamic" href="https://www.spesati.com/bread-and-pasta/white-bread">White bread</a>
                        </li>
                        <li>
                            <a class="estDynamic" href="https://www.spesati.com/bread-and-pasta/local-bread">Local bread</a>
                        </li>
                        <li>
                            <a class="estDynamic" href="https://www.spesati.com/bread-and-pasta/soft-bread">Soft bread</a>
                        </li>
                        <li>
                            <a class="estDynamic" href="https://www.spesati.com/bread-and-pasta/sardinian-bread">Sardinian bread</a>
                        </li>
                        <li>
                            <a class="estDynamic" href="https://www.spesati.com/bread-and-pasta/bakery">Bakery</a>
                        </li>
                        <li>
                            <a class="estDynamic" href="https://www.spesati.com/bread-and-pasta/pasta">Pasta</a>
                        </li>
                        <li>
                            <a class="estDynamic" href="https://www.spesati.com/bread-and-pasta/fresh-pasta">Fresh pasta</a>
                        </li>
                    </ul>
                </li>
                <li>
                    <img src="http://cdn.spesati.com/images/menu/meat.png"/>
                    Meat                    <i class="fa fa-angle-down" aria-hidden="true"></i>
                    <ul class="sub-menu">
                        <li>
                            <a class="estDynamic" href="https://www.spesati.com/meat/beef">Beef</a>
                        </li>
                        <li>
                            <a class="estDynamic" href="https://www.spesati.com/meat/goat">Goat</a>
                        </li>
                        <li>
                            <a class="estDynamic" href="https://www.spesati.com/meat/packaged-meat">Packaged meat</a>
                        </li>
                        <li>
                            <a class="estDynamic" href="https://www.spesati.com/meat/rabbit">Rabbit</a>
                        </li>
                        <li>
                            <a class="estDynamic" href="https://www.spesati.com/meat/horse">Horse</a>
                        </li>
                        <li>
                            <a class="estDynamic" href="https://www.spesati.com/meat/pork">Pork</a>
                        </li>
                        <li>
                            <a class="estDynamic" href="https://www.spesati.com/meat/lamb">Lamb</a>
                        </li>
                        <li>
                            <a class="estDynamic" href="https://www.spesati.com/meat/poultry">Poultry</a>
                        </li>
                    </ul>
                </li>
                <li>
                    <img src="http://cdn.spesati.com/images/menu/fish.png"/>
                    Fish                    <i class="fa fa-angle-down" aria-hidden="true"></i>
                    <ul class="sub-menu">
                        <li>
                            <a class="estDynamic" href="https://www.spesati.com/fish/fresh-water">Fresh water</a>
                        </li>
                        <li>
                            <a class="estDynamic" href="https://www.spesati.com/fish/salt-water">Salt water</a>
                        </li>
                        <li>
                            <a class="estDynamic" href="https://www.spesati.com/fish/mussels">Mussels</a>
                        </li>
                        <li>
                            <a class="estDynamic" href="https://www.spesati.com/fish/dried-and-salted">Dried and salted</a>
                        </li>
                        <li>
                            <a class="estDynamic" href="https://www.spesati.com/fish/seafood-salad">Seafood salad</a>
                        </li>
                        <li>
                            <a class="estDynamic" href="https://www.spesati.com/fish/prepared">Prepared</a>
                        </li>
                        <li>
                            <a class="estDynamic" href="https://www.spesati.com/fish/specialty">Specialty</a>
                        </li>   
                        <li>
                            <a class="estDynamic" href="https://www.spesati.com/fish/tuna-and-salmon">Tuna and salmon</a>
                        </li>
                    </ul>
                </li>
                <li>
                    <img src="http://cdn.spesati.com/images/menu/alcohol.png"/>
                    Wine beer and spirits                    <i class="fa fa-angle-down" aria-hidden="true"></i>
                    <ul class="sub-menu">
                        <li>
                            <a class="estDynamic" href="https://www.spesati.com/wine-beer-and-spirits/spirits-and-liquors">Alcohol</a>
                        </li>
                        <li>
                            <a class="estDynamic" href="https://www.spesati.com/wine-beer-and-spirits/bitters">Bitters</a>
                        </li>
                        <li>
                            <a class="estDynamic" href="https://www.spesati.com/wine-beer-and-spirits/aperatif">Aperatifs</a>
                        </li>
                        <li>
                            <a class="estDynamic" href="https://www.spesati.com/wine-beer-and-spirits/beer">Beer</a>
                        </li>
                        <li>
                            <a class="estDynamic" href="https://www.spesati.com/wine-beer-and-spirits/creams">Creams</a>
                        </li>
                        <li>
                            <a class="estDynamic" href="https://www.spesati.com/wine-beer-and-spirits/spirits">Spirits</a>
                        </li>
                        <li>
                            <a class="estDynamic" href="https://www.spesati.com/wine-beer-and-spirits/liquors">Liquors</a>
                        </li>
                        <li>
                            <a class="estDynamic" href="https://www.spesati.com/wine-beer-and-spirits/white-wine">White wine</a>
                        </li>
                        <li>
                            <a class="estDynamic" href="https://www.spesati.com/wine-beer-and-spirits/prosecco-wine">Prosecco wine</a>
                        </li>
                        <li>
                            <a class="estDynamic" href="https://www.spesati.com/wine-beer-and-spirits/rose-wine">Rose wine</a>
                        </li>
                        <li>
                            <a class="estDynamic" href="https://www.spesati.com/wine-beer-and-spirits/red-wine">Red wine</a>
                        </li>
                        <li>
                            <a class="estDynamic" href="https://www.spesati.com/wine-beer-and-spirits/specialty-wine">Special wine</a>
                        </li>
                        <li>
                            <a class="estDynamic" href="https://www.spesati.com/wine-beer-and-spirits/sparkling-wine">Sparkling wine</a>
                        </li>
                        <li>
                            <a class="estDynamic" href="https://www.spesati.com/wine-beer-and-spirits/vermentino-wine">Vermentino wine</a>
                        </li>
                    </ul>
                </li>
                <li>
                    <img src="http://cdn.spesati.com/images/menu/water-and-drinks.png"/>
                    Water and drinks                    <i class="fa fa-angle-down" aria-hidden="true"></i>
                    <ul class="sub-menu">
                        <li>
                            <a class="estDynamic" href="https://www.spesati.com/water-and-drinks/san-martino">San Martino</a>
                        </li>
                        <li>
                            <a class="estDynamic" href="https://www.spesati.com/water-and-drinks/water">Water</a>
                        </li>
                        <li>
                            <a class="estDynamic" href="https://www.spesati.com/water-and-drinks/alpro">Alpro</a>
                        </li>
                        <li>
                            <a class="estDynamic" href="https://www.spesati.com/water-and-drinks/fizzy-drinks">Fizzy drinks</a>
                        </li>
                        <li>
                            <a class="estDynamic" href="https://www.spesati.com/water-and-drinks/coca-cola">Coca-Cola</a>
                        </li>
                        <li>
                            <a class="estDynamic" href="https://www.spesati.com/water-and-drinks/energy-drink">Energy drink</a>
                        </li>
                        <li>
                            <a class="estDynamic" href="https://www.spesati.com/water-and-drinks/syrups">Syrups</a>
                        </li>
                        <li>
                            <a class="estDynamic" href="https://www.spesati.com/water-and-drinks/supplements">Supplements</a>
                        </li>
                        <li>
                            <a class="estDynamic" href="https://www.spesati.com/water-and-drinks/instant-drinks">Instant drinks</a>
                        </li>
                        <li>
                            <a class="estDynamic" href="https://www.spesati.com/water-and-drinks/juice">Juice</a>
                        </li>
                        <li>
                            <a class="estDynamic" href="https://www.spesati.com/water-and-drinks/tea">Tea</a>
                        </li>
                    </ul>
                </li>
                <li>
                    <img src="http://cdn.spesati.com/images/menu/sweets.png"/>
                    Sweets                    <i class="fa fa-angle-down" aria-hidden="true"></i>
                    <ul class="sub-menu">
                        <li>
                            <a class="estDynamic" href="https://www.spesati.com/sweets/bars-and-snacks">Bars and snacks</a>
                        </li>
                        <li>
                            <a class="estDynamic" href="https://www.spesati.com/sweets/biscuits">Biscuits</a>
                        </li>
                        <li>
                            <a class="estDynamic" href="https://www.spesati.com/sweets/brioches">Brioches</a>
                        </li>
                        <li>
                            <a class="estDynamic" href="https://www.spesati.com/sweets/candy-and-chewing-gum">Candy and chewing gum</a>
                        </li>
                        <li>
                            <a class="estDynamic" href="https://www.spesati.com/sweets/cereals">Cereals</a>
                        </li>
                        <li>
                            <a class="estDynamic" href="https://www.spesati.com/sweets/chocolate">Chocolate</a>
                        </li>
                        <li>
                            <a class="estDynamic" href="https://www.spesati.com/sweets/spreadable-creams">Spreads</a>
                        </li>
                        <li>
                            <a class="estDynamic" href="https://www.spesati.com/sweets/dessert-toppings">Dessert toppings</a>
                        </li>
                        <li>
                            <a class="estDynamic" href="https://www.spesati.com/sweets/jam">Jam</a>
                        </li>
                        <li>
                            <a class="estDynamic" href="https://www.spesati.com/sweets/honey">Honey</a>
                        </li>
                        <li>
                            <a class="estDynamic" href="https://www.spesati.com/sweets/panettoni-and-pandoro">Panettone and pandoro</a>
                        </li>
                        <li>
                            <a class="estDynamic" href="https://www.spesati.com/sweets/pastry">Pastry</a>
                        </li>
                        <li>
                            <a class="estDynamic" href="https://www.spesati.com/sweets/instant-dessert">Prepared</a>
                        </li>
                        <li>
                            <a class="estDynamic" href="https://www.spesati.com/sweets/cakes-and-pies">Cakes and pies</a>
                        </li>
                        <li>
                            <a class="estDynamic" href="https://www.spesati.com/sweets/easter-eggs-and-doves">Easter eggs and doves</a>
                        </li>
                    </ul>
                </li>
                <li>
                    <img src="http://cdn.spesati.com/images/menu/shelf.png"/>
                    Cupboard                    <i class="fa fa-angle-down" aria-hidden="true"></i>
                    <ul class="sub-menu">
                        <li>
                            <a class="estDynamic" href="https://www.spesati.com/shelf/coffee">Coffee</a>
                        </li>
                        <li>
                            <a class="estDynamic" href="https://www.spesati.com/shelf/gift-baskets">Gift baskets</a>
                        </li>
                        <li>
                            <a class="estDynamic" href="https://www.spesati.com/shelf/stock-cubes">Nuts and preparations</a>
                        </li>
                        <li>
                            <a class="estDynamic" href="https://www.spesati.com/shelf/flour-and-baking">Flour and baking</a>
                        </li>
                        <li>
                            <a class="estDynamic" href="https://www.spesati.com/shelf/milk">Milk</a>
                        </li>
                        <li>
                            <a class="estDynamic" href="https://www.spesati.com/shelf/oil-salt-vinegar">Oil, vinegar and salt</a>
                        </li>
                        <li>
                            <a class="estDynamic" href="https://www.spesati.com/shelf/cream-and-bechamel">Cream and bechamel</a>
                        </li>
                        <li>
                            <a class="estDynamic" href="https://www.spesati.com/shelf/crisps-and-pretzels">Crisps and pretzels</a>
                        </li>
                        <li>
                            <a class="estDynamic" href="https://www.spesati.com/shelf/baby-and-infants-products">Early childhood products</a>
                        </li>
                        <li>
                            <a class="estDynamic" href="https://www.spesati.com/shelf/rice">Rice</a>
                        </li>
                        <li>
                            <a class="estDynamic" href="https://www.spesati.com/shelf/tins-and-preserves">Tins and Preserves</a>
                        </li>
                        <li>
                            <a class="estDynamic" href="https://www.spesati.com/shelf/spices">Spices</a>
                        </li>
                        <li>
                            <a class="estDynamic" href="https://www.spesati.com/shelf/sauces">Sauces</a>
                        </li>
                        <li>
                            <a class="estDynamic" href="https://www.spesati.com/shelf/tea-and-infusions">Tea and infusions</a>
                        </li>
                        <li>
                            <a class="estDynamic" href="https://www.spesati.com/shelf/eggs">Eggs</a>
                        </li>
                        <li>
                            <a class="estDynamic" href="https://www.spesati.com/shelf/sugar-and-sweeteners">Sugar and sweeteners</a>
                        </li>
                    </ul>
                </li>
                <li>
                    <img src="http://cdn.spesati.com/images/menu/personal-care.png"/>
                    Personal care                    <i class="fa fa-angle-down" aria-hidden="true"></i>
                    <ul class="sub-menu">
                        <li>
                            <a class="estDynamic" href="https://www.spesati.com/personal-care/accessories-and-cotton">Accessories and cotton</a>
                        </li>
                        <li>
                            <a class="estDynamic" href="https://www.spesati.com/personal-care/feminine-care-incontinence-and-baby-diapers">Feminine incontinence and diapers</a>
                        </li>
                        <li>
                            <a class="estDynamic" href="https://www.spesati.com/personal-care/shower-gel">Shower gel</a>
                        </li>
                        <li>
                            <a class="estDynamic" href="https://www.spesati.com/personal-care/creams">Creams</a>
                        </li>
                        <li>
                            <a class="estDynamic" href="https://www.spesati.com/personal-care/deodorant">Deodorant</a>
                        </li>
                        <li>
                            <a class="estDynamic" href="https://www.spesati.com/personal-care/hair-removal">Hair removal</a>
                        </li>
                        <li>
                            <a class="estDynamic" href="https://www.spesati.com/personal-care/disinfectants">Disinfectants</a>
                        </li>
                        <li>
                            <a class="estDynamic" href="https://www.spesati.com/personal-care/oral-hygiene">Oral hygiene</a>
                        </li>
                        <li>
                            <a class="estDynamic" href="https://www.spesati.com/personal-care/supplements-and-multivitamins">Supplements and multivitamins</a>
                        </li>
                        <li>
                            <a class="estDynamic" href="https://www.spesati.com/personal-care/first-aid">First aid label</a>
                        </li>
                        <li>
                            <a class="estDynamic" href="https://www.spesati.com/personal-care/beard-products">Beard products</a>
                        </li>
                        <li>
                            <a class="estDynamic" href="https://www.spesati.com/personal-care/hairs-products">Hair products</a>
                        </li>
                        <li>
                            <a class="estDynamic" href="https://www.spesati.com/personal-care/perfume">Perfumes</a>
                        </li>
                        <li>
                            <a class="estDynamic" href="https://www.spesati.com/personal-care/wipes">Wipes</a>
                        </li>
                        <li>
                            <a class="estDynamic" href="https://www.spesati.com/personal-care/soaps-and-body-wash">Soaps and body wash</a>
                        </li>
                        <li>
                            <a class="estDynamic" href="https://www.spesati.com/personal-care/shampoo-and-conditioner">Shampoo and conditioner</a>
                        </li>
                    </ul>
                </li>
                <li>
                    <img src="http://cdn.spesati.com/images/menu/pellet-and-home.png"/>
                    Home and outdoors                    <i class="fa fa-angle-down" aria-hidden="true"></i>
                    <ul class="sub-menu">
                        <li>
                            <a class="estDynamic" href="https://www.spesati.com/household-and-outdoors/distilled-water">Distilled water</a>
                        </li>
                        <li>
                            <a class="estDynamic" href="https://www.spesati.com/household-and-outdoors/car-products">Cars</a>
                        </li>
                        <li>
                            <a class="estDynamic" href="https://www.spesati.com/household-and-outdoors/bin-bags-and-buckets">Bin bags and buckets</a>
                        </li>
                        <li>
                            <a class="estDynamic" href="https://www.spesati.com/household-and-outdoors/bleach-and-stain-removers">Bleach and stain removers</a>
                        </li>
                        <li>
                            <a class="estDynamic" href="https://www.spesati.com/household-and-outdoors/candles">Candles</a>
                        </li>
                        <li>
                            <a class="estDynamic" href="https://www.spesati.com/household-and-outdoors/kitchen-roll">Kitchen roll</a>
                        </li>
                        <li>
                            <a class="estDynamic" href="https://www.spesati.com/household-and-outdoors/air-fresheners">Air fresheners</a>
                        </li>
                        <li>
                            <a class="estDynamic" href="https://www.spesati.com/household-and-outdoors/laundry-accessories-and-detergent">Laundry detergent</a>
                        </li>
                        <li>
                            <a class="estDynamic" href="https://www.spesati.com/household-and-outdoors/dishwasher-and-washing-up">Dishwasher and washing up</a>
                        </li>
                        <li>
                            <a class="estDynamic" href="https://www.spesati.com/household-and-outdoors/gardening">Gardening</a>
                        </li>
                        <li>
                            <a class="estDynamic" href="https://www.spesati.com/household-and-outdoors/light-bulbs-and-batteries">Lightbulbs and batteries</a>
                        </li>
                        <li>
                            <a class="estDynamic" href="https://www.spesati.com/household-and-outdoors/pellet-and-bbq">Pellet and BBQ</a>
                        </li>
                        <li>
                            <a class="estDynamic" href="https://www.spesati.com/household-and-outdoors/bathroom-products">Bathroom products</a>
                        </li>
                        <li>
                            <a class="estDynamic" href="https://www.spesati.com/household-and-outdoors/home-and-furniture-products">Home and furniture products</a>
                        </li>
                        <li>
                            <a class="estDynamic" href="https://www.spesati.com/household-and-outdoors/kitchen-products">Kitchen products</a>
                        </li>
                        <li>
                            <a class="estDynamic" href="https://www.spesati.com/household-and-outdoors/window-and-floor-cleaners">Window and floor cleaner</a>
                        </li>
                        <li>
                            <a class="estDynamic" href="https://www.spesati.com/household-and-outdoors/repellents">Repellents</a>
                        </li>
                        <li>
                            <a class="estDynamic" href="https://www.spesati.com/household-and-outdoors/disposable-tableware">Disposable tableware</a>
                        </li>
                    </ul>
                </li>
                <li>
                    <img src="http://cdn.spesati.com/images/menu/animals.png"/>
                    Pets                    <i class="fa fa-angle-down" aria-hidden="true"></i>
                    <ul class="sub-menu">
                        <li>
                            <a class="estDynamic" href="https://www.spesati.com/pets/pet-food-other-animals">Other animals pet food</a>
                        </li>
                        <li>
                            <a class="estDynamic" href="https://www.spesati.com/pets/pet-food-dogs">Pet food dogs</a>
                        </li>
                        <li>
                            <a class="estDynamic" href="https://www.spesati.com/pets/pet-food-cats">Pet food cats</a>
                        </li>
                        <li>
                            <a class="estDynamic" href="https://www.spesati.com/pets/hygiene-and-cleaning">Hygiene and cleaning</a>
                        </li>
                    </ul>
                </li>
                <li>
                    <img src="http://cdn.spesati.com/images/menu/technology.png"/>
                    Technology                    <i class="fa fa-angle-down" aria-hidden="true"></i>
                    <ul class="sub-menu">
                        <li>
                            <a class="estDynamic" href="https://www.spesati.com/technology/accessories">Accessories</a>
                        </li>
                        <li>
                            <a class="estDynamic" href="https://www.spesati.com/technology/computer">Computer</a>
                        </li>
                        <li>
                            <a class="estDynamic" href="https://www.spesati.com/technology/telephones">Telephones</a>
                        </li>
                        <li>
                            <a class="estDynamic" href="https://www.spesati.com/technology/tv">TV</a>
                        </li>
                    </ul>
                </li>
                <li>
                    <img src="http://cdn.spesati.com/images/menu/gluten-free.png"/>
                    Gluten free                    <i class="fa fa-angle-down" aria-hidden="true"></i>
                    <ul class="sub-menu">
                        <li>
                            <a class="estDynamic" href="https://www.spesati.com/gluten-free/frozen-foods">Frozen foods</a>
                        </li>
                        <li>
                            <a class="estDynamic" href="https://www.spesati.com/gluten-free/beer">Beer</a>
                        </li>
                        <li>
                            <a class="estDynamic" href="https://www.spesati.com/gluten-free/sweets">Sweets</a>
                        </li>
                        <li>
                            <a class="estDynamic" href="https://www.spesati.com/gluten-free/bread-and-pasta">Bread and pasta</a>
                        </li>
                        <li>
                            <a class="estDynamic" href="https://www.spesati.com/gluten-free/shelf">Cupboard</a>
                        </li>
                    </ul>
                </li>
                <li>
                    <img src="http://cdn.spesati.com/images/menu/lactose-free.png"/>
                    Lactose free                    <i class="fa fa-angle-down" aria-hidden="true"></i>
                    <ul class="sub-menu">
                        <li>
                            <a class="estDynamic" href="https://www.spesati.com/lactose-free/frozen-foods">Frozen foods</a>
                        </li>
                        <li>
                            <a class="estDynamic" href="https://www.spesati.com/lactose-free/sweets">Sweets</a>
                        </li>
                        <li>
                            <a class="estDynamic" href="https://www.spesati.com/lactose-free/dairy-product">Dairy product</a>
                        </li>
                        <li>
                            <a class="estDynamic" href="https://www.spesati.com/lactose-free/shelf">Cupboard</a>
                        </li>
                    </ul>
                </li>
                <li>
                    <img src="http://cdn.spesati.com/images/menu/special.png"/>
                    Special                    <i class="fa fa-angle-down" aria-hidden="true"></i>
                    <ul class="sub-menu">
                        <li>
                            <a class="estDynamic" href="https://www.spesati.com/special/alpro">Alpro</a>
                        </li>
                        <li>
                            <a class="estDynamic" href="https://www.spesati.com/special/organic">Biological</a>
                        </li>
                        <li>
                            <a class="estDynamic" href="https://www.spesati.com/special/meat">Meat</a>
                        </li>
                        <li>
                            <a class="estDynamic" href="https://www.spesati.com/special/wholegrain">Wholegrain</a>
                        </li>
                        <li>
                            <a class="estDynamic" href="https://www.spesati.com/special/bread-and-pasta">Bread and pasta</a>
                        </li>
                        <li>
                            <a class="estDynamic" href="https://www.spesati.com/special/vegan">Vegan</a>
                        </li>
                    </ul>
                </li>
                <li>
                    <img src="http://cdn.spesati.com/images/menu/sardinian-products.png"/>
                    Sardinian products                    <i class="fa fa-angle-down" aria-hidden="true"></i>
                    <ul class="sub-menu">
                        <li>
                            <a class="estDynamic" href="https://www.spesati.com/sardinian-products/drinks">Drinks</a>
                        </li>
                        <li>
                            <a class="estDynamic" href="https://www.spesati.com/sardinian-products/meat">Meat</a>
                        </li>
                        <li>
                            <a class="estDynamic" href="https://www.spesati.com/sardinian-products/sweets">Sweets</a>
                        </li>
                        <li>
                            <a class="estDynamic" href="https://www.spesati.com/sardinian-products/fruit-and-vegetables">Fruit and vegetables</a>
                        </li>
                        <li>
                            <a class="estDynamic" href="https://www.spesati.com/sardinian-products/ichnusa">Ichnusa</a>
                        </li>
                        <li>
                            <a class="estDynamic" href="https://www.spesati.com/sardinian-products/dairy-product">Dairy product</a>
                        </li>
                        <li>
                            <a class="estDynamic" href="https://www.spesati.com/sardinian-products/bread-and-pasta">Bread and pasta</a>
                        </li>
                        <li>
                            <a class="estDynamic" href="https://www.spesati.com/sardinian-products/fish">Fish</a>
                        </li>
                        <li>
                            <a class="estDynamic" href="https://www.spesati.com/sardinian-products/cured-meat">Cured meat</a>
                        </li>
                        <li>
                            <a class="estDynamic" href="https://www.spesati.com/sardinian-products/shelf">Cupboard</a>
                        </li>
                        <li>
                            <a class="estDynamic" href="https://www.spesati.com/sardinian-products/vermentino-wine">Vermentino wine</a>
                        </li>
                        <li>
                            <a class="estDynamic" href="https://www.spesati.com/sardinian-products/wine-beer-and-spirits">Wine beer and spirits</a>
                        </li>
                    </ul>
                </li>
            </ul>
        </li>
        <li>
            <a href="https://www.spesati.com/about">About</a>
        </li>
        <li>
            <a href="https://www.spesati.com/faq">Faq</a>
        </li>
        <li>
            <a href="https://www.spesati.com/customer-care">Support</a>
        </li>
        <li>
            <a href="https://www.spesati.com/news">Blog</a>
        </li>
        <li>
            <a href="https://www.spesati.com/terms-and-conditions">Conditions</a>
        </li>
        <li>
            <a href="https://www.spesati.com/privacy-policy">Privacy policy</a>
        </li>
        <li>
            <a href="https://www.spesati.com/login">Login</a>
        </li>
        <li>
             <a href="https://www.spesati.com/sign-up">Sign up</a>
        </li>
    </ul>
</div><section class="first">
    <div id="menuCategories" class="colLeft">
    <ul id="main_nav" >
        <li>
            <a class="estDynamic" href="https://www.spesati.com/on-offer">
               <img src="http://cdn.spesati.com/images/menu/on-sale.png"/>
               On sale            </a>
            <i class="fa fa-angle-right" aria-hidden="true"></i>
            <ul class="sub-menu">
                <li>
    <a href="https://www.spesati.com/tacchino-fesa-a-fette" class="estDynamic">Tacchino Fesa A Fette</a>
</li><li>
    <a href="https://www.spesati.com/amaro-montenegro-15lt" class="estDynamic">Amaro Montenegro 1,5lt</a>
</li><li>
    <a href="https://www.spesati.com/carbone-di-legna-sacco-10kg" class="estDynamic">Carbone Di Legna Sacco 10Kg</a>
</li><li>
    <a href="https://www.spesati.com/filu-e-ferru-silvio-carta-70cl" class="estDynamic">Filu E Ferru Silvio Carta 70Cl</a>
</li><li>
    <a href="https://www.spesati.com/braciole-suino-con-cotenna" class="estDynamic">Braciole Suino Con Cotenna</a>
</li><li>
    <a href="https://www.spesati.com/bovino-adulto-polpa" class="estDynamic">Bovino Adulto Polpa</a>
</li><li>
    <a href="https://www.spesati.com/vino-la-palma-cannonau-le-bombarde" class="estDynamic">Vino La Palma Cannonau Le Bombarde</a>
</li><li>
    <a href="https://www.spesati.com/fettine-sceltissime-bovino-adulto" class="estDynamic">Fettine Sceltissime Bovino Adulto</a>
</li><li>
    <a href="https://www.spesati.com/suino-fettine-scelte" class="estDynamic">Suino Fettine Scelte</a>
</li><li>
    <a href="https://www.spesati.com/lavazza-caffe-qualita-rossa-2x250gr" class="estDynamic">Lavazza Caffé Qualità Rossa 2x250gr</a>
</li>                <li>
                    <a class="estDynamic" href="https://www.spesati.com/on-offer">All products on sale</a>
                </li>
            </ul>
        </li>
        <li>
            <a class="estDynamic" href="https://www.spesati.com/gift">
               <img src="http://cdn.spesati.com/images/menu/gift.png"/>
               Gifts            </a>
            <i class="fa fa-angle-right" aria-hidden="true"></i>
            <ul class="sub-menu">
                <li>
    <a href="https://www.spesati.com/gift-card-da-150" class="estDynamic">Gift Card Da 150</a>
</li><li>
    <a href="https://www.spesati.com/gift-card-da-100" class="estDynamic">Gift Card Da 100</a>
</li><li>
    <a href="https://www.spesati.com/gift-card-da-50" class="estDynamic">Gift Card Da 50</a>
</li><li>
    <a href="https://www.spesati.com/gift-card-da-25" class="estDynamic">Gift Card Da 25</a>
</li>                <li>
                    <a class="estDynamic" href="https://www.spesati.com/gift">All products in the gifts category</a>
                </li>
            </ul>
        </li>
        <li>
            <a class="estDynamic" href="https://www.spesati.com/gift-card">
               <img src="http://cdn.spesati.com/images/menu/gift-card.png"/>
               Gift card and discounts            </a>
            <i class="fa fa-angle-right" aria-hidden="true"></i>
            <ul class="sub-menu">
                <li>
    <a href="https://www.spesati.com/gift-card-da-150">Gift Card Da 150</a>
</li><li>
    <a href="https://www.spesati.com/gift-card-da-100">Gift Card Da 100</a>
</li><li>
    <a href="https://www.spesati.com/gift-card-da-50">Gift Card Da 50</a>
</li><li>
    <a href="https://www.spesati.com/gift-card-da-25">Gift Card Da 25</a>
</li>            </ul>
        </li>
        <li>
            <a class="estDynamic" href="https://www.spesati.com/fruit-and-vegetables">
               <img src="http://cdn.spesati.com/images/menu/fuit-and-vegetables.png"/>
               Fruit and vegetables           </a>
            <i class="fa fa-angle-right" aria-hidden="true"></i>
            <ul class="sub-menu">
                <li>
                    <a class="estDynamic" href="https://www.spesati.com/fruit-and-vegetables/pulses-and-beans">Cereals and pulses and beans</a>
                </li>
                <li>
                    <a class="estDynamic" href="https://www.spesati.com/fruit-and-vegetables/fruit">Fruit</a>
                </li>
                <li>
                    <a class="estDynamic" href="https://www.spesati.com/fruit-and-vegetables/canned-fruit">Canned fruit</a>
                </li>
                <li>
                    <a class="estDynamic" href="https://www.spesati.com/fruit-and-vegetables/dried-fruit">Dried fruit</a>
                </li>
                <li>
                    <a class="estDynamic" href="https://www.spesati.com/fruit-and-vegetables/ready-salads">Ready salads</a>
                </li>
                <li>
                    <a class="estDynamic" href="https://www.spesati.com/fruit-and-vegetables/fresh-spices">Fresh spices</a>
                </li>
                <li>
                    <a class="estDynamic" href="https://www.spesati.com/fruit-and-vegetables/vegetables">Vegetables and soy</a>
                </li>
            </ul>
        </li>
        <li>
            <a class="estDynamic" href="https://www.spesati.com/fresh-products">
                <img src="http://cdn.spesati.com/images/menu/fresh-products.png"/>
                Fresh products            </a>
            <i class="fa fa-angle-right" aria-hidden="true"></i>
            <ul class="sub-menu">
                <li>
                    <a class="estDynamic" href="https://www.spesati.com/fresh-products/margarine-and-butter">Butter and margarine</a>
                </li>
                <li>
                    <a class="estDynamic" href="https://www.spesati.com/fresh-products/danone">Danone</a>
                </li>
                <li>
                    <a class="estDynamic" href="https://www.spesati.com/fresh-products/dessert">Dessert</a>
                </li>
                <li>
                    <a class="estDynamic" href="https://www.spesati.com/fresh-products/sweets">Sweets</a>
                </li>
                <li>
                    <a class="estDynamic" href="https://www.spesati.com/fresh-products/dairy-products">Dairy product</a>
                </li>
                <li>
                    <a class="estDynamic" href="https://www.spesati.com/fresh-products/bakery">Yeast</a>
                </li>
                <li>
                    <a class="estDynamic" href="https://www.spesati.com/fresh-products/mascarpone">Mascarpone</a>
                </li>
                <li>
                    <a class="estDynamic" href="https://www.spesati.com/fresh-products/snacks">Snacks</a>
                </li>
                <li>
                    <a class="estDynamic" href="https://www.spesati.com/fresh-products/mozzarella">Mozzarella</a>
                </li>
                <li>
                    <a class="estDynamic" href="https://www.spesati.com/fresh-products/pasta">Pasta</a>
                </li>
                <li>
                    <a class="estDynamic" href="https://www.spesati.com/fresh-products/pesto-and-sauces">Pesto and sauces</a>
                </li>
                <li>
                    <a class="estDynamic" href="https://www.spesati.com/fresh-products/ricotta-and-cheese">Ricotta and cheese</a>
                </li>
                <li>
                    <a class="estDynamic" href="https://www.spesati.com/fresh-products/cured-meat">Cured meat</a>
                </li>
                <li>
                    <a class="estDynamic" href="https://www.spesati.com/fresh-products/wurstel">Würstel</a>
                </li>
                <li>
                    <a class="estDynamic" href="https://www.spesati.com/fresh-products/yogurt">Yogurt</a>
                </li>
            </ul>
        </li>
        <li>
            <a class="estDynamic" href="https://www.spesati.com/frozen-foods">
                <img src="http://cdn.spesati.com/images/menu/frozen-foods.png"/>
                Frozen foods            </a>
            <i class="fa fa-angle-right" aria-hidden="true"></i>
            <ul class="sub-menu">
                <li>
                    <a class="estDynamic" href="https://www.spesati.com/frozen-foods/meat">Meat</a>
                </li>
                <li>
                    <a class="estDynamic" href="https://www.spesati.com/frozen-foods/ice-creams">Ice cream and sweet</a>
                </li>
                <li>
                    <a class="estDynamic" href="https://www.spesati.com/frozen-foods/pasta">Pasta</a>
                </li>
                <li>
                    <a class="estDynamic" href="https://www.spesati.com/frozen-foods/fish">Fish</a>
                </li>
                <li>
                    <a class="estDynamic" href="https://www.spesati.com/frozen-foods/ready-meals">Ready meals</a>
                </li>
                <li>
                    <a class="estDynamic" href="https://www.spesati.com/frozen-foods/pizzas">Pizzas</a>
                </li>
                <li>
                    <a class="estDynamic" href="https://www.spesati.com/frozen-foods/vegetables">Vegetables and soy</a>
                </li>
            </ul>
        </li>
        <li>
            <a class="estDynamic" href="https://www.spesati.com/bread-and-pasta">
                <img src="http://cdn.spesati.com/images/menu/bread-and-pasta.png"/>
                Bread and pasta            </a>
            <i class="fa fa-angle-right" aria-hidden="true"></i>
            <ul class="sub-menu">
                <li>
                    <a class="estDynamic" href="https://www.spesati.com/bread-and-pasta/crackers">Crackers</a>
                </li>
                <li>
                    <a class="estDynamic" href="https://www.spesati.com/bread-and-pasta/rusks">Rusks</a>
                </li>
                <li>
                    <a class="estDynamic" href="https://www.spesati.com/bread-and-pasta/white-bread">White bread</a>
                </li>
                <li>
                    <a class="estDynamic" href="https://www.spesati.com/bread-and-pasta/local-bread">Local bread</a>
                </li>
                <li>
                    <a class="estDynamic" href="https://www.spesati.com/bread-and-pasta/soft-bread">Soft bread</a>
                </li>
                <li>
                    <a class="estDynamic" href="https://www.spesati.com/bread-and-pasta/sardinian-bread">Sardinian bread</a>
                </li>
                <li>
                    <a class="estDynamic" href="https://www.spesati.com/bread-and-pasta/bakery">Bakery</a>
                </li>
                <li>
                    <a class="estDynamic" href="https://www.spesati.com/bread-and-pasta/pasta">Pasta</a>
                </li>
                <li>
                    <a class="estDynamic" href="https://www.spesati.com/bread-and-pasta/fresh-pasta">Fresh pasta</a>
                </li>
            </ul>
        </li>
        <li>
            <a class="estDynamic" href="https://www.spesati.com/meat">
                <img src="http://cdn.spesati.com/images/menu/meat.png"/>
                Meat            </a>
            <i class="fa fa-angle-right" aria-hidden="true"></i>
            <ul class="sub-menu">
                <li>
                    <a class="estDynamic" href="https://www.spesati.com/meat/beef">Beef</a>
                </li>
                <li>
                    <a class="estDynamic" href="https://www.spesati.com/meat/goat">Goat</a>
                </li>
                <li>
                    <a class="estDynamic" href="https://www.spesati.com/meat/packaged-meat">Packaged meat</a>
                </li>
                <li>
                    <a class="estDynamic" href="https://www.spesati.com/meat/rabbit">Rabbit</a>
                </li>
                <li>
                    <a class="estDynamic" href="https://www.spesati.com/meat/horse">Horse</a>
                </li>
                <li>
                    <a class="estDynamic" href="https://www.spesati.com/meat/pork">Pork</a>
                </li>
                <li>
                    <a class="estDynamic" href="https://www.spesati.com/meat/lamb">Lamb</a>
                </li>
                <li>
                    <a class="estDynamic" href="https://www.spesati.com/meat/poultry">Poultry</a>
                </li>
            </ul>
        </li>
        <li>
            <a class="estDynamic" href="https://www.spesati.com/fish">
                <img src="http://cdn.spesati.com/images/menu/fish.png"/>
                Fish            </a>
            <i class="fa fa-angle-right" aria-hidden="true"></i>
            <ul class="sub-menu">
                <li>
                    <a class="estDynamic" href="https://www.spesati.com/fish/fresh-water">Fresh water</a>
                </li>
                <li>
                    <a class="estDynamic" href="https://www.spesati.com/fish/salt-water">Salt water</a>
                </li>
                <li>
                    <a class="estDynamic" href="https://www.spesati.com/fish/mussels">Mussels</a>
                </li>
                <li>
                    <a class="estDynamic" href="https://www.spesati.com/fish/dried-and-salted">Dried and salted</a>
                </li>
                <li>
                    <a class="estDynamic" href="https://www.spesati.com/fish/seafood-salad">Seafood salad</a>
                </li>
                <li>
                    <a class="estDynamic" href="https://www.spesati.com/fish/prepared">Prepared</a>
                </li>
                <li>
                    <a class="estDynamic" href="https://www.spesati.com/fish/specialty">Specialty</a>
                </li>   
                <li>
                    <a class="estDynamic" href="https://www.spesati.com/fish/tuna-and-salmon">Tuna and salmon</a>
                </li>
            </ul>
        </li>
        <li>
            <a class="estDynamic" href="https://www.spesati.com/wine-beer-and-spirits">
                <img src="http://cdn.spesati.com/images/menu/alcohol.png"/>
                Wine beer and spirits            </a>
            <i class="fa fa-angle-right" aria-hidden="true"></i>
            <ul class="sub-menu">
                <li>
                    <a class="estDynamic" href="https://www.spesati.com/wine-beer-and-spirits/spirits-and-liquors">Alcohol</a>
                </li>
                <li>
                    <a class="estDynamic" href="https://www.spesati.com/wine-beer-and-spirits/bitters">Bitters</a>
                </li>
                <li>
                    <a class="estDynamic" href="https://www.spesati.com/wine-beer-and-spirits/aperatif">Aperatifs</a>
                </li>
                <li>
                    <a class="estDynamic" href="https://www.spesati.com/wine-beer-and-spirits/beer">Beer</a>
                </li>
                <li>
                    <a class="estDynamic" href="https://www.spesati.com/wine-beer-and-spirits/creams">Creams</a>
                </li>
                <li>
                    <a class="estDynamic" href="https://www.spesati.com/wine-beer-and-spirits/spirits">Spirits</a>
                </li>
                <li>
                    <a class="estDynamic" href="https://www.spesati.com/wine-beer-and-spirits/liquors">Liquors</a>
                </li>
                <li>
                    <a class="estDynamic" href="https://www.spesati.com/wine-beer-and-spirits/white-wine">White wine</a>
                </li>
                <li>
                    <a class="estDynamic" href="https://www.spesati.com/wine-beer-and-spirits/prosecco-wine">Prosecco wine</a>
                </li>
                <li>
                    <a class="estDynamic" href="https://www.spesati.com/wine-beer-and-spirits/rose-wine">Rose wine</a>
                </li>
                <li>
                    <a class="estDynamic" href="https://www.spesati.com/wine-beer-and-spirits/red-wine">Red wine</a>
                </li>
                <li>
                    <a class="estDynamic" href="https://www.spesati.com/wine-beer-and-spirits/specialty-wine">Special wine</a>
                </li>
                <li>
                    <a class="estDynamic" href="https://www.spesati.com/wine-beer-and-spirits/sparkling-wine">Sparkling wine</a>
                </li>
                <li>
                    <a class="estDynamic" href="https://www.spesati.com/wine-beer-and-spirits/vermentino-wine">Vermentino wine</a>
                </li>
            </ul>
        </li>
        <li>
            <a class="estDynamic" href="https://www.spesati.com/water-and-drinks">
                <img src="http://cdn.spesati.com/images/menu/water-and-drinks.png"/>
                Water and drinks            </a>
            <i class="fa fa-angle-right" aria-hidden="true"></i>
            <ul class="sub-menu">
                <li>
                    <a class="estDynamic" href="https://www.spesati.com/water-and-drinks/san-martino">San Martino</a>
                </li>
                <li>
                    <a class="estDynamic" href="https://www.spesati.com/water-and-drinks/water">Water</a>
                </li>
                <li>
                    <a class="estDynamic" href="https://www.spesati.com/water-and-drinks/alpro">Alpro</a>
                </li>
                <li>
                    <a class="estDynamic" href="https://www.spesati.com/water-and-drinks/fizzy-drinks">Fizzy drinks</a>
                </li>
                <li>
                    <a class="estDynamic" href="https://www.spesati.com/water-and-drinks/coca-cola">Coca-Cola</a>
                </li>
                <li>
                    <a class="estDynamic" href="https://www.spesati.com/water-and-drinks/energy-drink">Energy drink</a>
                </li>
                <li>
                    <a class="estDynamic" href="https://www.spesati.com/water-and-drinks/syrups">Syrups</a>
                </li>
                <li>
                    <a class="estDynamic" href="https://www.spesati.com/water-and-drinks/supplements">Supplements</a>
                </li>
                <li>
                    <a class="estDynamic" href="https://www.spesati.com/water-and-drinks/instant-drinks">Instant drinks</a>
                </li>
                <li>
                    <a class="estDynamic" href="https://www.spesati.com/water-and-drinks/juice">Juice</a>
                </li>
                <li>
                    <a class="estDynamic" href="https://www.spesati.com/water-and-drinks/tea">Tea</a>
                </li>
            </ul>
        </li>
        <li>
            <a class="estDynamic" href="https://www.spesati.com/sweets">
                <img src="http://cdn.spesati.com/images/menu/sweets.png"/>
                Sweets            </a>
            <i class="fa fa-angle-right" aria-hidden="true"></i>
            <ul class="sub-menu">
                <li>
                    <a class="estDynamic" href="https://www.spesati.com/sweets/bars-and-snacks">Bars and snacks</a>
                </li>
                <li>
                    <a class="estDynamic" href="https://www.spesati.com/sweets/biscuits">Biscuits</a>
                </li>
                <li>
                    <a class="estDynamic" href="https://www.spesati.com/sweets/brioches">Brioches</a>
                </li>
                <li>
                    <a class="estDynamic" href="https://www.spesati.com/sweets/candy-and-chewing-gum">Candy and chewing gum</a>
                </li>
                <li>
                    <a class="estDynamic" href="https://www.spesati.com/sweets/cereals">Cereals</a>
                </li>
                <li>
                    <a class="estDynamic" href="https://www.spesati.com/sweets/chocolate">Chocolate</a>
                </li>
                <li>
                    <a class="estDynamic" href="https://www.spesati.com/sweets/spreadable-creams">Spreads</a>
                </li>
                <li>
                    <a class="estDynamic" href="https://www.spesati.com/sweets/dessert-toppings">Dessert toppings</a>
                </li>
                <li>
                    <a class="estDynamic" href="https://www.spesati.com/sweets/jam">Jam</a>
                </li>
                <li>
                    <a class="estDynamic" href="https://www.spesati.com/sweets/honey">Honey</a>
                </li>
                <li>
                    <a class="estDynamic" href="https://www.spesati.com/sweets/panettoni-and-pandoro">Panettone and pandoro</a>
                </li>
                <li>
                    <a class="estDynamic" href="https://www.spesati.com/sweets/pastry">Pastry</a>
                </li>
                <li>
                    <a class="estDynamic" href="https://www.spesati.com/sweets/instant-dessert">Prepared</a>
                </li>
                <li>
                    <a class="estDynamic" href="https://www.spesati.com/sweets/cakes-and-pies">Cakes and pies</a>
                </li>
                <li>
                    <a class="estDynamic" href="https://www.spesati.com/sweets/easter-eggs-and-doves">Easter eggs and doves</a>
                </li>
            </ul>
        </li>
        <li>
            <a class="estDynamic" href="https://www.spesati.com/shelf">
                <img src="http://cdn.spesati.com/images/menu/shelf.png"/>
                Cupboard            </a>
            <i class="fa fa-angle-right" aria-hidden="true"></i>
            <ul class="sub-menu">
                <li>
                    <a class="estDynamic" href="https://www.spesati.com/shelf/coffee">Coffee</a>
                </li>
                <li>
                    <a class="estDynamic" href="https://www.spesati.com/shelf/gift-baskets">Gift baskets</a>
                </li>
                <li>
                    <a class="estDynamic" href="https://www.spesati.com/shelf/stock-cubes">Nuts and preparations</a>
                </li>
                <li>
                    <a class="estDynamic" href="https://www.spesati.com/shelf/flour-and-baking">Flour and baking</a>
                </li>
                <li>
                    <a class="estDynamic" href="https://www.spesati.com/shelf/milk">Milk</a>
                </li>
                <li>
                    <a class="estDynamic" href="https://www.spesati.com/shelf/oil-salt-vinegar">Oil, vinegar and salt</a>
                </li>
                <li>
                    <a class="estDynamic" href="https://www.spesati.com/shelf/cream-and-bechamel">Cream and bechamel</a>
                </li>
                <li>
                    <a class="estDynamic" href="https://www.spesati.com/shelf/crisps-and-pretzels">Crisps and pretzels</a>
                </li>
                <li>
                    <a class="estDynamic" href="https://www.spesati.com/shelf/baby-and-infants-products">Early childhood products</a>
                </li>
                <li>
                    <a class="estDynamic" href="https://www.spesati.com/shelf/rice">Rice</a>
                </li>
                <li>
                    <a class="estDynamic" href="https://www.spesati.com/shelf/tins-and-preserves">Tins and Preserves</a>
                </li>
                <li>
                    <a class="estDynamic" href="https://www.spesati.com/shelf/spices">Spices</a>
                </li>
                <li>
                    <a class="estDynamic" href="https://www.spesati.com/shelf/sauces">Sauces</a>
                </li>
                <li>
                    <a class="estDynamic" href="https://www.spesati.com/shelf/tea-and-infusions">Tea and infusions</a>
                </li>
                <li>
                    <a class="estDynamic" href="https://www.spesati.com/shelf/eggs">Eggs</a>
                </li>
                <li>
                    <a class="estDynamic" href="https://www.spesati.com/shelf/sugar-and-sweeteners">Sugar and sweeteners</a>
                </li>
            </ul>
        </li>
        <li>
            <a class="estDynamic" href="https://www.spesati.com/personal-care">
                <img src="http://cdn.spesati.com/images/menu/personal-care.png"/>
                Personal care            </a>
            <i class="fa fa-angle-right" aria-hidden="true"></i>
            <ul class="sub-menu">
                <li>
                    <a class="estDynamic" href="https://www.spesati.com/personal-care/accessories-and-cotton">Accessories and cotton</a>
                </li>
                <li>
                    <a class="estDynamic" href="https://www.spesati.com/personal-care/feminine-care-incontinence-and-baby-diapers">Feminine incontinence and diapers</a>
                </li>
                <li>
                    <a class="estDynamic" href="https://www.spesati.com/personal-care/shower-gel">Shower gel</a>
                </li>
                <li>
                    <a class="estDynamic" href="https://www.spesati.com/personal-care/creams">Creams</a>
                </li>
                <li>
                    <a class="estDynamic" href="https://www.spesati.com/personal-care/deodorant">Deodorant</a>
                </li>
                <li>
                    <a class="estDynamic" href="https://www.spesati.com/personal-care/hair-removal">Hair removal</a>
                </li>
                <li>
                    <a class="estDynamic" href="https://www.spesati.com/personal-care/disinfectants">Disinfectants</a>
                </li>
                <li>
                    <a class="estDynamic" href="https://www.spesati.com/personal-care/oral-hygiene">Oral hygiene</a>
                </li>
                <li>
                    <a class="estDynamic" href="https://www.spesati.com/personal-care/supplements-and-multivitamins">Supplements and multivitamins</a>
                </li>
                <li>
                    <a class="estDynamic" href="https://www.spesati.com/personal-care/first-aid">First aid label</a>
                </li>
                <li>
                    <a class="estDynamic" href="https://www.spesati.com/personal-care/beard-products">Beard products</a>
                </li>
                <li>
                    <a class="estDynamic" href="https://www.spesati.com/personal-care/hairs-products">Hair products</a>
                </li>
                <li>
                    <a class="estDynamic" href="https://www.spesati.com/personal-care/perfume">Perfumes</a>
                </li>
                <li>
                    <a class="estDynamic" href="https://www.spesati.com/personal-care/wipes">Wipes</a>
                </li>
                <li>
                    <a class="estDynamic" href="https://www.spesati.com/personal-care/soaps-and-body-wash">Soaps and body wash</a>
                </li>
                <li>
                    <a class="estDynamic" href="https://www.spesati.com/personal-care/shampoo-and-conditioner">Shampoo and conditioner</a>
                </li>
            </ul>
        </li>
        <li>
            <a class="estDynamic" href="https://www.spesati.com/household-and-outdoors">
                <img src="http://cdn.spesati.com/images/menu/pellet-and-home.png"/>
                Home and outdoors 
            </a>
            <i class="fa fa-angle-right" aria-hidden="true"></i>
            <ul class="sub-menu">
                <li>
                    <a class="estDynamic" href="https://www.spesati.com/household-and-outdoors/distilled-water">Distilled water</a>
                </li>
                <li>
                    <a class="estDynamic" href="https://www.spesati.com/household-and-outdoors/car-products">Cars</a>
                </li>
                <li>
                    <a class="estDynamic" href="https://www.spesati.com/household-and-outdoors/bin-bags-and-buckets">Bin bags and buckets</a>
                </li>
                <li>
                    <a class="estDynamic" href="https://www.spesati.com/household-and-outdoors/bleach-and-stain-removers">Bleach and stain removers</a>
                </li>
                <li>
                    <a class="estDynamic" href="https://www.spesati.com/household-and-outdoors/candles">Candles</a>
                </li>
                <li>
                    <a class="estDynamic" href="https://www.spesati.com/household-and-outdoors/kitchen-roll">Kitchen roll</a>
                </li>
                <li>
                    <a class="estDynamic" href="https://www.spesati.com/household-and-outdoors/air-fresheners">Air fresheners</a>
                </li>
                <li>
                    <a class="estDynamic" href="https://www.spesati.com/household-and-outdoors/laundry-accessories-and-detergent">Laundry detergent</a>
                </li>
                <li>
                    <a class="estDynamic" href="https://www.spesati.com/household-and-outdoors/dishwasher-and-washing-up">Dishwasher and washing up</a>
                </li>
                <li>
                    <a class="estDynamic" href="https://www.spesati.com/household-and-outdoors/gardening">Gardening</a>
                </li>
                <li>
                    <a class="estDynamic" href="https://www.spesati.com/household-and-outdoors/light-bulbs-and-batteries">Lightbulbs and batteries</a>
                </li>
                <li>
                    <a class="estDynamic" href="https://www.spesati.com/household-and-outdoors/pellet-and-bbq">Pellet and BBQ</a>
                </li>
                <li>
                    <a class="estDynamic" href="https://www.spesati.com/household-and-outdoors/bathroom-products">Bathroom products</a>
                </li>
                <li>
                    <a class="estDynamic" href="https://www.spesati.com/household-and-outdoors/home-and-furniture-products">Home and furniture products</a>
                </li>
                <li>
                    <a class="estDynamic" href="https://www.spesati.com/household-and-outdoors/kitchen-products">Kitchen products</a>
                </li>
                <li>
                    <a class="estDynamic" href="https://www.spesati.com/household-and-outdoors/window-and-floor-cleaners">Window and floor cleaner</a>
                </li>
                <li>
                    <a class="estDynamic" href="https://www.spesati.com/household-and-outdoors/repellents">Repellents</a>
                </li>
                <li>
                    <a class="estDynamic" href="https://www.spesati.com/household-and-outdoors/disposable-tableware">Disposable tableware</a>
                </li>
            </ul>
        </li>
        <li>
            <a class="estDynamic" href="https://www.spesati.com/pet">
                <img src="http://cdn.spesati.com/images/menu/animals.png"/>
                Pets            </a>
            <i class="fa fa-angle-right" aria-hidden="true"></i>
            <ul class="sub-menu">
                <li>
                    <a class="estDynamic" href="https://www.spesati.com/pets/pet-food-other-animals">Other animals pet food</a>
                </li>
                <li>
                    <a class="estDynamic" href="https://www.spesati.com/pets/pet-food-dogs">Pet food dogs</a>
                </li>
                <li>
                    <a class="estDynamic" href="https://www.spesati.com/pets/pet-food-cats">Pet food cats</a>
                </li>
                <li>
                    <a class="estDynamic" href="https://www.spesati.com/pets/hygiene-and-cleaning">Hygiene and cleaning</a>
                </li>
            </ul>
        </li>
        <li>
            <a class="estDynamic" href="https://www.spesati.com/technology">
                <img src="http://cdn.spesati.com/images/menu/technology.png"/>
                Technology            </a>
            <i class="fa fa-angle-right" aria-hidden="true"></i>
            <ul class="sub-menu">
                <li>
                    <a class="estDynamic" href="https://www.spesati.com/technology/accessories">Accessories</a>
                </li>
                <li>
                    <a class="estDynamic" href="https://www.spesati.com/technology/computer">Computer</a>
                </li>
                <li>
                    <a class="estDynamic" href="https://www.spesati.com/technology/telephones">Telephones</a>
                </li>
                <li>
                    <a class="estDynamic" href="https://www.spesati.com/technology/tv">TV</a>
                </li>
            </ul>
        </li>
        <li>
            <a class="estDynamic" href="https://www.spesati.com/gluten-free">
                <img src="http://cdn.spesati.com/images/menu/gluten-free.png"/>
                Gluten free            </a>
            <i class="fa fa-angle-right" aria-hidden="true"></i>
            <ul class="sub-menu">
                <li>
                    <a class="estDynamic" href="https://www.spesati.com/gluten-free/frozen-foods">Frozen foods</a>
                </li>
                <li>
                    <a class="estDynamic" href="https://www.spesati.com/gluten-free/beer">Beer</a>
                </li>
                <li>
                    <a class="estDynamic" href="https://www.spesati.com/gluten-free/sweets">Sweets</a>
                </li>
                <li>
                    <a class="estDynamic" href="https://www.spesati.com/gluten-free/bread-and-pasta">Bread and pasta</a>
                </li>
                <li>
                    <a class="estDynamic" href="https://www.spesati.com/gluten-free/shelf">Cupboard</a>
                </li>
            </ul>
        </li>
        <li>
            <a class="estDynamic" href="https://www.spesati.com/lactose-free">
                <img src="http://cdn.spesati.com/images/menu/lactose-free.png"/>
                Lactose free            </a>
            <i class="fa fa-angle-right" aria-hidden="true"></i>
            <ul class="sub-menu">
                <li>
                    <a class="estDynamic" href="https://www.spesati.com/lactose-free/frozen-foods">Frozen foods</a>
                </li>
                <li>
                    <a class="estDynamic" href="https://www.spesati.com/lactose-free/sweets">Sweets</a>
                </li>
                <li>
                    <a class="estDynamic" href="https://www.spesati.com/lactose-free/dairy-product">Dairy product</a>
                </li>
                <li>
                    <a class="estDynamic" href="https://www.spesati.com/lactose-free/shelf">Cupboard</a>
                </li>
            </ul>
        </li>
        <li>
            <a class="estDynamic" href="https://www.spesati.com/special">
                <img src="http://cdn.spesati.com/images/menu/special.png"/>
                Special            </a>
            <i class="fa fa-angle-right" aria-hidden="true"></i>
            <ul class="sub-menu">
                <li>
                    <a class="estDynamic" href="https://www.spesati.com/special/alpro">Alpro</a>
                </li>
                <li>
                    <a class="estDynamic" href="https://www.spesati.com/special/organic">Biological</a>
                </li>
                <li>
                    <a class="estDynamic" href="https://www.spesati.com/special/meat">Meat</a>
                </li>
                <li>
                    <a class="estDynamic" href="https://www.spesati.com/special/wholegrain">Wholegrain</a>
                </li>
                <li>
                    <a class="estDynamic" href="https://www.spesati.com/special/bread-and-pasta">Bread and pasta</a>
                </li>
                <li>
                    <a class="estDynamic" href="https://www.spesati.com/special/vegan">Vegan</a>
                </li>
            </ul>
        </li>
        <li>
            <a class="estDynamic" href="https://www.spesati.com/sardinian-products">
                <img src="http://cdn.spesati.com/images/menu/sardinian-products.png"/>
                Sardinian products            </a>
            <i class="fa fa-angle-right" aria-hidden="true"></i>
            <ul class="sub-menu">
                <li>
                    <a class="estDynamic" href="https://www.spesati.com/sardinian-products/drinks">Drinks</a>
                </li>
                <li>
                    <a class="estDynamic" href="https://www.spesati.com/sardinian-products/meat">Meat</a>
                </li>
                <li>
                    <a class="estDynamic" href="https://www.spesati.com/sardinian-products/sweets">Sweets</a>
                </li>
                <li>
                    <a class="estDynamic" href="https://www.spesati.com/sardinian-products/fruit-and-vegetables">Fruit and vegetables</a>
                </li>
                <li>
                    <a class="estDynamic" href="https://www.spesati.com/sardinian-products/ichnusa">Ichnusa</a>
                </li>
                <li>
                    <a class="estDynamic" href="https://www.spesati.com/sardinian-products/dairy-product">Dairy product</a>
                </li>
                <li>
                    <a class="estDynamic" href="https://www.spesati.com/sardinian-products/bread-and-pasta">Bread and pasta</a>
                </li>
                <li>
                    <a class="estDynamic" href="https://www.spesati.com/sardinian-products/fish">Fish</a>
                </li>
                <li>
                    <a class="estDynamic" href="https://www.spesati.com/sardinian-products/cured-meat">Cured meat</a>
                </li>
                <li>
                    <a class="estDynamic" href="https://www.spesati.com/sardinian-products/shelf">Cupboard</a>
                </li>
                <li>
                    <a class="estDynamic" href="https://www.spesati.com/sardinian-products/vermentino-wine">Vermentino wine</a>
                </li>
                <li>
                    <a class="estDynamic" href="https://www.spesati.com/sardinian-products/wine-beer-and-spirits">Wine beer and spirits</a>
                </li>
            </ul>
        </li>
    </ul>
</div>    <div class="colRight">
        <div class="title mobile">
	<a href="https://www.spesati.com/shelf"><i class="fa red fa-angle-left fa-3x mobile" aria-hidden="true"></i></a>
	<h2>
		<b>
			spices		</b>
	</h2>
</div>

<div class="breadcrumb bgGrey internal">
	<p>
		<b>
			<a href="https://www.spesati.com/">Home</a>
												&gt; <a href="https://www.spesati.com/shelf">Cupboard</a>
																&gt; Spices									</b>
	</p>
	<div>
		<p>Order by</p>
		<select name="orderProd" id="orderProd">
			<option disabled="disabled" selected="selected">- Choose -</option>
			<option value="nameAsc">Name (A - Z)</option>
			<option value="nameDes">Name (Z - A)</option>
			<option value="priceHigh">Price - High to low</option>
			<option value="priceLow">Price - Low to high</option>
			<option value="soldAsc">Best Selling</option>
			<option value="available">Availability</option>
		</select>
	</div>
</div>
        <div class="containerProduct">
            <script type='text/javascript'>var track = '{"event":"ViewContent", "type":"category", "id":"Verdura", "subids":["Odori"], "url":"https://www.spesati.com/shelf/spices"}';</script>
<script>
gtag('event', 'select_content', {content_type: 'category', item_id: 'Verdura'});gtag('event', 'select_content', {content_type: 'category', item_id: 'Odori'});
</script>
<div class="left product prod1"
        data-name="Via Delle Indie Spezie Cannellla"
        data-price="2.85"
        data-id="3327"
        data-available="yes"
        data-category="4608"
        data-bestselling="">
    <a href="https://www.spesati.com/via-delle-indie-spezie-cannellla">
        <div style="background-image: url('https://cdn.spesati.com/images/products/740401/via-delle-indie.jpg')">
            <div class="hover"></div>
            
            <div class="stickers"></div>
        </div>
    </a>
    <div>
        <h4><a href="https://www.spesati.com/via-delle-indie-spezie-cannellla"><b>Via Delle Indie Spezie Cannellla</b></a></h4>
        <p class="description">1 piece</p>
        <p class="right price"><b>2.85 €</b></p>
        <p class="right unitPrice">178.13 € per kg</p>
    </div>
    <div class="contButton">
    <a class="button bgRed white addToCart" href="#">Add</a>
</div>
</div><div class="left product prod2"
        data-name="Cannella stecche d&a pet"
        data-price="14.65"
        data-id="5189"
        data-available="yes"
        data-category="4608"
        data-bestselling="">
    <a href="https://www.spesati.com/cannella-stecche-da-pet">
        <div style="background-image: url('https://cdn.spesati.com/images/products/108851/cannella-stecche-dea-01.jpg')">
            <div class="hover"></div>
            
            <div class="stickers"></div>
        </div>
    </a>
    <div>
        <h4><a href="https://www.spesati.com/cannella-stecche-da-pet"><b>Cannella stecche d&a pet</b></a></h4>
        <p class="description">0.17 Kg</p>
        <p class="right price"><b>14.65 €</b></p>
        <p class="right unitPrice">195.36 € per kg</p>
    </div>
    <div class="contButton">
    <a class="button bgRed white addToCart" href="#">Add</a>
</div>
</div><div class="left product prod3"
        data-name="Pepe rosa grani d&a cc75"
        data-price="12.70"
        data-id="5184"
        data-available="yes"
        data-category="4608"
        data-bestselling="">
    <a href="https://www.spesati.com/pepe-rosa-grani-da-cc75">
        <div style="background-image: url('https://cdn.spesati.com/images/products/108633/pepe-rosa-grani-01.jpg')">
            <div class="hover"></div>
            
            <div class="stickers"></div>
        </div>
    </a>
    <div>
        <h4><a href="https://www.spesati.com/pepe-rosa-grani-da-cc75"><b>Pepe rosa grani d&a cc75</b></a></h4>
        <p class="description">0.2 Kg</p>
        <p class="right price"><b>12.70 €</b></p>
        <p class="right unitPrice">169.30 € per kg</p>
    </div>
    <div class="contButton">
    <a class="button bgRed white addToCart" href="#">Add</a>
</div>
</div><div class="left product prod4"
        data-name="Curry d&a cc750"
        data-price="8.59"
        data-id="5153"
        data-available="yes"
        data-category="4608"
        data-bestselling="">
    <a href="https://www.spesati.com/curry-da-cc750">
        <div style="background-image: url('https://cdn.spesati.com/images/products/108624/curry-d-a-01.jpg')">
            <div class="hover"></div>
            
            <div class="stickers"></div>
        </div>
    </a>
    <div>
        <h4><a href="https://www.spesati.com/curry-da-cc750"><b>Curry d&a cc750</b></a></h4>
        <p class="description">0.42 Kg</p>
        <p class="right price"><b>8.59 €</b></p>
        <p class="right unitPrice">114.48 € per kg</p>
    </div>
    <div class="contButton">
    <a class="button bgRed white addToCart" href="#">Add</a>
</div>
</div><div class="left product prod5"
        data-name="Comino Semi Drogheria & Alimentari 750Cc"
        data-price="5.85"
        data-id="6012"
        data-available="yes"
        data-category="4608"
        data-bestselling="">
    <a href="https://www.spesati.com/comino-semi-drogheria-alimentari-750cc">
        <div style="background-image: url('https://cdn.spesati.com/images/products/108023/comino-semi-drogheria-01.jpg')">
            <div class="hover"></div>
            
            <div class="stickers"></div>
        </div>
    </a>
    <div>
        <h4><a href="https://www.spesati.com/comino-semi-drogheria-alimentari-750cc"><b>Comino Semi Drogheria & Alimentari 750Cc</b></a></h4>
        <p class="description">0.38 Kg</p>
        <p class="right price"><b>5.85 €</b></p>
        <p class="right unitPrice">15.61 € per kg</p>
    </div>
    <div class="contButton">
    <a class="button bgRed white addToCart" href="#">Add</a>
</div>
</div><div class="left product prod6"
        data-name="Condoro Per Carni D&a 710gr"
        data-price="8.05"
        data-id="85876"
        data-available="yes"
        data-category="4608"
        data-bestselling="">
    <a href="https://www.spesati.com/condoro-per-carni-da-710gr">
        <div style="background-image: url('https://cdn.spesati.com/images/products/000437424/drogheria-alimentari-condoro-linsaporitore-carni-710-g-01.png')">
            <div class="hover"></div>
            
            <div class="stickers"></div>
        </div>
    </a>
    <div>
        <h4><a href="https://www.spesati.com/condoro-per-carni-da-710gr"><b>Condoro Per Carni D&a 710gr</b></a></h4>
        <p class="description">Drogheria & Alimentari Condoro l'insaporitore Carni 710 g</p>
        <p class="right price"><b>8.05 €</b></p>
        <p class="right unitPrice">11.34 € per kg</p>
    </div>
    <div class="contButton">
    <a class="button bgRed white addToCart" href="#">Add</a>
</div>
</div><div class="left product prod7"
        data-name="Bbq D&a Vegetables 77gr"
        data-price="7.04"
        data-id="60705"
        data-available="yes"
        data-category="4608"
        data-bestselling="">
    <a href="https://www.spesati.com/bbq-da-vegetables-77gr">
        <div style="background-image: url('https://cdn.spesati.com/images/products/000119501/la-drogheria-1880-bbq-vegetables-aromatic-con-basilico-e-pepe-nero-77-g-01.png')">
            <div class="hover"></div>
            
            <div class="stickers"></div>
        </div>
    </a>
    <div>
        <h4><a href="https://www.spesati.com/bbq-da-vegetables-77gr"><b>Bbq D&a Vegetables 77gr</b></a></h4>
        <p class="description">La Drogheria 1880 BBQ Vegetables aromatic con Basilico e Pepe Nero 77 g</p>
        <p class="right price"><b>7.04 €</b></p>
        <p class="right unitPrice">88.03 € per kg</p>
    </div>
    <div class="contButton">
    <a class="button bgRed white addToCart" href="#">Add</a>
</div>
</div><div class="left product prod8"
        data-name="Bbq Chicken D&a Turkey 100gr"
        data-price="7.04"
        data-id="60702"
        data-available="yes"
        data-category="4608"
        data-bestselling="">
    <a href="https://www.spesati.com/bbq-chicken-da-turkey-100gr">
        <div style="background-image: url('https://cdn.spesati.com/images/products/000119500/la-drogheria-1880-bbq-chicken-turkey-supreme-con-scorza-di-limone-e-pepe-nero-100-g-01.png')">
            <div class="hover"></div>
            
            <div class="stickers"></div>
        </div>
    </a>
    <div>
        <h4><a href="https://www.spesati.com/bbq-chicken-da-turkey-100gr"><b>Bbq Chicken D&a Turkey 100gr</b></a></h4>
        <p class="description">La Drogheria 1880 BBQ Chicken & Turkey supreme con Scorza di Limone e Pepe Nero 100 g</p>
        <p class="right price"><b>7.04 €</b></p>
        <p class="right unitPrice">64.02 € per kg</p>
    </div>
    <div class="contButton">
    <a class="button bgRed white addToCart" href="#">Add</a>
</div>
</div><div class="left product prod9"
        data-name="Bbq Pork D&a Ribs 105gr"
        data-price="7.04"
        data-id="60699"
        data-available="yes"
        data-category="4608"
        data-bestselling="">
    <a href="https://www.spesati.com/bbq-pork-da-ribs-105gr">
        <div style="background-image: url('https://cdn.spesati.com/images/products/000119499/la-drogheria-1880-bbq-pork-ribs-hot-spicy-con-peperoncino-e-pepe-nero-105-g-01.png')">
            <div class="hover"></div>
            
            <div class="stickers"></div>
        </div>
    </a>
    <div>
        <h4><a href="https://www.spesati.com/bbq-pork-da-ribs-105gr"><b>Bbq Pork D&a Ribs 105gr</b></a></h4>
        <p class="description">La Drogheria 1880 BBQ Pork & Ribs hot & spicy con Peperoncino e Pepe Nero 105 g</p>
        <p class="right price"><b>7.04 €</b></p>
        <p class="right unitPrice">64.02 € per kg</p>
    </div>
    <div class="contButton">
    <a class="button bgRed white addToCart" href="#">Add</a>
</div>
</div><div class="left product prod10"
        data-name="Bbq Steak D&a Burger 115gr"
        data-price="7.04"
        data-id="60696"
        data-available="yes"
        data-category="4608"
        data-bestselling="">
    <a href="https://www.spesati.com/bbq-steak-da-burger-115gr">
        <div style="background-image: url('https://cdn.spesati.com/images/products/000119498/la-drogheria-1880-bbq-steak-burger-tasty-con-pepe-nero-e-rosmarino-115-g-01.png')">
            <div class="hover"></div>
            
            <div class="stickers"></div>
        </div>
    </a>
    <div>
        <h4><a href="https://www.spesati.com/bbq-steak-da-burger-115gr"><b>Bbq Steak D&a Burger 115gr</b></a></h4>
        <p class="description">La Drogheria 1880 BBQ Steak & Burger tasty con Pepe Nero e Rosmarino 115 g</p>
        <p class="right price"><b>7.04 €</b></p>
        <p class="right unitPrice">58.69 € per kg</p>
    </div>
    <div class="contButton">
    <a class="button bgRed white addToCart" href="#">Add</a>
</div>
</div><div class="left product prod11"
        data-name="Pepe 4 Stagioni D&a Grani 35gr"
        data-price="4.02"
        data-id="60687"
        data-available="yes"
        data-category="4608"
        data-bestselling="">
    <a href="https://www.spesati.com/pepe-4-stagioni-da-grani-35gr">
        <div style="background-image: url('https://cdn.spesati.com/images/products/000119495/la-drogheria-1880-pepe-4-stagioni-con-macinello-35-g-01.png')">
            <div class="hover"></div>
            
            <div class="stickers"></div>
        </div>
    </a>
    <div>
        <h4><a href="https://www.spesati.com/pepe-4-stagioni-da-grani-35gr"><b>Pepe 4 Stagioni D&a Grani 35gr</b></a></h4>
        <p class="description">La Drogheria 1880 Pepe 4 Stagioni con Macinello 35 g</p>
        <p class="right price"><b>4.02 €</b></p>
        <p class="right unitPrice">100.61 € per kg</p>
    </div>
    <div class="contButton">
    <a class="button bgRed white addToCart" href="#">Add</a>
</div>
</div><div class="left product prod12"
        data-name="Pepe 4 Stag D&g Grani Gr85"
        data-price="7.17"
        data-id="26887"
        data-available="yes"
        data-category="4608"
        data-bestselling="">
    <a href="https://www.spesati.com/pepe-4-stag-dg-grani-gr85">
        <div style="background-image: url('https://cdn.spesati.com/images/products/000119310/la-drogheria-1880-pepe-4-stagioni-in-grani-85-g-01.png')">
            <div class="hover"></div>
            
            <div class="stickers"></div>
        </div>
    </a>
    <div>
        <h4><a href="https://www.spesati.com/pepe-4-stag-dg-grani-gr85"><b>Pepe 4 Stag D&g Grani Gr85</b></a></h4>
        <p class="description">La Drogheria 1880 Pepe 4 Stagioni in Grani 85 g</p>
        <p class="right price"><b>7.17 €</b></p>
        <p class="right unitPrice">84.38 € per kg</p>
    </div>
    <div class="contButton">
    <a class="button bgRed white addToCart" href="#">Add</a>
</div>
</div><div class="left product prod13"
        data-name="Pepe Nero D&g Macin Grani Gr90"
        data-price="7.33"
        data-id="26886"
        data-available="yes"
        data-category="4608"
        data-bestselling="">
    <a href="https://www.spesati.com/pepe-nero-dg-macin-grani-gr90">
        <div style="background-image: url('https://cdn.spesati.com/images/products/000119309/la-drogheria-1880-pepe-nero-in-grani-95-g-01.png')">
            <div class="hover"></div>
            
            <div class="stickers"></div>
        </div>
    </a>
    <div>
        <h4><a href="https://www.spesati.com/pepe-nero-dg-macin-grani-gr90"><b>Pepe Nero D&g Macin Grani Gr90</b></a></h4>
        <p class="description">La Drogheria 1880 Pepe Nero in Grani 95 g</p>
        <p class="right price"><b>7.33 €</b></p>
        <p class="right unitPrice">81.49 € per kg</p>
    </div>
    <div class="contButton">
    <a class="button bgRed white addToCart" href="#">Add</a>
</div>
</div><div class="left product prod14"
        data-name="Zafferano D&a 3x100mg"
        data-price="3.78"
        data-id="26787"
        data-available="yes"
        data-category="4608"
        data-bestselling="1">
    <a href="https://www.spesati.com/zafferano-da-3x100mg">
        <div style="background-image: url('https://cdn.spesati.com/images/products/000118641/la-drogheria-1880-zafferano-3-x-01-g-01.png')">
            <div class="hover"></div>
            <p class="arrow bgRed white">Best Seller</p>
            <div class="stickers"></div>
        </div>
    </a>
    <div>
        <h4><a href="https://www.spesati.com/zafferano-da-3x100mg"><b>Zafferano D&a 3x100mg</b></a></h4>
        <p class="description">La Drogheria 1880 Zafferano 3 x 0,1 g</p>
        <p class="right price"><b>3.78 €</b></p>
        <p class="right unitPrice">125.84 € per kg</p>
    </div>
    <div class="contButton">
    <a class="button bgRed white addToCart" href="#">Add</a>
</div>
</div><div class="left product prod15"
        data-name="Peperonc Macinat Hot D&a Cc750"
        data-price="8.27"
        data-id="26786"
        data-available="yes"
        data-category="4608"
        data-bestselling="">
    <a href="https://www.spesati.com/peperonc-macinat-hot-da-cc750">
        <div style="background-image: url('https://cdn.spesati.com/images/products/000118633/drogheria-alimentari-peperoncino-macinato-extra-piccante-340-g-01.png')">
            <div class="hover"></div>
            
            <div class="stickers"></div>
        </div>
    </a>
    <div>
        <h4><a href="https://www.spesati.com/peperonc-macinat-hot-da-cc750"><b>Peperonc Macinat Hot D&a Cc750</b></a></h4>
        <p class="description">Drogheria & Alimentari Peperoncino Macinato Extra Piccante 340 g</p>
        <p class="right price"><b>8.27 €</b></p>
        <p class="right unitPrice">24.31 € per kg</p>
    </div>
    <div class="contButton">
    <a class="button bgRed white addToCart" href="#">Add</a>
</div>
</div><div class="left product prod16"
        data-name="Peperonc Frantum Hot D&a Cc750"
        data-price="7.09"
        data-id="26785"
        data-available="yes"
        data-category="4608"
        data-bestselling="">
    <a href="https://www.spesati.com/peperonc-frantum-hot-da-cc750">
        <div style="background-image: url('https://cdn.spesati.com/images/products/000118631/drogheria-alimentari-peperoncino-frantumato-extra-piccante-230-g-01.png')">
            <div class="hover"></div>
            
            <div class="stickers"></div>
        </div>
    </a>
    <div>
        <h4><a href="https://www.spesati.com/peperonc-frantum-hot-da-cc750"><b>Peperonc Frantum Hot D&a Cc750</b></a></h4>
        <p class="description">Drogheria & Alimentari Peperoncino Frantumato Extra Piccante 230 g</p>
        <p class="right price"><b>7.09 €</b></p>
        <p class="right unitPrice">30.81 € per kg</p>
    </div>
    <div class="contButton">
    <a class="button bgRed white addToCart" href="#">Add</a>
</div>
</div><div class="left product prod17"
        data-name="Pepe Nero Ex Fort Mac D&a C750"
        data-price="15.12"
        data-id="26782"
        data-available="yes"
        data-category="4608"
        data-bestselling="">
    <a href="https://www.spesati.com/pepe-nero-ex-fort-mac-da-c750">
        <div style="background-image: url('https://cdn.spesati.com/images/products/000118489/drogheria-alimentari-pepe-nero-extra-forte-360-g-01.png')">
            <div class="hover"></div>
            
            <div class="stickers"></div>
        </div>
    </a>
    <div>
        <h4><a href="https://www.spesati.com/pepe-nero-ex-fort-mac-da-c750"><b>Pepe Nero Ex Fort Mac D&a C750</b></a></h4>
        <p class="description">Drogheria & Alimentari Pepe Nero Extra Forte 360 g</p>
        <p class="right price"><b>15.12 €</b></p>
        <p class="right unitPrice">42.01 € per kg</p>
    </div>
    <div class="contButton">
    <a class="button bgRed white addToCart" href="#">Add</a>
</div>
</div><div class="left product prod18"
        data-name="Origano Essicato Greci 70 Gr"
        data-price="13.51"
        data-id="26373"
        data-available="yes"
        data-category="4608"
        data-bestselling="">
    <a href="https://www.spesati.com/origano-essicato-greci-70-gr">
        <div style="background-image: url('https://cdn.spesati.com/images/products/000116117/prontofresco-origano-essiccato-70-g-01.png')">
            <div class="hover"></div>
            
            <div class="stickers"></div>
        </div>
    </a>
    <div>
        <h4><a href="https://www.spesati.com/origano-essicato-greci-70-gr"><b>Origano Essicato Greci 70 Gr</b></a></h4>
        <p class="description">prontofresco Origano Essiccato 70 g</p>
        <p class="right price"><b>13.51 €</b></p>
        <p class="right unitPrice">192.93 € per kg</p>
    </div>
    <div class="contButton">
    <a class="button bgRed white addToCart" href="#">Add</a>
</div>
</div><div class="left product prod19"
        data-name="Paprika Affumicata Cannam 25g"
        data-price="2.39"
        data-id="66450"
        data-available="yes"
        data-category="4608"
        data-bestselling="">
    <a href="https://www.spesati.com/paprika-affumicata-cannam-25g">
        <div style="background-image: url('https://cdn.spesati.com/images/products/000111907/cannamela-spezie-paprika-affumicata-25-g-01.png')">
            <div class="hover"></div>
            
            <div class="stickers"></div>
        </div>
    </a>
    <div>
        <h4><a href="https://www.spesati.com/paprika-affumicata-cannam-25g"><b>Paprika Affumicata Cannam 25g</b></a></h4>
        <p class="description">Cannamela Spezie Paprika Affumicata 25 g</p>
        <p class="right price"><b>2.39 €</b></p>
        <p class="right unitPrice">79.53 € per kg</p>
    </div>
    <div class="contButton">
    <a class="button bgRed white addToCart" href="#">Add</a>
</div>
</div><div class="left product prod20"
        data-name="Timo Foglia D&a Pet Cc750"
        data-price="6.53"
        data-id="25395"
        data-available="yes"
        data-category="4608"
        data-bestselling="">
    <a href="https://www.spesati.com/timo-foglia-da-pet-cc750">
        <div style="background-image: url('https://cdn.spesati.com/images/products/000108862/drogheria-alimentari-la-festa-dei-sapori-timo-foglie-180-g-01.png')">
            <div class="hover"></div>
            
            <div class="stickers"></div>
        </div>
    </a>
    <div>
        <h4><a href="https://www.spesati.com/timo-foglia-da-pet-cc750"><b>Timo Foglia D&a Pet Cc750</b></a></h4>
        <p class="description">Drogheria & Alimentari La Festa dei Sapori Timo foglie 180 g</p>
        <p class="right price"><b>6.53 €</b></p>
        <p class="right unitPrice">36.26 € per kg</p>
    </div>
    <div class="contButton">
    <a class="button bgRed white addToCart" href="#">Add</a>
</div>
</div><div class="left product prod21"
        data-name="Erba Cipollina D&a Pet Cc750"
        data-price="6.09"
        data-id="25394"
        data-available="yes"
        data-category="4608"
        data-bestselling="">
    <a href="https://www.spesati.com/erba-cipollina-da-pet-cc750">
        <div style="background-image: url('https://cdn.spesati.com/images/products/000108856/drogheria-alimentari-la-festa-dei-sapori-erba-cipollina-125-g-01.png')">
            <div class="hover"></div>
            
            <div class="stickers"></div>
        </div>
    </a>
    <div>
        <h4><a href="https://www.spesati.com/erba-cipollina-da-pet-cc750"><b>Erba Cipollina D&a Pet Cc750</b></a></h4>
        <p class="description">Drogheria & Alimentari La Festa dei Sapori Erba Cipollina 125 g</p>
        <p class="right price"><b>6.09 €</b></p>
        <p class="right unitPrice">48.69 € per kg</p>
    </div>
    <div class="contButton">
    <a class="button bgRed white addToCart" href="#">Add</a>
</div>
</div><div class="left product prod22"
        data-name="Paprika Forte D&a Pet Cc750"
        data-price="6.15"
        data-id="25393"
        data-available="yes"
        data-category="4608"
        data-bestselling="">
    <a href="https://www.spesati.com/paprika-forte-da-pet-cc750">
        <div style="background-image: url('https://cdn.spesati.com/images/products/000108849/drogheria-alimentari-la-festa-dei-sapori-paprika-forte-400-g-01.png')">
            <div class="hover"></div>
            
            <div class="stickers"></div>
        </div>
    </a>
    <div>
        <h4><a href="https://www.spesati.com/paprika-forte-da-pet-cc750"><b>Paprika Forte D&a Pet Cc750</b></a></h4>
        <p class="description">Drogheria & Alimentari La Festa dei Sapori Paprika Forte 400 g</p>
        <p class="right price"><b>6.15 €</b></p>
        <p class="right unitPrice">15.37 € per kg</p>
    </div>
    <div class="contButton">
    <a class="button bgRed white addToCart" href="#">Add</a>
</div>
</div><div class="left product prod23"
        data-name="Curcuma d&a 750cc"
        data-price="6.23"
        data-id="5144"
        data-available="yes"
        data-category="4608"
        data-bestselling="">
    <a href="https://www.spesati.com/curcuma-da-750cc">
        <div style="background-image: url('https://cdn.spesati.com/images/products/000108836/drogheria-alimentari-la-festa-dei-sapori-curcuma-400-g-01.png')">
            <div class="hover"></div>
            
            <div class="stickers"></div>
        </div>
    </a>
    <div>
        <h4><a href="https://www.spesati.com/curcuma-da-750cc"><b>Curcuma d&a 750cc</b></a></h4>
        <p class="description">Drogheria & Alimentari La Festa dei Sapori Curcuma 400 g</p>
        <p class="right price"><b>6.23 €</b></p>
        <p class="right unitPrice">83.12 € per kg</p>
    </div>
    <div class="contButton">
    <a class="button bgRed white addToCart" href="#">Add</a>
</div>
</div><div class="left product prod24"
        data-name="Noce Moscata Intera D&a Cc750"
        data-price="26.39"
        data-id="25381"
        data-available="yes"
        data-category="4608"
        data-bestselling="">
    <a href="https://www.spesati.com/noce-moscata-intera-da-cc750">
        <div style="background-image: url('https://cdn.spesati.com/images/products/000108794/drogheria-alimentari-la-festa-dei-sapori-noce-moscata-intera-430-g-01.png')">
            <div class="hover"></div>
            
            <div class="stickers"></div>
        </div>
    </a>
    <div>
        <h4><a href="https://www.spesati.com/noce-moscata-intera-da-cc750"><b>Noce Moscata Intera D&a Cc750</b></a></h4>
        <p class="description">Drogheria & Alimentari La Festa dei Sapori Noce Moscata intera 430 g</p>
        <p class="right price"><b>26.39 €</b></p>
        <p class="right unitPrice">61.36 € per kg</p>
    </div>
    <div class="contButton">
    <a class="button bgRed white addToCart" href="#">Add</a>
</div>
</div><div class="left product prod25"
        data-name="Insaporitore Ariosto Pesce Barattolo 80Gr"
        data-price="2.85"
        data-id="6189"
        data-available="yes"
        data-category="4608"
        data-bestselling="">
    <a href="https://www.spesati.com/insaporitore-ariosto-pesce-barattolo-80gr">
        <div style="background-image: url('https://cdn.spesati.com/images/products/000108722/ariosto-per-pesce-arrosto-e-ai-ferri-80-g-01.png')">
            <div class="hover"></div>
            
            <div class="stickers"></div>
        </div>
    </a>
    <div>
        <h4><a href="https://www.spesati.com/insaporitore-ariosto-pesce-barattolo-80gr"><b>Insaporitore Ariosto Pesce Barattolo 80Gr</b></a></h4>
        <p class="description">Ariosto per Pesce Arrosto e ai Ferri 80 g</p>
        <p class="right price"><b>2.85 €</b></p>
        <p class="right unitPrice">35.63 € per kg</p>
    </div>
    <div class="contButton">
    <a class="button bgRed white addToCart" href="#">Add</a>
</div>
</div><div class="left product prod26"
        data-name="Ariosto Per Patate 80Gr"
        data-price="2.85"
        data-id="6183"
        data-available="yes"
        data-category="4608"
        data-bestselling="">
    <a href="https://www.spesati.com/ariosto-per-patate-80gr">
        <div style="background-image: url('https://cdn.spesati.com/images/products/000108721/ariosto-per-patate-fritte-e-arrosto-80-g-01.png')">
            <div class="hover"></div>
            
            <div class="stickers"></div>
        </div>
    </a>
    <div>
        <h4><a href="https://www.spesati.com/ariosto-per-patate-80gr"><b>Ariosto Per Patate 80Gr</b></a></h4>
        <p class="description">Ariosto Per patate fritte e arrosto 80 g</p>
        <p class="right price"><b>2.85 €</b></p>
        <p class="right unitPrice">35.63 € per kg</p>
    </div>
    <div class="contButton">
    <a class="button bgRed white addToCart" href="#">Add</a>
</div>
</div><div class="left product prod27"
        data-name="Ariosto Per Carni"
        data-price="2.85"
        data-id="3289"
        data-available="yes"
        data-category="4608"
        data-bestselling="">
    <a href="https://www.spesati.com/ariosto-per-carni">
        <div style="background-image: url('https://cdn.spesati.com/images/products/000108720/ariosto-per-carni-arrosto-e-ai-ferri-80-g-01.png')">
            <div class="hover"></div>
            
            <div class="stickers"></div>
        </div>
    </a>
    <div>
        <h4><a href="https://www.spesati.com/ariosto-per-carni"><b>Ariosto Per Carni</b></a></h4>
        <p class="description">Ariosto Per carni arrosto e ai ferri 80 g</p>
        <p class="right price"><b>2.85 €</b></p>
        <p class="right unitPrice">35.63 € per kg</p>
    </div>
    <div class="contButton">
    <a class="button bgRed white addToCart" href="#">Add</a>
</div>
</div><div class="left product prod28"
        data-name="Ginepro Cannamela Bacche 15Gr"
        data-price="2.49"
        data-id="7122"
        data-available="yes"
        data-category="4608"
        data-bestselling="">
    <a href="https://www.spesati.com/ginepro-cannamela-bacche-15gr">
        <div style="background-image: url('https://cdn.spesati.com/images/products/000108692/cannamela-erbe-ginepro-bacche-15-g-01.png')">
            <div class="hover"></div>
            
            <div class="stickers"></div>
        </div>
    </a>
    <div>
        <h4><a href="https://www.spesati.com/ginepro-cannamela-bacche-15gr"><b>Ginepro Cannamela Bacche 15Gr</b></a></h4>
        <p class="description">Cannamela Erbe Ginepro Bacche 15 g</p>
        <p class="right price"><b>2.49 €</b></p>
        <p class="right unitPrice">166.02 € per kg</p>
    </div>
    <div class="contButton">
    <a class="button bgRed white addToCart" href="#">Add</a>
</div>
</div><div class="left product prod29"
        data-name="Cannamela Spezie D Oro Semi Finocchio 25 Gr"
        data-price="2.59"
        data-id="4722"
        data-available="yes"
        data-category="4608"
        data-bestselling="1">
    <a href="https://www.spesati.com/cannamela-spezie-d-oro-semi-finocchio-25-gr">
        <div style="background-image: url('https://cdn.spesati.com/images/products/000108691/cannamela-erbe-finocchio-semi-20-g-01.png')">
            <div class="hover"></div>
            <p class="arrow bgRed white">Best Seller</p>
            <div class="stickers"></div>
        </div>
    </a>
    <div>
        <h4><a href="https://www.spesati.com/cannamela-spezie-d-oro-semi-finocchio-25-gr"><b>Cannamela Spezie D Oro Semi Finocchio 25 Gr</b></a></h4>
        <p class="description">Cannamela Erbe Finocchio Semi 20 g</p>
        <p class="right price"><b>2.59 €</b></p>
        <p class="right unitPrice">103.62 € per kg</p>
    </div>
    <div class="contButton">
    <a class="button bgRed white addToCart" href="#">Add</a>
</div>
</div><div class="left product prod30"
        data-name="Erba Cipollina Cannamela 4 Gr"
        data-price="2.27"
        data-id="4764"
        data-available="yes"
        data-category="4608"
        data-bestselling="">
    <a href="https://www.spesati.com/erba-cipollina-cannamela-4-gr">
        <div style="background-image: url('https://cdn.spesati.com/images/products/000108689/cannamela-erbe-erba-cipollina-frantumata-4-g-01.png')">
            <div class="hover"></div>
            
            <div class="stickers"></div>
        </div>
    </a>
    <div>
        <h4><a href="https://www.spesati.com/erba-cipollina-cannamela-4-gr"><b>Erba Cipollina Cannamela 4 Gr</b></a></h4>
        <p class="description">Cannamela Erbe Erba Cipollina Frantumata 4 g</p>
        <p class="right price"><b>2.27 €</b></p>
        <p class="right unitPrice">568.43 € per kg</p>
    </div>
    <div class="contButton">
    <a class="button bgRed white addToCart" href="#">Add</a>
</div>
</div><div class="left product prod31"
        data-name="Curry Cannamela Macinato Oro 25Gr"
        data-price="2.39"
        data-id="4751"
        data-available="yes"
        data-category="4608"
        data-bestselling="">
    <a href="https://www.spesati.com/curry-cannamela-macinato-oro-25gr">
        <div style="background-image: url('https://cdn.spesati.com/images/products/000108687/cannamela-spezie-curry-25-g-01.png')">
            <div class="hover"></div>
            
            <div class="stickers"></div>
        </div>
    </a>
    <div>
        <h4><a href="https://www.spesati.com/curry-cannamela-macinato-oro-25gr"><b>Curry Cannamela Macinato Oro 25Gr</b></a></h4>
        <p class="description">Cannamela Spezie Curry 25 g</p>
        <p class="right price"><b>2.39 €</b></p>
        <p class="right unitPrice">95.61 € per kg</p>
    </div>
    <div class="contButton">
    <a class="button bgRed white addToCart" href="#">Add</a>
</div>
</div><div class="left product prod32"
        data-name="Cumino Cannamela Semi Oro 20Gr"
        data-price="1.95"
        data-id="6578"
        data-available="yes"
        data-category="4608"
        data-bestselling="">
    <a href="https://www.spesati.com/cumino-cannamela-semi-oro-20gr">
        <div style="background-image: url('https://cdn.spesati.com/images/products/000108686/cannamela-erbe-cumino-semi-20-g-01.png')">
            <div class="hover"></div>
            
            <div class="stickers"></div>
        </div>
    </a>
    <div>
        <h4><a href="https://www.spesati.com/cumino-cannamela-semi-oro-20gr"><b>Cumino Cannamela Semi Oro 20Gr</b></a></h4>
        <p class="description">Cannamela Erbe Cumino Semi 20 g</p>
        <p class="right price"><b>1.95 €</b></p>
        <p class="right unitPrice">97.52 € per kg</p>
    </div>
    <div class="contButton">
    <a class="button bgRed white addToCart" href="#">Add</a>
</div>
</div><div class="left product prod33"
        data-name="Cannamela Spezie D Oro Cannella Stecche 10 Gr"
        data-price="2.49"
        data-id="4720"
        data-available="yes"
        data-category="4608"
        data-bestselling="">
    <a href="https://www.spesati.com/cannamela-spezie-d-oro-cannella-stecche-10-gr">
        <div style="background-image: url('https://cdn.spesati.com/images/products/000108685/cannamela-spezie-cannella-stecche-3-pz-01.png')">
            <div class="hover"></div>
            
            <div class="stickers"></div>
        </div>
    </a>
    <div>
        <h4><a href="https://www.spesati.com/cannamela-spezie-d-oro-cannella-stecche-10-gr"><b>Cannamela Spezie D Oro Cannella Stecche 10 Gr</b></a></h4>
        <p class="description">Cannamela Spezie Cannella Stecche 3 pz</p>
        <p class="right price"><b>2.49 €</b></p>
        <p class="right unitPrice">249.04 € per kg</p>
    </div>
    <div class="contButton">
    <a class="button bgRed white addToCart" href="#">Add</a>
</div>
</div><div class="left product prod34"
        data-name="Cannella Cannamela Macinata Oro 25Gr"
        data-price="2.49"
        data-id="6572"
        data-available="yes"
        data-category="4608"
        data-bestselling="">
    <a href="https://www.spesati.com/cannella-cannamela-macinata-oro-25gr">
        <div style="background-image: url('https://cdn.spesati.com/images/products/000108684/cannamela-cannella-macinata-25-g-01.png')">
            <div class="hover"></div>
            
            <div class="stickers"></div>
        </div>
    </a>
    <div>
        <h4><a href="https://www.spesati.com/cannella-cannamela-macinata-oro-25gr"><b>Cannella Cannamela Macinata Oro 25Gr</b></a></h4>
        <p class="description">Cannamela Cannella Macinata 25 g</p>
        <p class="right price"><b>2.49 €</b></p>
        <p class="right unitPrice">99.62 € per kg</p>
    </div>
    <div class="contButton">
    <a class="button bgRed white addToCart" href="#">Add</a>
</div>
</div><div class="left product prod35"
        data-name="Basilico Cannamela Foglia Oro 8 Gr"
        data-price="1.79"
        data-id="4661"
        data-available="yes"
        data-category="4608"
        data-bestselling="">
    <a href="https://www.spesati.com/basilico-cannamela-foglia-oro-8-gr">
        <div style="background-image: url('https://cdn.spesati.com/images/products/000108683/cannamela-erbe-basilico-foglie-8-g-01.png')">
            <div class="hover"></div>
            
            <div class="stickers"></div>
        </div>
    </a>
    <div>
        <h4><a href="https://www.spesati.com/basilico-cannamela-foglia-oro-8-gr"><b>Basilico Cannamela Foglia Oro 8 Gr</b></a></h4>
        <p class="description">Cannamela Erbe Basilico Foglie 8 g</p>
        <p class="right price"><b>1.79 €</b></p>
        <p class="right unitPrice">224.27 € per kg</p>
    </div>
    <div class="contButton">
    <a class="button bgRed white addToCart" href="#">Add</a>
</div>
</div><div class="left product prod36"
        data-name="Bacche Rosa Cannamela Grani 18Gr"
        data-price="2.39"
        data-id="6017"
        data-available="yes"
        data-category="4608"
        data-bestselling="">
    <a href="https://www.spesati.com/bacche-rosa-cannamela-grani-18gr">
        <div style="background-image: url('https://cdn.spesati.com/images/products/000108682/cannamela-spezie-bacche-rosa-grani-18-g-01.png')">
            <div class="hover"></div>
            
            <div class="stickers"></div>
        </div>
    </a>
    <div>
        <h4><a href="https://www.spesati.com/bacche-rosa-cannamela-grani-18gr"><b>Bacche Rosa Cannamela Grani 18Gr</b></a></h4>
        <p class="description">Cannamela Spezie Bacche Rosa Grani 18 g</p>
        <p class="right price"><b>2.39 €</b></p>
        <p class="right unitPrice">132.79 € per kg</p>
    </div>
    <div class="contButton">
    <a class="button bgRed white addToCart" href="#">Add</a>
</div>
</div><div class="left product prod37"
        data-name="Cannamela Spezie D Oro Anice Semi 22 Gr"
        data-price="2.75"
        data-id="4719"
        data-available="yes"
        data-category="4608"
        data-bestselling="">
    <a href="https://www.spesati.com/cannamela-spezie-d-oro-anice-semi-22-gr">
        <div style="background-image: url('https://cdn.spesati.com/images/products/000108679/cannamela-erbe-anice-semi-22-g-01.png')">
            <div class="hover"></div>
            
            <div class="stickers"></div>
        </div>
    </a>
    <div>
        <h4><a href="https://www.spesati.com/cannamela-spezie-d-oro-anice-semi-22-gr"><b>Cannamela Spezie D Oro Anice Semi 22 Gr</b></a></h4>
        <p class="description">Cannamela Erbe Anice Semi 22 g</p>
        <p class="right price"><b>2.75 €</b></p>
        <p class="right unitPrice">125.00 € per kg</p>
    </div>
    <div class="contButton">
    <a class="button bgRed white addToCart" href="#">Add</a>
</div>
</div><div class="left product prod38"
        data-name="Zenzero Cannamela Mac Oro 20Gr"
        data-price="2.55"
        data-id="4985"
        data-available="yes"
        data-category="4608"
        data-bestselling="">
    <a href="https://www.spesati.com/zenzero-cannamela-mac-oro-20gr">
        <div style="background-image: url('https://cdn.spesati.com/images/products/000108673/cannamela-spezie-zenzero-macinato-20-g-01.png')">
            <div class="hover"></div>
            
            <div class="stickers"></div>
        </div>
    </a>
    <div>
        <h4><a href="https://www.spesati.com/zenzero-cannamela-mac-oro-20gr"><b>Zenzero Cannamela Mac Oro 20Gr</b></a></h4>
        <p class="description">Cannamela Spezie Zenzero Macinato 20 g</p>
        <p class="right price"><b>2.55 €</b></p>
        <p class="right unitPrice">127.49 € per kg</p>
    </div>
    <div class="contButton">
    <a class="button bgRed white addToCart" href="#">Add</a>
</div>
</div><div class="left product prod39"
        data-name="Sesamo Cannamela Semi Oro 30Gr"
        data-price="2.55"
        data-id="6571"
        data-available="yes"
        data-category="4608"
        data-bestselling="">
    <a href="https://www.spesati.com/sesamo-cannamela-semi-oro-30gr">
        <div style="background-image: url('https://cdn.spesati.com/images/products/000108672/cannamela-spezie-sesamo-semi-30-g-01.png')">
            <div class="hover"></div>
            
            <div class="stickers"></div>
        </div>
    </a>
    <div>
        <h4><a href="https://www.spesati.com/sesamo-cannamela-semi-oro-30gr"><b>Sesamo Cannamela Semi Oro 30Gr</b></a></h4>
        <p class="description">Cannamela Spezie Sesamo Semi 30 g</p>
        <p class="right price"><b>2.55 €</b></p>
        <p class="right unitPrice">85.00 € per kg</p>
    </div>
    <div class="contButton">
    <a class="button bgRed white addToCart" href="#">Add</a>
</div>
</div><div class="left product prod40"
        data-name="Cannamela Spezie Oro Peperoncino Intero"
        data-price="2.55"
        data-id="3298"
        data-available="yes"
        data-category="4608"
        data-bestselling="">
    <a href="https://www.spesati.com/cannamela-spezie-oro-peperoncino-intero">
        <div style="background-image: url('https://cdn.spesati.com/images/products/000108669/cannamela-spezie-peperoncino-intero-12-g-01.png')">
            <div class="hover"></div>
            
            <div class="stickers"></div>
        </div>
    </a>
    <div>
        <h4><a href="https://www.spesati.com/cannamela-spezie-oro-peperoncino-intero"><b>Cannamela Spezie Oro Peperoncino Intero</b></a></h4>
        <p class="description">Cannamela Spezie Peperoncino Intero 12 g</p>
        <p class="right price"><b>2.55 €</b></p>
        <p class="right unitPrice">212.49 € per kg</p>
    </div>
    <div class="contButton">
    <a class="button bgRed white addToCart" href="#">Add</a>
</div>
</div><div class="left product prod41"
        data-name="Peperoncino Cannamella Intero 15Gr"
        data-price="2.55"
        data-id="6243"
        data-available="yes"
        data-category="4608"
        data-bestselling="">
    <a href="https://www.spesati.com/peperoncino-cannamella-intero-15gr">
        <div style="background-image: url('https://cdn.spesati.com/images/products/000108668/cannamela-spezie-peperoncino-frantumato-15-g-01.png')">
            <div class="hover"></div>
            
            <div class="stickers"></div>
        </div>
    </a>
    <div>
        <h4><a href="https://www.spesati.com/peperoncino-cannamella-intero-15gr"><b>Peperoncino Cannamella Intero 15Gr</b></a></h4>
        <p class="description">Cannamela Spezie Peperoncino Frantumato 15 g</p>
        <p class="right price"><b>2.55 €</b></p>
        <p class="right unitPrice">169.98 € per kg</p>
    </div>
    <div class="contButton">
    <a class="button bgRed white addToCart" href="#">Add</a>
</div>
</div><div class="left product prod42"
        data-name="Cannamela Spezie Oro Pepe Nero G"
        data-price="2.55"
        data-id="4723"
        data-available="yes"
        data-category="4608"
        data-bestselling="">
    <a href="https://www.spesati.com/cannamela-spezie-oro-pepe-nero-g">
        <div style="background-image: url('https://cdn.spesati.com/images/products/000108667/cannamela-spezie-pepe-nero-grani-28-g-01.png')">
            <div class="hover"></div>
            
            <div class="stickers"></div>
        </div>
    </a>
    <div>
        <h4><a href="https://www.spesati.com/cannamela-spezie-oro-pepe-nero-g"><b>Cannamela Spezie Oro Pepe Nero G</b></a></h4>
        <p class="description">Cannamela Spezie Pepe Nero Grani 28 g</p>
        <p class="right price"><b>2.55 €</b></p>
        <p class="right unitPrice">51.00 € per kg</p>
    </div>
    <div class="contButton">
    <a class="button bgRed white addToCart" href="#">Add</a>
</div>
</div><div class="left product prod43"
        data-name="Cannamela S Oro Pepe Nero Macinato"
        data-price="2.55"
        data-id="3296"
        data-available="yes"
        data-category="4608"
        data-bestselling="">
    <a href="https://www.spesati.com/cannamela-s-oro-pepe-nero-macinato">
        <div style="background-image: url('https://cdn.spesati.com/images/products/000108666/cannamela-pepe-nero-macinato-28-g-01.png')">
            <div class="hover"></div>
            
            <div class="stickers"></div>
        </div>
    </a>
    <div>
        <h4><a href="https://www.spesati.com/cannamela-s-oro-pepe-nero-macinato"><b>Cannamela S Oro Pepe Nero Macinato</b></a></h4>
        <p class="description">Cannamela Pepe Nero Macinato 28 g</p>
        <p class="right price"><b>2.55 €</b></p>
        <p class="right unitPrice">91.07 € per kg</p>
    </div>
    <div class="contButton">
    <a class="button bgRed white addToCart" href="#">Add</a>
</div>
</div><div class="left product prod44"
        data-name="Pepe Bianco Cannamela Macinato 28Gr"
        data-price="2.55"
        data-id="6570"
        data-available="yes"
        data-category="4608"
        data-bestselling="">
    <a href="https://www.spesati.com/pepe-bianco-cannamela-macinato-28gr">
        <div style="background-image: url('https://cdn.spesati.com/images/products/000108665/cannamela-spezie-pepe-bianco-macinato-28-g-01.png')">
            <div class="hover"></div>
            
            <div class="stickers"></div>
        </div>
    </a>
    <div>
        <h4><a href="https://www.spesati.com/pepe-bianco-cannamela-macinato-28gr"><b>Pepe Bianco Cannamela Macinato 28Gr</b></a></h4>
        <p class="description">Cannamela Spezie Pepe Bianco Macinato 28 g</p>
        <p class="right price"><b>2.55 €</b></p>
        <p class="right unitPrice">91.07 € per kg</p>
    </div>
    <div class="contButton">
    <a class="button bgRed white addToCart" href="#">Add</a>
</div>
</div><div class="left product prod45"
        data-name="Paprika Cannamela Forte Oro 25Gr"
        data-price="2.49"
        data-id="6579"
        data-available="yes"
        data-category="4608"
        data-bestselling="">
    <a href="https://www.spesati.com/paprika-cannamela-forte-oro-25gr">
        <div style="background-image: url('https://cdn.spesati.com/images/products/000108664/cannamela-spezie-paprika-forte-25-g-01.png')">
            <div class="hover"></div>
            
            <div class="stickers"></div>
        </div>
    </a>
    <div>
        <h4><a href="https://www.spesati.com/paprika-cannamela-forte-oro-25gr"><b>Paprika Cannamela Forte Oro 25Gr</b></a></h4>
        <p class="description">Cannamela Spezie Paprika Forte 25 g</p>
        <p class="right price"><b>2.49 €</b></p>
        <p class="right unitPrice">99.62 € per kg</p>
    </div>
    <div class="contButton">
    <a class="button bgRed white addToCart" href="#">Add</a>
</div>
</div><div class="left product prod46"
        data-name="Cannamela Spezie Oro Origano Foglie 8Gr"
        data-price="1.99"
        data-id="6018"
        data-available="yes"
        data-category="4608"
        data-bestselling="">
    <a href="https://www.spesati.com/cannamela-spezie-oro-origano-foglie-8gr">
        <div style="background-image: url('https://cdn.spesati.com/images/products/000108663/cannamela-erbe-origano-foglie-8-g-01.png')">
            <div class="hover"></div>
            
            <div class="stickers"></div>
        </div>
    </a>
    <div>
        <h4><a href="https://www.spesati.com/cannamela-spezie-oro-origano-foglie-8gr"><b>Cannamela Spezie Oro Origano Foglie 8Gr</b></a></h4>
        <p class="description">Cannamela Erbe Origano Foglie 8 g</p>
        <p class="right price"><b>1.99 €</b></p>
        <p class="right unitPrice">248.72 € per kg</p>
    </div>
    <div class="contButton">
    <a class="button bgRed white addToCart" href="#">Add</a>
</div>
</div><div class="left product prod47"
        data-name="Noci Moscate Cannamela Macinate 14Gr"
        data-price="2.55"
        data-id="4881"
        data-available="yes"
        data-category="4608"
        data-bestselling="">
    <a href="https://www.spesati.com/noci-moscate-cannamela-macinate-14gr">
        <div style="background-image: url('https://cdn.spesati.com/images/products/000108662/cannamela-noci-moscate-macinate-25-g-01.png')">
            <div class="hover"></div>
            
            <div class="stickers"></div>
        </div>
    </a>
    <div>
        <h4><a href="https://www.spesati.com/noci-moscate-cannamela-macinate-14gr"><b>Noci Moscate Cannamela Macinate 14Gr</b></a></h4>
        <p class="description">Cannamela Noci Moscate Macinate 25 g</p>
        <p class="right price"><b>2.55 €</b></p>
        <p class="right unitPrice">182.13 € per kg</p>
    </div>
    <div class="contButton">
    <a class="button bgRed white addToCart" href="#">Add</a>
</div>
</div><div class="left product prod48"
        data-name="Cannamela Spezie Oro Noci Moscate Con Grattugia 14Gr"
        data-price="2.49"
        data-id="6021"
        data-available="yes"
        data-category="4608"
        data-bestselling="">
    <a href="https://www.spesati.com/cannamela-spezie-oro-noci-moscate-con-grattugia-14gr">
        <div style="background-image: url('https://cdn.spesati.com/images/products/000108661/cannamela-spezie-noci-moscate-intere-3-pz-01.png')">
            <div class="hover"></div>
            
            <div class="stickers"></div>
        </div>
    </a>
    <div>
        <h4><a href="https://www.spesati.com/cannamela-spezie-oro-noci-moscate-con-grattugia-14gr"><b>Cannamela Spezie Oro Noci Moscate Con Grattugia 14Gr</b></a></h4>
        <p class="description">Cannamela Spezie Noci Moscate Intere 3 pz</p>
        <p class="right price"><b>2.49 €</b></p>
        <p class="right unitPrice">177.88 € per kg</p>
    </div>
    <div class="contButton">
    <a class="button bgRed white addToCart" href="#">Add</a>
</div>
</div><div class="left product prod49"
        data-name="Cannamela S Oro Menta Foglie"
        data-price="1.99"
        data-id="3294"
        data-available="yes"
        data-category="4608"
        data-bestselling="">
    <a href="https://www.spesati.com/cannamela-s-oro-menta-foglie">
        <div style="background-image: url('https://cdn.spesati.com/images/products/000108660/cannamela-erbe-menta-foglie-8-g-01.png')">
            <div class="hover"></div>
            
            <div class="stickers"></div>
        </div>
    </a>
    <div>
        <h4><a href="https://www.spesati.com/cannamela-s-oro-menta-foglie"><b>Cannamela S Oro Menta Foglie</b></a></h4>
        <p class="description">Cannamela Erbe Menta Foglie 8 g</p>
        <p class="right price"><b>1.99 €</b></p>
        <p class="right unitPrice">248.73 € per kg</p>
    </div>
    <div class="contButton">
    <a class="button bgRed white addToCart" href="#">Add</a>
</div>
</div><div class="left product prod50"
        data-name="Zafferano Cuoco Sardo 3x125 Mg"
        data-price="4.59"
        data-id="25349"
        data-available="yes"
        data-category="4608"
        data-bestselling="">
    <a href="https://www.spesati.com/zafferano-cuoco-sardo-3x125-mg">
        <div style="background-image: url('https://cdn.spesati.com/images/products/000108658/zafferano-in-polvere-cuoco-sardo-3-dosi-x-125-mg-01.png')">
            <div class="hover"></div>
            
            <div class="stickers"></div>
        </div>
    </a>
    <div>
        <h4><a href="https://www.spesati.com/zafferano-cuoco-sardo-3x125-mg"><b>Zafferano Cuoco Sardo 3x125 Mg</b></a></h4>
        <p class="description">Zafferano in polvere Cuoco Sardo 3 dosi x 125 mg</p>
        <p class="right price"><b>4.59 €</b></p>
        <p class="right unitPrice">4.59 € per piece</p>
    </div>
    <div class="contButton">
    <a class="button bgRed white addToCart" href="#">Add</a>
</div>
</div><div class="left product prod51"
        data-name="Zafferano Monreale 3x125 Mg"
        data-price="3.95"
        data-id="25347"
        data-available="yes"
        data-category="4608"
        data-bestselling="">
    <a href="https://www.spesati.com/zafferano-monreale-3x125-mg">
        <div style="background-image: url('https://cdn.spesati.com/images/products/000108655/zafferano-in-polvere-monreale-3-dosi-x-125-mg-01.png')">
            <div class="hover"></div>
            
            <div class="stickers"></div>
        </div>
    </a>
    <div>
        <h4><a href="https://www.spesati.com/zafferano-monreale-3x125-mg"><b>Zafferano Monreale 3x125 Mg</b></a></h4>
        <p class="description">Zafferano in polvere Monreale 3 dosi x 125 mg</p>
        <p class="right price"><b>3.95 €</b></p>
        <p class="right unitPrice">3.95 € per piece</p>
    </div>
    <div class="contButton">
    <a class="button bgRed white addToCart" href="#">Add</a>
</div>
</div><div class="left product prod52"
        data-name="Zafferano Due Re X4bs 0,50 G"
        data-price="4.29"
        data-id="25346"
        data-available="yes"
        data-category="4608"
        data-bestselling="">
    <a href="https://www.spesati.com/zafferano-due-re-x4bs-050-g">
        <div style="background-image: url('https://cdn.spesati.com/images/products/000108654/due-re-zafferano-4-x-0125-g-01.png')">
            <div class="hover"></div>
            
            <div class="stickers"></div>
        </div>
    </a>
    <div>
        <h4><a href="https://www.spesati.com/zafferano-due-re-x4bs-050-g"><b>Zafferano Due Re X4bs 0,50 G</b></a></h4>
        <p class="description">Due Re zafferano 4 x 0,125 g</p>
        <p class="right price"><b>4.29 €</b></p>
        <p class="right unitPrice">4.29 € per piece</p>
    </div>
    <div class="contButton">
    <a class="button bgRed white addToCart" href="#">Add</a>
</div>
</div><div class="left product prod53"
        data-name="Aglio Macinato In Polvere Kg1"
        data-price="16.22"
        data-id="25341"
        data-available="yes"
        data-category="4608"
        data-bestselling="">
    <a href="https://www.spesati.com/aglio-macinato-in-polvere-kg1">
        <div style="background-image: url('https://cdn.spesati.com/images/products/000108645/cannamela-aglio-macinato-1000-g-01.png')">
            <div class="hover"></div>
            
            <div class="stickers"></div>
        </div>
    </a>
    <div>
        <h4><a href="https://www.spesati.com/aglio-macinato-in-polvere-kg1"><b>Aglio Macinato In Polvere Kg1</b></a></h4>
        <p class="description">Cannamela Aglio Macinato 1000 g</p>
        <p class="right price"><b>16.22 €</b></p>
        <p class="right unitPrice">16.23 € per kg</p>
    </div>
    <div class="contButton">
    <a class="button bgRed white addToCart" href="#">Add</a>
</div>
</div><div class="left product prod54"
        data-name="Salvia Foglie D&a Pet750"
        data-price="5.84"
        data-id="25339"
        data-available="yes"
        data-category="4608"
        data-bestselling="">
    <a href="https://www.spesati.com/salvia-foglie-da-pet750">
        <div style="background-image: url('https://cdn.spesati.com/images/products/000108640/drogheria-alimentari-la-festa-dei-sapori-salvia-foglie-135-g-01.png')">
            <div class="hover"></div>
            
            <div class="stickers"></div>
        </div>
    </a>
    <div>
        <h4><a href="https://www.spesati.com/salvia-foglie-da-pet750"><b>Salvia Foglie D&a Pet750</b></a></h4>
        <p class="description">Drogheria & Alimentari La Festa dei Sapori Salvia foglie 135 g</p>
        <p class="right price"><b>5.84 €</b></p>
        <p class="right unitPrice">43.26 € per kg</p>
    </div>
    <div class="contButton">
    <a class="button bgRed white addToCart" href="#">Add</a>
</div>
</div><div class="left product prod55"
        data-name="Prezzemolo Foglie D&a Cc750"
        data-price="5.53"
        data-id="25337"
        data-available="yes"
        data-category="4608"
        data-bestselling="1">
    <a href="https://www.spesati.com/prezzemolo-foglie-da-cc750">
        <div style="background-image: url('https://cdn.spesati.com/images/products/000108638/drogheria-alimentari-la-festa-dei-sapori-prezzemolo-foglie-125-g-01.png')">
            <div class="hover"></div>
            <p class="arrow bgRed white">Best Seller</p>
            <div class="stickers"></div>
        </div>
    </a>
    <div>
        <h4><a href="https://www.spesati.com/prezzemolo-foglie-da-cc750"><b>Prezzemolo Foglie D&a Cc750</b></a></h4>
        <p class="description">Drogheria & Alimentari La Festa dei Sapori Prezzemolo foglie 125 g</p>
        <p class="right price"><b>5.53 €</b></p>
        <p class="right unitPrice">44.26 € per kg</p>
    </div>
    <div class="contButton">
    <a class="button bgRed white addToCart" href="#">Add</a>
</div>
</div><div class="left product prod56"
        data-name="Pepe Nero Macinato D&a Cc750"
        data-price="11.43"
        data-id="25333"
        data-available="yes"
        data-category="4608"
        data-bestselling="">
    <a href="https://www.spesati.com/pepe-nero-macinato-da-cc750">
        <div style="background-image: url('https://cdn.spesati.com/images/products/000108632/drogheria-alimentari-la-festa-dei-sapori-pepe-nero-macinato-400-g-01.png')">
            <div class="hover"></div>
            
            <div class="stickers"></div>
        </div>
    </a>
    <div>
        <h4><a href="https://www.spesati.com/pepe-nero-macinato-da-cc750"><b>Pepe Nero Macinato D&a Cc750</b></a></h4>
        <p class="description">Drogheria & Alimentari La Festa dei Sapori Pepe Nero macinato 400 g</p>
        <p class="right price"><b>11.43 €</b></p>
        <p class="right unitPrice">28.57 € per kg</p>
    </div>
    <div class="contButton">
    <a class="button bgRed white addToCart" href="#">Add</a>
</div>
</div><div class="left product prod57"
        data-name="Pepe Nero Tell Grani D&a Cc750"
        data-price="11.28"
        data-id="25332"
        data-available="yes"
        data-category="4608"
        data-bestselling="">
    <a href="https://www.spesati.com/pepe-nero-tell-grani-da-cc750">
        <div style="background-image: url('https://cdn.spesati.com/images/products/000108631/drogheria-alimentari-la-festa-dei-sapori-pepe-nero-tellicherry-grani-400-g-01.png')">
            <div class="hover"></div>
            
            <div class="stickers"></div>
        </div>
    </a>
    <div>
        <h4><a href="https://www.spesati.com/pepe-nero-tell-grani-da-cc750"><b>Pepe Nero Tell Grani D&a Cc750</b></a></h4>
        <p class="description">Drogheria & Alimentari La Festa dei Sapori Pepe Nero Tellicherry grani 400 g</p>
        <p class="right price"><b>11.28 €</b></p>
        <p class="right unitPrice">28.19 € per kg</p>
    </div>
    <div class="contButton">
    <a class="button bgRed white addToCart" href="#">Add</a>
</div>
</div><div class="left product prod58"
        data-name="Paprika Dolce D&a Cc750"
        data-price="6.82"
        data-id="25331"
        data-available="yes"
        data-category="4608"
        data-bestselling="">
    <a href="https://www.spesati.com/paprika-dolce-da-cc750">
        <div style="background-image: url('https://cdn.spesati.com/images/products/000108629/drogheria-alimentari-la-festa-dei-sapori-paprika-dolce-400-g-01.png')">
            <div class="hover"></div>
            
            <div class="stickers"></div>
        </div>
    </a>
    <div>
        <h4><a href="https://www.spesati.com/paprika-dolce-da-cc750"><b>Paprika Dolce D&a Cc750</b></a></h4>
        <p class="description">Drogheria & Alimentari La Festa dei Sapori Paprika Dolce 400 g</p>
        <p class="right price"><b>6.82 €</b></p>
        <p class="right unitPrice">17.05 € per kg</p>
    </div>
    <div class="contButton">
    <a class="button bgRed white addToCart" href="#">Add</a>
</div>
</div><div class="left product prod59"
        data-name="Origano in foglie d&a 750cc"
        data-price="5.31"
        data-id="5145"
        data-available="yes"
        data-category="4608"
        data-bestselling="1">
    <a href="https://www.spesati.com/origano-in-foglie-da-750cc">
        <div style="background-image: url('https://cdn.spesati.com/images/products/000108628/drogheria-alimentari-la-festa-dei-sapori-origano-foglie-120-g-01.png')">
            <div class="hover"></div>
            <p class="arrow bgRed white">Best Seller</p>
            <div class="stickers"></div>
        </div>
    </a>
    <div>
        <h4><a href="https://www.spesati.com/origano-in-foglie-da-750cc"><b>Origano in foglie d&a 750cc</b></a></h4>
        <p class="description">Drogheria & Alimentari La Festa dei Sapori Origano foglie 120 g</p>
        <p class="right price"><b>5.31 €</b></p>
        <p class="right unitPrice">70.74 € per kg</p>
    </div>
    <div class="contButton">
    <a class="button bgRed white addToCart" href="#">Add</a>
</div>
</div><div class="left product prod60"
        data-name="Basilico In Foglie D&a Cc750"
        data-price="4.21"
        data-id="25326"
        data-available="yes"
        data-category="4608"
        data-bestselling="">
    <a href="https://www.spesati.com/basilico-in-foglie-da-cc750">
        <div style="background-image: url('https://cdn.spesati.com/images/products/000108621/drogheria-alimentari-la-festa-dei-sapori-basilico-foglie-135-g-01.png')">
            <div class="hover"></div>
            
            <div class="stickers"></div>
        </div>
    </a>
    <div>
        <h4><a href="https://www.spesati.com/basilico-in-foglie-da-cc750"><b>Basilico In Foglie D&a Cc750</b></a></h4>
        <p class="description">Drogheria & Alimentari La Festa dei Sapori Basilico foglie 135 g</p>
        <p class="right price"><b>4.21 €</b></p>
        <p class="right unitPrice">31.21 € per kg</p>
    </div>
    <div class="contButton">
    <a class="button bgRed white addToCart" href="#">Add</a>
</div>
</div><div class="left product prod61"
        data-name="Erbe Per Arrosti D&a Gr 500"
        data-price="6.82"
        data-id="25323"
        data-available="yes"
        data-category="4608"
        data-bestselling="">
    <a href="https://www.spesati.com/erbe-per-arrosti-da-gr-500">
        <div style="background-image: url('https://cdn.spesati.com/images/products/000108616/drogheria-alimentari-la-festa-dei-sapori-erbe-per-arrosti-500-g-01.png')">
            <div class="hover"></div>
            
            <div class="stickers"></div>
        </div>
    </a>
    <div>
        <h4><a href="https://www.spesati.com/erbe-per-arrosti-da-gr-500"><b>Erbe Per Arrosti D&a Gr 500</b></a></h4>
        <p class="description">Drogheria & Alimentari La Festa dei Sapori Erbe per Arrosti 500 g</p>
        <p class="right price"><b>6.82 €</b></p>
        <p class="right unitPrice">13.64 € per kg</p>
    </div>
    <div class="contButton">
    <a class="button bgRed white addToCart" href="#">Add</a>
</div>
</div><div class="left product prod62"
        data-name="Pepe Verde Sala D&a Pet Cc750"
        data-price="12.45"
        data-id="25319"
        data-available="yes"
        data-category="4608"
        data-bestselling="">
    <a href="https://www.spesati.com/pepe-verde-sala-da-pet-cc750">
        <div style="background-image: url('https://cdn.spesati.com/images/products/000108608/la-drogheria-1880-pepe-verde-in-salamoia-750-g-01.png')">
            <div class="hover"></div>
            
            <div class="stickers"></div>
        </div>
    </a>
    <div>
        <h4><a href="https://www.spesati.com/pepe-verde-sala-da-pet-cc750"><b>Pepe Verde Sala D&a Pet Cc750</b></a></h4>
        <p class="description">La Drogheria 1880 Pepe Verde in Salamoia 750 g</p>
        <p class="right price"><b>12.45 €</b></p>
        <p class="right unitPrice">31.13 € per kg</p>
    </div>
    <div class="contButton">
    <a class="button bgRed white addToCart" href="#">Add</a>
</div>
</div><div class="left product prod63"
        data-name="Pepe Rosa Salamoia D&a Gr 400"
        data-price="23.60"
        data-id="25304"
        data-available="yes"
        data-category="4608"
        data-bestselling="">
    <a href="https://www.spesati.com/pepe-rosa-salamoia-da-gr-400">
        <div style="background-image: url('https://cdn.spesati.com/images/products/000108576/la-drogheria-1880-pepe-rosa-in-salamoia-750-g-01.png')">
            <div class="hover"></div>
            
            <div class="stickers"></div>
        </div>
    </a>
    <div>
        <h4><a href="https://www.spesati.com/pepe-rosa-salamoia-da-gr-400"><b>Pepe Rosa Salamoia D&a Gr 400</b></a></h4>
        <p class="description">La Drogheria 1880 Pepe Rosa in Salamoia 750 g</p>
        <p class="right price"><b>23.60 €</b></p>
        <p class="right unitPrice">58.99 € per kg</p>
    </div>
    <div class="contButton">
    <a class="button bgRed white addToCart" href="#">Add</a>
</div>
</div><div class="left product prod64"
        data-name="Papavero Cannamela Foglia Oro 40Gr"
        data-price="2.75"
        data-id="6197"
        data-available="yes"
        data-category="4608"
        data-bestselling="">
    <a href="https://www.spesati.com/papavero-cannamela-foglia-oro-40gr">
        <div style="background-image: url('https://cdn.spesati.com/images/products/000108559/cannamela-erbe-papavero-semi-35-g-01.png')">
            <div class="hover"></div>
            
            <div class="stickers"></div>
        </div>
    </a>
    <div>
        <h4><a href="https://www.spesati.com/papavero-cannamela-foglia-oro-40gr"><b>Papavero Cannamela Foglia Oro 40Gr</b></a></h4>
        <p class="description">Cannamela Erbe Papavero Semi 35 g</p>
        <p class="right price"><b>2.75 €</b></p>
        <p class="right unitPrice">68.75 € per kg</p>
    </div>
    <div class="contButton">
    <a class="button bgRed white addToCart" href="#">Add</a>
</div>
</div><div class="left product prod65"
        data-name="Cannamela Spezie Oro Prezzemolo Foglie 8Gr"
        data-price="1.99"
        data-id="6016"
        data-available="yes"
        data-category="4608"
        data-bestselling="">
    <a href="https://www.spesati.com/cannamela-spezie-oro-prezzemolo-foglie-8gr">
        <div style="background-image: url('https://cdn.spesati.com/images/products/000108558/cannamela-prezzemolo-foglie-8-g-01.png')">
            <div class="hover"></div>
            
            <div class="stickers"></div>
        </div>
    </a>
    <div>
        <h4><a href="https://www.spesati.com/cannamela-spezie-oro-prezzemolo-foglie-8gr"><b>Cannamela Spezie Oro Prezzemolo Foglie 8Gr</b></a></h4>
        <p class="description">Cannamela Prezzemolo Foglie 8 g</p>
        <p class="right price"><b>1.99 €</b></p>
        <p class="right unitPrice">248.70 € per kg</p>
    </div>
    <div class="contButton">
    <a class="button bgRed white addToCart" href="#">Add</a>
</div>
</div><div class="left product prod66"
        data-name="Maggiorana Cannamela Foglie 7Gr"
        data-price="2.49"
        data-id="6577"
        data-available="yes"
        data-category="4608"
        data-bestselling="">
    <a href="https://www.spesati.com/maggiorana-cannamela-foglie-7gr">
        <div style="background-image: url('https://cdn.spesati.com/images/products/000108557/cannamela-erbe-maggiorana-foglie-5-g-01.png')">
            <div class="hover"></div>
            
            <div class="stickers"></div>
        </div>
    </a>
    <div>
        <h4><a href="https://www.spesati.com/maggiorana-cannamela-foglie-7gr"><b>Maggiorana Cannamela Foglie 7Gr</b></a></h4>
        <p class="description">Cannamela Erbe Maggiorana Foglie 5 g</p>
        <p class="right price"><b>2.49 €</b></p>
        <p class="right unitPrice">355.77 € per kg</p>
    </div>
    <div class="contButton">
    <a class="button bgRed white addToCart" href="#">Add</a>
</div>
</div><div class="left product prod67"
        data-name="Rosmarino Cannamela Foglie 14Gr"
        data-price="1.99"
        data-id="7124"
        data-available="yes"
        data-category="4608"
        data-bestselling="2">
    <a href="https://www.spesati.com/rosmarino-cannamela-foglie-14gr">
        <div style="background-image: url('https://cdn.spesati.com/images/products/000108556/cannamela-erbe-rosmarino-foglie-14-g-01.png')">
            <div class="hover"></div>
            <p class="arrow bgRed white">Best Seller</p>
            <div class="stickers"></div>
        </div>
    </a>
    <div>
        <h4><a href="https://www.spesati.com/rosmarino-cannamela-foglie-14gr"><b>Rosmarino Cannamela Foglie 14Gr</b></a></h4>
        <p class="description">Cannamela Erbe Rosmarino Foglie 14 g</p>
        <p class="right price"><b>1.99 €</b></p>
        <p class="right unitPrice">142.13 € per kg</p>
    </div>
    <div class="contButton">
    <a class="button bgRed white addToCart" href="#">Add</a>
</div>
</div><div class="left product prod68"
        data-name="Cannamela S Oro Chiodi Garofano"
        data-price="2.55"
        data-id="3293"
        data-available="yes"
        data-category="4608"
        data-bestselling="">
    <a href="https://www.spesati.com/cannamela-s-oro-chiodi-garofano">
        <div style="background-image: url('https://cdn.spesati.com/images/products/000108555/cannamela-spezie-chiodi-di-garofano-interi-20-g-01.png')">
            <div class="hover"></div>
            
            <div class="stickers"></div>
        </div>
    </a>
    <div>
        <h4><a href="https://www.spesati.com/cannamela-s-oro-chiodi-garofano"><b>Cannamela S Oro Chiodi Garofano</b></a></h4>
        <p class="description">Cannamela Spezie Chiodi di Garofano Interi 20 g</p>
        <p class="right price"><b>2.55 €</b></p>
        <p class="right unitPrice">127.49 € per kg</p>
    </div>
    <div class="contButton">
    <a class="button bgRed white addToCart" href="#">Add</a>
</div>
</div><div class="left product prod69"
        data-name="La Saporita Spezie In Bustone"
        data-price="2.89"
        data-id="2894"
        data-available="yes"
        data-category="4608"
        data-bestselling="">
    <a href="https://www.spesati.com/la-saporita-spezie-in-bustone">
        <div style="background-image: url('https://cdn.spesati.com/images/products/000108554/flli-rebecchi-valtrebbia-droga-la-saporita-4-x-4-g-01.png')">
            <div class="hover"></div>
            
            <div class="stickers"></div>
        </div>
    </a>
    <div>
        <h4><a href="https://www.spesati.com/la-saporita-spezie-in-bustone"><b>La Saporita Spezie In Bustone</b></a></h4>
        <p class="description">F.lli Rebecchi Valtrebbia Droga "la Saporita" 4 x 4 g</p>
        <p class="right price"><b>2.89 €</b></p>
        <p class="right unitPrice">0.73 € per kg</p>
    </div>
    <div class="contButton">
    <a class="button bgRed white addToCart" href="#">Add</a>
</div>
</div><div class="left product prod70"
        data-name="Cipolla Cannamela Fiocchi Oro 18Gr"
        data-price="2.15"
        data-id="6576"
        data-available="yes"
        data-category="4608"
        data-bestselling="1">
    <a href="https://www.spesati.com/cipolla-cannamela-fiocchi-oro-18gr">
        <div style="background-image: url('https://cdn.spesati.com/images/products/000108553/cannamela-verdure-cipolla-fiocchi-18-g-01.png')">
            <div class="hover"></div>
            <p class="arrow bgRed white">Best Seller</p>
            <div class="stickers"></div>
        </div>
    </a>
    <div>
        <h4><a href="https://www.spesati.com/cipolla-cannamela-fiocchi-oro-18gr"><b>Cipolla Cannamela Fiocchi Oro 18Gr</b></a></h4>
        <p class="description">Cannamela Verdure Cipolla Fiocchi 18 g</p>
        <p class="right price"><b>2.15 €</b></p>
        <p class="right unitPrice">119.42 € per kg</p>
    </div>
    <div class="contButton">
    <a class="button bgRed white addToCart" href="#">Add</a>
</div>
</div><div class="left product prod71"
        data-name="Salvia Cannamela Foglie Oro 8 Gr"
        data-price="2.07"
        data-id="4947"
        data-available="yes"
        data-category="4608"
        data-bestselling="">
    <a href="https://www.spesati.com/salvia-cannamela-foglie-oro-8-gr">
        <div style="background-image: url('https://cdn.spesati.com/images/products/000108551/cannamela-salvia-foglie-8-g-01.png')">
            <div class="hover"></div>
            
            <div class="stickers"></div>
        </div>
    </a>
    <div>
        <h4><a href="https://www.spesati.com/salvia-cannamela-foglie-oro-8-gr"><b>Salvia Cannamela Foglie Oro 8 Gr</b></a></h4>
        <p class="description">Cannamela Salvia Foglie 8 g</p>
        <p class="right price"><b>2.07 €</b></p>
        <p class="right unitPrice">258.23 € per kg</p>
    </div>
    <div class="contButton">
    <a class="button bgRed white addToCart" href="#">Add</a>
</div>
</div><div class="left product prod72"
        data-name="Timo Cannamella In Foglie 12Gr"
        data-price="2.75"
        data-id="6022"
        data-available="yes"
        data-category="4608"
        data-bestselling="">
    <a href="https://www.spesati.com/timo-cannamella-in-foglie-12gr">
        <div style="background-image: url('https://cdn.spesati.com/images/products/000108549/cannamela-erbe-timo-foglie-8-g-01.png')">
            <div class="hover"></div>
            
            <div class="stickers"></div>
        </div>
    </a>
    <div>
        <h4><a href="https://www.spesati.com/timo-cannamella-in-foglie-12gr"><b>Timo Cannamella In Foglie 12Gr</b></a></h4>
        <p class="description">Cannamela Erbe Timo Foglie 8 g</p>
        <p class="right price"><b>2.75 €</b></p>
        <p class="right unitPrice">229.16 € per kg</p>
    </div>
    <div class="contButton">
    <a class="button bgRed white addToCart" href="#">Add</a>
</div>
</div><div class="left product prod73"
        data-name="Cannamela S Oro Alloro Frantoio"
        data-price="2.49"
        data-id="3292"
        data-available="yes"
        data-category="4608"
        data-bestselling="">
    <a href="https://www.spesati.com/cannamela-s-oro-alloro-frantoio">
        <div style="background-image: url('https://cdn.spesati.com/images/products/000108548/cannamela-erbe-alloro-foglie-12-g-01.png')">
            <div class="hover"></div>
            
            <div class="stickers"></div>
        </div>
    </a>
    <div>
        <h4><a href="https://www.spesati.com/cannamela-s-oro-alloro-frantoio"><b>Cannamela S Oro Alloro Frantoio</b></a></h4>
        <p class="description">Cannamela Erbe Alloro Foglie 12 g</p>
        <p class="right price"><b>2.49 €</b></p>
        <p class="right unitPrice">207.54 € per kg</p>
    </div>
    <div class="contButton">
    <a class="button bgRed white addToCart" href="#">Add</a>
</div>
</div><div class="left product prod74"
        data-name="Cannamela Spezie Tappom Pepe Nero"
        data-price="2.59"
        data-id="3299"
        data-available="yes"
        data-category="4608"
        data-bestselling="">
    <a href="https://www.spesati.com/cannamela-spezie-tappom-pepe-nero">
        <div style="background-image: url('https://cdn.spesati.com/images/products/000108547/cannamela-pepe-nero-tappo-macina-28-g-01.png')">
            <div class="hover"></div>
            
            <div class="stickers"></div>
        </div>
    </a>
    <div>
        <h4><a href="https://www.spesati.com/cannamela-spezie-tappom-pepe-nero"><b>Cannamela Spezie Tappom Pepe Nero</b></a></h4>
        <p class="description">Cannamela Pepe Nero Tappo Macina 28 g</p>
        <p class="right price"><b>2.59 €</b></p>
        <p class="right unitPrice">86.35 € per kg</p>
    </div>
    <div class="contButton">
    <a class="button bgRed white addToCart" href="#">Add</a>
</div>
</div><div class="left product prod75"
        data-name="Pepe Verde Con Macinino 12Gr"
        data-price="2.59"
        data-id="6574"
        data-available="yes"
        data-category="4608"
        data-bestselling="">
    <a href="https://www.spesati.com/pepe-verde-con-macinino-12gr">
        <div style="background-image: url('https://cdn.spesati.com/images/products/000108546/cannamela-pepe-verde-tappo-macina-12-g-01.png')">
            <div class="hover"></div>
            
            <div class="stickers"></div>
        </div>
    </a>
    <div>
        <h4><a href="https://www.spesati.com/pepe-verde-con-macinino-12gr"><b>Pepe Verde Con Macinino 12Gr</b></a></h4>
        <p class="description">Cannamela Pepe Verde Tappo Macina 12 g</p>
        <p class="right price"><b>2.59 €</b></p>
        <p class="right unitPrice">215.88 € per kg</p>
    </div>
    <div class="contButton">
    <a class="button bgRed white addToCart" href="#">Add</a>
</div>
</div><div class="left product prod76"
        data-name="Curcuma Cannamela Mac Oro 30gr"
        data-price="2.55"
        data-id="25294"
        data-available="yes"
        data-category="4608"
        data-bestselling="">
    <a href="https://www.spesati.com/curcuma-cannamela-mac-oro-30gr">
        <div style="background-image: url('https://cdn.spesati.com/images/products/000108545/cannamela-spezie-curcuma-macinata-30-g-01.png')">
            <div class="hover"></div>
            
            <div class="stickers"></div>
        </div>
    </a>
    <div>
        <h4><a href="https://www.spesati.com/curcuma-cannamela-mac-oro-30gr"><b>Curcuma Cannamela Mac Oro 30gr</b></a></h4>
        <p class="description">Cannamela Spezie Curcuma Macinata 30 g</p>
        <p class="right price"><b>2.55 €</b></p>
        <p class="right unitPrice">85.00 € per kg</p>
    </div>
    <div class="contButton">
    <a class="button bgRed white addToCart" href="#">Add</a>
</div>
</div><div class="left product prod77"
        data-name="Origano Mediterraneo D&a 250 G"
        data-price="6.01"
        data-id="25227"
        data-available="yes"
        data-category="4608"
        data-bestselling="">
    <a href="https://www.spesati.com/origano-mediterraneo-da-250-g">
        <div style="background-image: url('https://cdn.spesati.com/images/products/000108446/drogheria-alimentari-la-festa-dei-sapori-origano-foglie-essiccate-250-g-01.png')">
            <div class="hover"></div>
            
            <div class="stickers"></div>
        </div>
    </a>
    <div>
        <h4><a href="https://www.spesati.com/origano-mediterraneo-da-250-g"><b>Origano Mediterraneo D&a 250 G</b></a></h4>
        <p class="description">Drogheria & Alimentari La Festa dei Sapori Origano Foglie Essiccate 250 g</p>
        <p class="right price"><b>6.01 €</b></p>
        <p class="right unitPrice">24.02 € per kg</p>
    </div>
    <div class="contButton">
    <a class="button bgRed white addToCart" href="#">Add</a>
</div>
</div><div class="left product prod78"
        data-name="Cannella Stecche D&a Cm25 G500"
        data-price="33.72"
        data-id="25200"
        data-available="yes"
        data-category="4608"
        data-bestselling="">
    <a href="https://www.spesati.com/cannella-stecche-da-cm25-g500">
        <div style="background-image: url('https://cdn.spesati.com/images/products/000108385/drogheria-alimentari-la-festa-dei-sapori-cannella-essiccata-500-g-01.png')">
            <div class="hover"></div>
            
            <div class="stickers"></div>
        </div>
    </a>
    <div>
        <h4><a href="https://www.spesati.com/cannella-stecche-da-cm25-g500"><b>Cannella Stecche D&a Cm25 G500</b></a></h4>
        <p class="description">Drogheria & Alimentari La Festa dei Sapori Cannella Essiccata 500 g</p>
        <p class="right price"><b>33.72 €</b></p>
        <p class="right unitPrice">67.44 € per kg</p>
    </div>
    <div class="contButton">
    <a class="button bgRed white addToCart" href="#">Add</a>
</div>
</div><div class="left product prod79"
        data-name="Peperoncino Mac D&a Kg 1"
        data-price="14.74"
        data-id="25199"
        data-available="yes"
        data-category="4608"
        data-bestselling="">
    <a href="https://www.spesati.com/peperoncino-mac-da-kg-1">
        <div style="background-image: url('https://cdn.spesati.com/images/products/000108384/drogheria-alimentari-la-festa-dei-sapori-peperoncino-essiccato-macinato-1000-g-01.png')">
            <div class="hover"></div>
            
            <div class="stickers"></div>
        </div>
    </a>
    <div>
        <h4><a href="https://www.spesati.com/peperoncino-mac-da-kg-1"><b>Peperoncino Mac D&a Kg 1</b></a></h4>
        <p class="description">Drogheria & Alimentari La Festa dei Sapori Peperoncino Essiccato Macinato 1000 g</p>
        <p class="right price"><b>14.74 €</b></p>
        <p class="right unitPrice">14.74 € per kg</p>
    </div>
    <div class="contButton">
    <a class="button bgRed white addToCart" href="#">Add</a>
</div>
</div><div class="left product prod80"
        data-name="Pepe Nero Mac D&a Kg 1"
        data-price="22.90"
        data-id="25198"
        data-available="yes"
        data-category="4608"
        data-bestselling="">
    <a href="https://www.spesati.com/pepe-nero-mac-da-kg-1">
        <div style="background-image: url('https://cdn.spesati.com/images/products/000108383/drogheria-alimentari-la-festa-dei-sapori-pepe-nero-essiccato-macinato-1000-g-01.png')">
            <div class="hover"></div>
            
            <div class="stickers"></div>
        </div>
    </a>
    <div>
        <h4><a href="https://www.spesati.com/pepe-nero-mac-da-kg-1"><b>Pepe Nero Mac D&a Kg 1</b></a></h4>
        <p class="description">Drogheria & Alimentari La Festa dei Sapori Pepe Nero Essiccato Macinato 1000 g</p>
        <p class="right price"><b>22.90 €</b></p>
        <p class="right unitPrice">22.90 € per kg</p>
    </div>
    <div class="contButton">
    <a class="button bgRed white addToCart" href="#">Add</a>
</div>
</div><div class="left product prod81"
        data-name="Pepe Nero Grani D&a Kg 1"
        data-price="14.95"
        data-id="25197"
        data-available="yes"
        data-category="4608"
        data-bestselling="">
    <a href="https://www.spesati.com/pepe-nero-grani-da-kg-1">
        <div style="background-image: url('https://cdn.spesati.com/images/products/000108379/drogheria-alimentari-la-festa-dei-sapori-pepe-nero-grani-essiccato-1000-g-01.png')">
            <div class="hover"></div>
            
            <div class="stickers"></div>
        </div>
    </a>
    <div>
        <h4><a href="https://www.spesati.com/pepe-nero-grani-da-kg-1"><b>Pepe Nero Grani D&a Kg 1</b></a></h4>
        <p class="description">Drogheria & Alimentari La Festa dei Sapori Pepe Nero Grani Essiccato 1000 g</p>
        <p class="right price"><b>14.95 €</b></p>
        <p class="right unitPrice">14.95 € per kg</p>
    </div>
    <div class="contButton">
    <a class="button bgRed white addToCart" href="#">Add</a>
</div>
</div><div class="left product prod82"
        data-name="Noci Moscate Macin D&a Kg 1"
        data-price="59.18"
        data-id="25195"
        data-available="yes"
        data-category="4608"
        data-bestselling="">
    <a href="https://www.spesati.com/noci-moscate-macin-da-kg-1">
        <div style="background-image: url('https://cdn.spesati.com/images/products/000108377/drogheria-alimentari-la-festa-dei-sapori-noce-moscata-essiccata-macinata-1000-g-01.png')">
            <div class="hover"></div>
            
            <div class="stickers"></div>
        </div>
    </a>
    <div>
        <h4><a href="https://www.spesati.com/noci-moscate-macin-da-kg-1"><b>Noci Moscate Macin D&a Kg 1</b></a></h4>
        <p class="description">Drogheria & Alimentari La Festa dei Sapori Noce Moscata Essiccata Macinata 1000 g</p>
        <p class="right price"><b>59.18 €</b></p>
        <p class="right unitPrice">59.18 € per kg</p>
    </div>
    <div class="contButton">
    <a class="button bgRed white addToCart" href="#">Add</a>
</div>
</div><div class="left product prod83"
        data-name="Condoro Per Patate Drogherie&Alimentari 120Gr"
        data-price="2.63"
        data-id="6644"
        data-available="yes"
        data-category="4608"
        data-bestselling="">
    <a href="https://www.spesati.com/condoro-per-patate-drogheriealimentari-120gr">
        <div style="background-image: url('https://cdn.spesati.com/images/products/000108303/condoro-patate-fritte-e-arrosto-120-g-01.png')">
            <div class="hover"></div>
            
            <div class="stickers"></div>
        </div>
    </a>
    <div>
        <h4><a href="https://www.spesati.com/condoro-per-patate-drogheriealimentari-120gr"><b>Condoro Per Patate Drogherie&Alimentari 120Gr</b></a></h4>
        <p class="description">CondOro Patate fritte e arrosto 120 g</p>
        <p class="right price"><b>2.63 €</b></p>
        <p class="right unitPrice">21.92 € per kg</p>
    </div>
    <div class="contButton">
    <a class="button bgRed white addToCart" href="#">Add</a>
</div>
</div><div class="left product prod84"
        data-name="Condoro Per Carni Drogherie & Alimentari 120Gr"
        data-price="2.63"
        data-id="6192"
        data-available="yes"
        data-category="4608"
        data-bestselling="">
    <a href="https://www.spesati.com/condoro-per-carni-drogherie-alimentari-120gr">
        <div style="background-image: url('https://cdn.spesati.com/images/products/000108302/condoro-linsaporitore-carni-arrosto-e-alla-griglia-120-g-01.png')">
            <div class="hover"></div>
            
            <div class="stickers"></div>
        </div>
    </a>
    <div>
        <h4><a href="https://www.spesati.com/condoro-per-carni-drogherie-alimentari-120gr"><b>Condoro Per Carni Drogherie & Alimentari 120Gr</b></a></h4>
        <p class="description">CondOro l'insaporitore Carni arrosto e alla griglia 120 g</p>
        <p class="right price"><b>2.63 €</b></p>
        <p class="right unitPrice">21.92 € per kg</p>
    </div>
    <div class="contButton">
    <a class="button bgRed white addToCart" href="#">Add</a>
</div>
</div><div class="left product prod85"
        data-name="Peperonc Frantumato Bs Gr500"
        data-price="6.59"
        data-id="25173"
        data-available="yes"
        data-category="4608"
        data-bestselling="">
    <a href="https://www.spesati.com/peperonc-frantumato-bs-gr500">
        <div style="background-image: url('https://cdn.spesati.com/images/products/000108222/drogheria-alimentari-la-festa-dei-sapori-peperoncino-essiccato-frantumato-500-g-01.png')">
            <div class="hover"></div>
            
            <div class="stickers"></div>
        </div>
    </a>
    <div>
        <h4><a href="https://www.spesati.com/peperonc-frantumato-bs-gr500"><b>Peperonc Frantumato Bs Gr500</b></a></h4>
        <p class="description">Drogheria & Alimentari La Festa dei Sapori Peperoncino Essiccato Frantumato 500 g</p>
        <p class="right price"><b>6.59 €</b></p>
        <p class="right unitPrice">13.17 € per kg</p>
    </div>
    <div class="contButton">
    <a class="button bgRed white addToCart" href="#">Add</a>
</div>
</div><div class="left product prod86"
        data-name="Rosmarino Cannamela Foglie Kg1"
        data-price="12.69"
        data-id="25166"
        data-available="yes"
        data-category="4608"
        data-bestselling="">
    <a href="https://www.spesati.com/rosmarino-cannamela-foglie-kg1">
        <div style="background-image: url('https://cdn.spesati.com/images/products/000108155/cannamela-rosmarino-foglie-1000-g-01.png')">
            <div class="hover"></div>
            
            <div class="stickers"></div>
        </div>
    </a>
    <div>
        <h4><a href="https://www.spesati.com/rosmarino-cannamela-foglie-kg1"><b>Rosmarino Cannamela Foglie Kg1</b></a></h4>
        <p class="description">Cannamela Rosmarino Foglie 1000 g</p>
        <p class="right price"><b>12.69 €</b></p>
        <p class="right unitPrice">12.69 € per kg</p>
    </div>
    <div class="contButton">
    <a class="button bgRed white addToCart" href="#">Add</a>
</div>
</div><div class="left product prod87"
        data-name="Pepe Nero Cannamela Tel Mac 1k"
        data-price="16.61"
        data-id="25165"
        data-available="yes"
        data-category="4608"
        data-bestselling="">
    <a href="https://www.spesati.com/pepe-nero-cannamela-tel-mac-1k">
        <div style="background-image: url('https://cdn.spesati.com/images/products/000108154/cannamela-pepe-nero-tellicherry-macinato-1000-g-01.png')">
            <div class="hover"></div>
            
            <div class="stickers"></div>
        </div>
    </a>
    <div>
        <h4><a href="https://www.spesati.com/pepe-nero-cannamela-tel-mac-1k"><b>Pepe Nero Cannamela Tel Mac 1k</b></a></h4>
        <p class="description">Cannamela Pepe Nero Tellicherry macinato 1000 g</p>
        <p class="right price"><b>16.61 €</b></p>
        <p class="right unitPrice">16.61 € per kg</p>
    </div>
    <div class="contButton">
    <a class="button bgRed white addToCart" href="#">Add</a>
</div>
</div><div class="left product prod88"
        data-name="Pepe Nero Cannamela Tel Gra 1k"
        data-price="16.61"
        data-id="25164"
        data-available="yes"
        data-category="4608"
        data-bestselling="">
    <a href="https://www.spesati.com/pepe-nero-cannamela-tel-gra-1k">
        <div style="background-image: url('https://cdn.spesati.com/images/products/000108153/cannamela-pepe-nero-tell-grani-1000-g-01.png')">
            <div class="hover"></div>
            
            <div class="stickers"></div>
        </div>
    </a>
    <div>
        <h4><a href="https://www.spesati.com/pepe-nero-cannamela-tel-gra-1k"><b>Pepe Nero Cannamela Tel Gra 1k</b></a></h4>
        <p class="description">Cannamela Pepe nero Tell. Grani 1000 g</p>
        <p class="right price"><b>16.61 €</b></p>
        <p class="right unitPrice">16.61 € per kg</p>
    </div>
    <div class="contButton">
    <a class="button bgRed white addToCart" href="#">Add</a>
</div>
</div><div class="left product prod89"
        data-name="Peperoncini Cannamela Macin 1k"
        data-price="14.11"
        data-id="25163"
        data-available="yes"
        data-category="4608"
        data-bestselling="">
    <a href="https://www.spesati.com/peperoncini-cannamela-macin-1k">
        <div style="background-image: url('https://cdn.spesati.com/images/products/000108150/cannamela-peperoncini-macinati-1000-g-01.png')">
            <div class="hover"></div>
            
            <div class="stickers"></div>
        </div>
    </a>
    <div>
        <h4><a href="https://www.spesati.com/peperoncini-cannamela-macin-1k"><b>Peperoncini Cannamela Macin 1k</b></a></h4>
        <p class="description">Cannamela Peperoncini Macinati 1000 g</p>
        <p class="right price"><b>14.11 €</b></p>
        <p class="right unitPrice">14.10 € per kg</p>
    </div>
    <div class="contButton">
    <a class="button bgRed white addToCart" href="#">Add</a>
</div>
</div><div class="left product prod90"
        data-name="Peperoncini Cannamela Frant 1k"
        data-price="13.09"
        data-id="25162"
        data-available="yes"
        data-category="4608"
        data-bestselling="">
    <a href="https://www.spesati.com/peperoncini-cannamela-frant-1k">
        <div style="background-image: url('https://cdn.spesati.com/images/products/000108149/cannamela-peperoncini-frantumati-1000-g-01.png')">
            <div class="hover"></div>
            
            <div class="stickers"></div>
        </div>
    </a>
    <div>
        <h4><a href="https://www.spesati.com/peperoncini-cannamela-frant-1k"><b>Peperoncini Cannamela Frant 1k</b></a></h4>
        <p class="description">Cannamela Peperoncini Frantumati 1000 g</p>
        <p class="right price"><b>13.09 €</b></p>
        <p class="right unitPrice">13.09 € per kg</p>
    </div>
    <div class="contButton">
    <a class="button bgRed white addToCart" href="#">Add</a>
</div>
</div><div class="left product prod91"
        data-name="Noci Moscate Cannamela Mac 1kg"
        data-price="29.78"
        data-id="25161"
        data-available="yes"
        data-category="4608"
        data-bestselling="">
    <a href="https://www.spesati.com/noci-moscate-cannamela-mac-1kg">
        <div style="background-image: url('https://cdn.spesati.com/images/products/000108099/cannamela-noci-moscate-macinate-1000-g-01.png')">
            <div class="hover"></div>
            
            <div class="stickers"></div>
        </div>
    </a>
    <div>
        <h4><a href="https://www.spesati.com/noci-moscate-cannamela-mac-1kg"><b>Noci Moscate Cannamela Mac 1kg</b></a></h4>
        <p class="description">Cannamela Noci Moscate Macinate 1000 g</p>
        <p class="right price"><b>29.78 €</b></p>
        <p class="right unitPrice">29.78 € per kg</p>
    </div>
    <div class="contButton">
    <a class="button bgRed white addToCart" href="#">Add</a>
</div>
</div><div class="left product prod92"
        data-name="Noci Moscate Cannamela Int 1kg"
        data-price="27.95"
        data-id="25160"
        data-available="yes"
        data-category="4608"
        data-bestselling="">
    <a href="https://www.spesati.com/noci-moscate-cannamela-int-1kg">
        <div style="background-image: url('https://cdn.spesati.com/images/products/000108098/cannamela-noci-moscate-intere-80-1000-g-01.png')">
            <div class="hover"></div>
            
            <div class="stickers"></div>
        </div>
    </a>
    <div>
        <h4><a href="https://www.spesati.com/noci-moscate-cannamela-int-1kg"><b>Noci Moscate Cannamela Int 1kg</b></a></h4>
        <p class="description">Cannamela Noci Moscate intere 80 1000 g</p>
        <p class="right price"><b>27.95 €</b></p>
        <p class="right unitPrice">27.95 € per kg</p>
    </div>
    <div class="contButton">
    <a class="button bgRed white addToCart" href="#">Add</a>
</div>
</div><div class="left product prod93"
        data-name="Pepe Nero Cannamela Mac.bst40g"
        data-price="1.69"
        data-id="25159"
        data-available="yes"
        data-category="4608"
        data-bestselling="1">
    <a href="https://www.spesati.com/pepe-nero-cannamela-macbst40g">
        <div style="background-image: url('https://cdn.spesati.com/images/products/000108097/cannamela-pepe-nero-macinato-40-g-01.png')">
            <div class="hover"></div>
            <p class="arrow bgRed white">Best Seller</p>
            <div class="stickers"></div>
        </div>
    </a>
    <div>
        <h4><a href="https://www.spesati.com/pepe-nero-cannamela-macbst40g"><b>Pepe Nero Cannamela Mac.bst40g</b></a></h4>
        <p class="description">Cannamela Pepe Nero Macinato 40 g</p>
        <p class="right price"><b>1.69 €</b></p>
        <p class="right unitPrice">42.24 € per kg</p>
    </div>
    <div class="contButton">
    <a class="button bgRed white addToCart" href="#">Add</a>
</div>
</div><div class="left product prod94"
        data-name="Peperonc.cannamela Int Bst15gr"
        data-price="1.19"
        data-id="25158"
        data-available="yes"
        data-category="4608"
        data-bestselling="">
    <a href="https://www.spesati.com/peperonccannamela-int-bst15gr">
        <div style="background-image: url('https://cdn.spesati.com/images/products/000108096/cannamela-peperoncini-interi-15-g-01.png')">
            <div class="hover"></div>
            
            <div class="stickers"></div>
        </div>
    </a>
    <div>
        <h4><a href="https://www.spesati.com/peperonccannamela-int-bst15gr"><b>Peperonc.cannamela Int Bst15gr</b></a></h4>
        <p class="description">Cannamela Peperoncini Interi 15 g</p>
        <p class="right price"><b>1.19 €</b></p>
        <p class="right unitPrice">79.34 € per kg</p>
    </div>
    <div class="contButton">
    <a class="button bgRed white addToCart" href="#">Add</a>
</div>
</div><div class="left product prod95"
        data-name="Origano Cannamela Fogl Bst 10g"
        data-price="0.85"
        data-id="25157"
        data-available="yes"
        data-category="4608"
        data-bestselling="">
    <a href="https://www.spesati.com/origano-cannamela-fogl-bst-10g">
        <div style="background-image: url('https://cdn.spesati.com/images/products/000108095/cannamela-origano-foglie-10-g-01.png')">
            <div class="hover"></div>
            
            <div class="stickers"></div>
        </div>
    </a>
    <div>
        <h4><a href="https://www.spesati.com/origano-cannamela-fogl-bst-10g"><b>Origano Cannamela Fogl Bst 10g</b></a></h4>
        <p class="description">Cannamela Origano Foglie 10 g</p>
        <p class="right price"><b>0.85 €</b></p>
        <p class="right unitPrice">84.89 € per kg</p>
    </div>
    <div class="contButton">
    <a class="button bgRed white addToCart" href="#">Add</a>
</div>
</div><div class="left product prod96"
        data-name="Origano Cannamela Foglie 500cc"
        data-price="4.05"
        data-id="25155"
        data-available="yes"
        data-category="4608"
        data-bestselling="">
    <a href="https://www.spesati.com/origano-cannamela-foglie-500cc">
        <div style="background-image: url('https://cdn.spesati.com/images/products/000108091/cannamela-origano-foglie-essiccate-80-g-01.png')">
            <div class="hover"></div>
            
            <div class="stickers"></div>
        </div>
    </a>
    <div>
        <h4><a href="https://www.spesati.com/origano-cannamela-foglie-500cc"><b>Origano Cannamela Foglie 500cc</b></a></h4>
        <p class="description">Cannamela Origano Foglie Essiccate 80 g</p>
        <p class="right price"><b>4.05 €</b></p>
        <p class="right unitPrice">50.62 € per kg</p>
    </div>
    <div class="contButton">
    <a class="button bgRed white addToCart" href="#">Add</a>
</div>
</div><div class="left product prod97"
        data-name="Pepe Bianco Cannamela Mac 750c"
        data-price="16.82"
        data-id="25154"
        data-available="yes"
        data-category="4608"
        data-bestselling="">
    <a href="https://www.spesati.com/pepe-bianco-cannamela-mac-750c">
        <div style="background-image: url('https://cdn.spesati.com/images/products/000108090/cannamela-pepe-bianco-macinato-essiccato-400-g-01.png')">
            <div class="hover"></div>
            
            <div class="stickers"></div>
        </div>
    </a>
    <div>
        <h4><a href="https://www.spesati.com/pepe-bianco-cannamela-mac-750c"><b>Pepe Bianco Cannamela Mac 750c</b></a></h4>
        <p class="description">Cannamela Pepe Bianco Macinato Essiccato 400 g</p>
        <p class="right price"><b>16.82 €</b></p>
        <p class="right unitPrice">42.06 € per kg</p>
    </div>
    <div class="contButton">
    <a class="button bgRed white addToCart" href="#">Add</a>
</div>
</div><div class="left product prod98"
        data-name="Noce Mosc Cannamela Int 750cc"
        data-price="23.85"
        data-id="25153"
        data-available="yes"
        data-category="4608"
        data-bestselling="">
    <a href="https://www.spesati.com/noce-mosc-cannamela-int-750cc">
        <div style="background-image: url('https://cdn.spesati.com/images/products/000108089/cannamela-noci-moscate-intere-essiccate-400-g-01.png')">
            <div class="hover"></div>
            
            <div class="stickers"></div>
        </div>
    </a>
    <div>
        <h4><a href="https://www.spesati.com/noce-mosc-cannamela-int-750cc"><b>Noce Mosc Cannamela Int 750cc</b></a></h4>
        <p class="description">Cannamela Noci Moscate Intere Essiccate 400 g</p>
        <p class="right price"><b>23.85 €</b></p>
        <p class="right unitPrice">59.62 € per kg</p>
    </div>
    <div class="contButton">
    <a class="button bgRed white addToCart" href="#">Add</a>
</div>
</div><div class="left product prod99"
        data-name="Peperoncino cannamela inter"
        data-price="8.90"
        data-id="5209"
        data-available="yes"
        data-category="4608"
        data-bestselling="">
    <a href="https://www.spesati.com/peperoncino-cannamela-inter">
        <div style="background-image: url('https://cdn.spesati.com/images/products/000108085/cannamela-peperoncino-intero-essiccato-170-g-01.png')">
            <div class="hover"></div>
            
            <div class="stickers"></div>
        </div>
    </a>
    <div>
        <h4><a href="https://www.spesati.com/peperoncino-cannamela-inter"><b>Peperoncino cannamela inter</b></a></h4>
        <p class="description">Cannamela Peperoncino Intero Essiccato 170 g</p>
        <p class="right price"><b>8.90 €</b></p>
        <p class="right unitPrice">118.67 € per kg</p>
    </div>
    <div class="contButton">
    <a class="button bgRed white addToCart" href="#">Add</a>
</div>
</div><div class="left product prod100"
        data-name="Cannella Cannamela Stecc 750cc"
        data-price="12.04"
        data-id="25152"
        data-available="yes"
        data-category="4608"
        data-bestselling="">
    <a href="https://www.spesati.com/cannella-cannamela-stecc-750cc">
        <div style="background-image: url('https://cdn.spesati.com/images/products/000108082/cannamela-cannella-stecche-essiccate-150-g-01.png')">
            <div class="hover"></div>
            
            <div class="stickers"></div>
        </div>
    </a>
    <div>
        <h4><a href="https://www.spesati.com/cannella-cannamela-stecc-750cc"><b>Cannella Cannamela Stecc 750cc</b></a></h4>
        <p class="description">Cannamela Cannella Stecche Essiccate 150 g</p>
        <p class="right price"><b>12.04 €</b></p>
        <p class="right unitPrice">80.23 € per kg</p>
    </div>
    <div class="contButton">
    <a class="button bgRed white addToCart" href="#">Add</a>
</div>
</div><div class="left product prod101"
        data-name="Insap Cannamela Arrosto 750cc"
        data-price="5.41"
        data-id="25151"
        data-available="yes"
        data-category="4608"
        data-bestselling="">
    <a href="https://www.spesati.com/insap-cannamela-arrosto-750cc">
        <div style="background-image: url('https://cdn.spesati.com/images/products/000108076/cannamela-salarom-per-arrosti-800-g-01.png')">
            <div class="hover"></div>
            
            <div class="stickers"></div>
        </div>
    </a>
    <div>
        <h4><a href="https://www.spesati.com/insap-cannamela-arrosto-750cc"><b>Insap Cannamela Arrosto 750cc</b></a></h4>
        <p class="description">Cannamela Salarom per Arrosti 800 g</p>
        <p class="right price"><b>5.41 €</b></p>
        <p class="right unitPrice">21.64 € per kg</p>
    </div>
    <div class="contButton">
    <a class="button bgRed white addToCart" href="#">Add</a>
</div>
</div><div class="left product prod102"
        data-name="Pepe Gaia Bustine 500 Pz"
        data-price="12.55"
        data-id="24418"
        data-available="yes"
        data-category="4608"
        data-bestselling="">
    <a href="https://www.spesati.com/pepe-gaia-bustine-500-pz">
        <div style="background-image: url('https://cdn.spesati.com/images/products/000102007/gaia-pepe-bustine-monodose-500-x-02-g-01.png')">
            <div class="hover"></div>
            
            <div class="stickers"></div>
        </div>
    </a>
    <div>
        <h4><a href="https://www.spesati.com/pepe-gaia-bustine-500-pz"><b>Pepe Gaia Bustine 500 Pz</b></a></h4>
        <p class="description">Gaia Pepe Bustine Monodose 500 x 0,2 g</p>
        <p class="right price"><b>12.55 €</b></p>
        <p class="right unitPrice">125.53 € per kg</p>
    </div>
    <div class="contButton">
    <a class="button bgRed white addToCart" href="#">Add</a>
</div>
</div><div class="left product prod103"
        data-name="Saporita Rebecchi 50 Bst X 4gr"
        data-price="46.71"
        data-id="25295"
        data-available="yes"
        data-category="4608"
        data-bestselling="">
    <a href="https://www.spesati.com/saporita-rebecchi-50-bst-x-4gr">
        <div style="background-image: url('https://cdn.spesati.com/images/products/missing-image/missing-image.jpg')">
            <div class="hover"></div>
            
            <div class="stickers"></div>
        </div>
    </a>
    <div>
        <h4><a href="https://www.spesati.com/saporita-rebecchi-50-bst-x-4gr"><b>Saporita Rebecchi 50 Bst X 4gr</b></a></h4>
        <p class="description">0.4 Kg</p>
        <p class="right price"><b>46.71 €</b></p>
        <p class="right unitPrice">116.78 € per kg</p>
    </div>
    <div class="contButton">
    <a class="button bgRed white addToCart" href="#">Add</a>
</div>
</div><div class="left product prod104"
        data-name="Spezie Miste Profum.1kg.sfuse"
        data-price="31.77"
        data-id="25308"
        data-available="yes"
        data-category="4608"
        data-bestselling="">
    <a href="https://www.spesati.com/spezie-miste-profum1kgsfuse">
        <div style="background-image: url('https://cdn.spesati.com/images/products/missing-image/missing-image.jpg')">
            <div class="hover"></div>
            
            <div class="stickers"></div>
        </div>
    </a>
    <div>
        <h4><a href="https://www.spesati.com/spezie-miste-profum1kgsfuse"><b>Spezie Miste Profum.1kg.sfuse</b></a></h4>
        <p class="description">1 Kg</p>
        <p class="right price"><b>31.77 €</b></p>
        <p class="right unitPrice">31.77 € per kg</p>
    </div>
    <div class="contButton">
    <a class="button bgRed white addToCart" href="#">Add</a>
</div>
</div><div class="left product prod105"
        data-name="Suk 4 Buste 16 Gr."
        data-price="2.95"
        data-id="25317"
        data-available="yes"
        data-category="4608"
        data-bestselling="">
    <a href="https://www.spesati.com/suk-4-buste-16-gr">
        <div style="background-image: url('https://cdn.spesati.com/images/products/missing-image/missing-image.jpg')">
            <div class="hover"></div>
            
            <div class="stickers"></div>
        </div>
    </a>
    <div>
        <h4><a href="https://www.spesati.com/suk-4-buste-16-gr"><b>Suk 4 Buste 16 Gr.</b></a></h4>
        <p class="description">0.02 Kg</p>
        <p class="right price"><b>2.95 €</b></p>
        <p class="right unitPrice">184.39 € per kg</p>
    </div>
    <div class="contButton">
    <a class="button bgRed white addToCart" href="#">Add</a>
</div>
</div><div class="left product prod106"
        data-name="Anice in Semi"
        data-price="8.79"
        data-id="25325"
        data-available="yes"
        data-category="4608"
        data-bestselling="">
    <a href="https://www.spesati.com/anice-in-semi">
        <div style="background-image: url('https://cdn.spesati.com/images/products/missing-image/missing-image.jpg')">
            <div class="hover"></div>
            
            <div class="stickers"></div>
        </div>
    </a>
    <div>
        <h4><a href="https://www.spesati.com/anice-in-semi"><b>Anice in Semi</b></a></h4>
        <p class="description">0.31 Kg</p>
        <p class="right price"><b>8.79 €</b></p>
        <p class="right unitPrice">28.34 € per kg</p>
    </div>
    <div class="contButton">
    <a class="button bgRed white addToCart" href="#">Add</a>
</div>
</div><div class="left product prod107"
        data-name="Finocchio In Semi D&a Cc750"
        data-price="5.85"
        data-id="25329"
        data-available="yes"
        data-category="4608"
        data-bestselling="1">
    <a href="https://www.spesati.com/finocchio-in-semi-da-cc750">
        <div style="background-image: url('https://cdn.spesati.com/images/products/missing-image/missing-image.jpg')">
            <div class="hover"></div>
            <p class="arrow bgRed white">Best Seller</p>
            <div class="stickers"></div>
        </div>
    </a>
    <div>
        <h4><a href="https://www.spesati.com/finocchio-in-semi-da-cc750"><b>Finocchio In Semi D&a Cc750</b></a></h4>
        <p class="description">0.3 Kg</p>
        <p class="right price"><b>5.85 €</b></p>
        <p class="right unitPrice">19.50 € per kg</p>
    </div>
    <div class="contButton">
    <a class="button bgRed white addToCart" href="#">Add</a>
</div>
</div><div class="left product prod108"
        data-name="Noce Moscata Mac Pet D&a Cc750"
        data-price="18.62"
        data-id="25330"
        data-available="yes"
        data-category="4608"
        data-bestselling="">
    <a href="https://www.spesati.com/noce-moscata-mac-pet-da-cc750">
        <div style="background-image: url('https://cdn.spesati.com/images/products/missing-image/missing-image.jpg')">
            <div class="hover"></div>
            
            <div class="stickers"></div>
        </div>
    </a>
    <div>
        <h4><a href="https://www.spesati.com/noce-moscata-mac-pet-da-cc750"><b>Noce Moscata Mac Pet D&a Cc750</b></a></h4>
        <p class="description">0.37 Kg</p>
        <p class="right price"><b>18.62 €</b></p>
        <p class="right unitPrice">50.33 € per kg</p>
    </div>
    <div class="contButton">
    <a class="button bgRed white addToCart" href="#">Add</a>
</div>
</div><div class="left product prod109"
        data-name="Peperoncino Fran Pet D&a Cc750"
        data-price="6.09"
        data-id="25334"
        data-available="yes"
        data-category="4608"
        data-bestselling="">
    <a href="https://www.spesati.com/peperoncino-fran-pet-da-cc750">
        <div style="background-image: url('https://cdn.spesati.com/images/products/missing-image/missing-image.jpg')">
            <div class="hover"></div>
            
            <div class="stickers"></div>
        </div>
    </a>
    <div>
        <h4><a href="https://www.spesati.com/peperoncino-fran-pet-da-cc750"><b>Peperoncino Fran Pet D&a Cc750</b></a></h4>
        <p class="description">0.25 Kg</p>
        <p class="right price"><b>6.09 €</b></p>
        <p class="right unitPrice">24.34 € per kg</p>
    </div>
    <div class="contButton">
    <a class="button bgRed white addToCart" href="#">Add</a>
</div>
</div><div class="left product prod110"
        data-name="Peperoncino Mac Pet D&a Cc750"
        data-price="7.32"
        data-id="25336"
        data-available="yes"
        data-category="4608"
        data-bestselling="">
    <a href="https://www.spesati.com/peperoncino-mac-pet-da-cc750">
        <div style="background-image: url('https://cdn.spesati.com/images/products/missing-image/missing-image.jpg')">
            <div class="hover"></div>
            
            <div class="stickers"></div>
        </div>
    </a>
    <div>
        <h4><a href="https://www.spesati.com/peperoncino-mac-pet-da-cc750"><b>Peperoncino Mac Pet D&a Cc750</b></a></h4>
        <p class="description">0.4 Kg</p>
        <p class="right price"><b>7.32 €</b></p>
        <p class="right unitPrice">18.29 € per kg</p>
    </div>
    <div class="contButton">
    <a class="button bgRed white addToCart" href="#">Add</a>
</div>
</div><div class="left product prod111"
        data-name="Rosmarino Foglie D&a Cc750"
        data-price="4.70"
        data-id="25338"
        data-available="yes"
        data-category="4608"
        data-bestselling="">
    <a href="https://www.spesati.com/rosmarino-foglie-da-cc750">
        <div style="background-image: url('https://cdn.spesati.com/images/products/missing-image/missing-image.jpg')">
            <div class="hover"></div>
            
            <div class="stickers"></div>
        </div>
    </a>
    <div>
        <h4><a href="https://www.spesati.com/rosmarino-foglie-da-cc750"><b>Rosmarino Foglie D&a Cc750</b></a></h4>
        <p class="description">0.21 Kg</p>
        <p class="right price"><b>4.70 €</b></p>
        <p class="right unitPrice">22.39 € per kg</p>
    </div>
    <div class="contButton">
    <a class="button bgRed white addToCart" href="#">Add</a>
</div>
</div><div class="left product prod112"
        data-name="Sesamo Semi D&a Cc750"
        data-price="6.53"
        data-id="25340"
        data-available="yes"
        data-category="4608"
        data-bestselling="">
    <a href="https://www.spesati.com/sesamo-semi-da-cc750">
        <div style="background-image: url('https://cdn.spesati.com/images/products/missing-image/missing-image.jpg')">
            <div class="hover"></div>
            
            <div class="stickers"></div>
        </div>
    </a>
    <div>
        <h4><a href="https://www.spesati.com/sesamo-semi-da-cc750"><b>Sesamo Semi D&a Cc750</b></a></h4>
        <p class="description">0.37 Kg</p>
        <p class="right price"><b>6.53 €</b></p>
        <p class="right unitPrice">17.64 € per kg</p>
    </div>
    <div class="contButton">
    <a class="button bgRed white addToCart" href="#">Add</a>
</div>
</div><div class="left product prod113"
        data-name="Semi Di Girasole D&a Cc750"
        data-price="1.99"
        data-id="25345"
        data-available="yes"
        data-category="4608"
        data-bestselling="">
    <a href="https://www.spesati.com/semi-di-girasole-da-cc750">
        <div style="background-image: url('https://cdn.spesati.com/images/products/missing-image/missing-image.jpg')">
            <div class="hover"></div>
            
            <div class="stickers"></div>
        </div>
    </a>
    <div>
        <h4><a href="https://www.spesati.com/semi-di-girasole-da-cc750"><b>Semi Di Girasole D&a Cc750</b></a></h4>
        <p class="description">0.42 Kg</p>
        <p class="right price"><b>1.99 €</b></p>
        <p class="right unitPrice">4.74 € per kg</p>
    </div>
    <div class="contButton">
    <a class="button bgRed white addToCart" href="#">Add</a>
</div>
</div><div class="left product prod114"
        data-name="Menta Foglie D&a Cc750"
        data-price="4.21"
        data-id="25391"
        data-available="yes"
        data-category="4608"
        data-bestselling="">
    <a href="https://www.spesati.com/menta-foglie-da-cc750">
        <div style="background-image: url('https://cdn.spesati.com/images/products/missing-image/missing-image.jpg')">
            <div class="hover"></div>
            
            <div class="stickers"></div>
        </div>
    </a>
    <div>
        <h4><a href="https://www.spesati.com/menta-foglie-da-cc750"><b>Menta Foglie D&a Cc750</b></a></h4>
        <p class="description">0.13 Kg</p>
        <p class="right price"><b>4.21 €</b></p>
        <p class="right unitPrice">33.70 € per kg</p>
    </div>
    <div class="contButton">
    <a class="button bgRed white addToCart" href="#">Add</a>
</div>
</div><div class="left product prod115"
        data-name="Anice Stellato Mac D&a Gr500"
        data-price="16.12"
        data-id="25398"
        data-available="yes"
        data-category="4608"
        data-bestselling="">
    <a href="https://www.spesati.com/anice-stellato-mac-da-gr500">
        <div style="background-image: url('https://cdn.spesati.com/images/products/missing-image/missing-image.jpg')">
            <div class="hover"></div>
            
            <div class="stickers"></div>
        </div>
    </a>
    <div>
        <h4><a href="https://www.spesati.com/anice-stellato-mac-da-gr500"><b>Anice Stellato Mac D&a Gr500</b></a></h4>
        <p class="description">0.5 Kg</p>
        <p class="right price"><b>16.12 €</b></p>
        <p class="right unitPrice">32.24 € per kg</p>
    </div>
    <div class="contButton">
    <a class="button bgRed white addToCart" href="#">Add</a>
</div>
</div><div class="left product prod116"
        data-name="Aglio Frantumato D&a Pet Cc750"
        data-price="8.20"
        data-id="25408"
        data-available="yes"
        data-category="4608"
        data-bestselling="">
    <a href="https://www.spesati.com/aglio-frantumato-da-pet-cc750">
        <div style="background-image: url('https://cdn.spesati.com/images/products/missing-image/missing-image.jpg')">
            <div class="hover"></div>
            
            <div class="stickers"></div>
        </div>
    </a>
    <div>
        <h4><a href="https://www.spesati.com/aglio-frantumato-da-pet-cc750"><b>Aglio Frantumato D&a Pet Cc750</b></a></h4>
        <p class="description">0.45 Kg</p>
        <p class="right price"><b>8.20 €</b></p>
        <p class="right unitPrice">18.22 € per kg</p>
    </div>
    <div class="contButton">
    <a class="button bgRed white addToCart" href="#">Add</a>
</div>
</div><div class="left product prod117"
        data-name="Cipolla Fiocco D&a Pet Cc750"
        data-price="6.00"
        data-id="25409"
        data-available="yes"
        data-category="4608"
        data-bestselling="">
    <a href="https://www.spesati.com/cipolla-fiocco-da-pet-cc750">
        <div style="background-image: url('https://cdn.spesati.com/images/products/missing-image/missing-image.jpg')">
            <div class="hover"></div>
            
            <div class="stickers"></div>
        </div>
    </a>
    <div>
        <h4><a href="https://www.spesati.com/cipolla-fiocco-da-pet-cc750"><b>Cipolla Fiocco D&a Pet Cc750</b></a></h4>
        <p class="description">0.25 Kg</p>
        <p class="right price"><b>6.00 €</b></p>
        <p class="right unitPrice">23.99 € per kg</p>
    </div>
    <div class="contButton">
    <a class="button bgRed white addToCart" href="#">Add</a>
</div>
</div><div class="left product prod118"
        data-name="Alloro Frantumat D&a Pet Cc750"
        data-price="7.04"
        data-id="25411"
        data-available="yes"
        data-category="4608"
        data-bestselling="">
    <a href="https://www.spesati.com/alloro-frantumat-da-pet-cc750">
        <div style="background-image: url('https://cdn.spesati.com/images/products/missing-image/missing-image.jpg')">
            <div class="hover"></div>
            
            <div class="stickers"></div>
        </div>
    </a>
    <div>
        <h4><a href="https://www.spesati.com/alloro-frantumat-da-pet-cc750"><b>Alloro Frantumat D&a Pet Cc750</b></a></h4>
        <p class="description">0.45 Kg</p>
        <p class="right price"><b>7.04 €</b></p>
        <p class="right unitPrice">15.65 € per kg</p>
    </div>
    <div class="contButton">
    <a class="button bgRed white addToCart" href="#">Add</a>
</div>
</div><div class="left product prod119"
        data-name="Coriandolo Semi D&a Pet Cc750"
        data-price="3.95"
        data-id="25418"
        data-available="yes"
        data-category="4608"
        data-bestselling="">
    <a href="https://www.spesati.com/coriandolo-semi-da-pet-cc750">
        <div style="background-image: url('https://cdn.spesati.com/images/products/missing-image/missing-image.jpg')">
            <div class="hover"></div>
            
            <div class="stickers"></div>
        </div>
    </a>
    <div>
        <h4><a href="https://www.spesati.com/coriandolo-semi-da-pet-cc750"><b>Coriandolo Semi D&a Pet Cc750</b></a></h4>
        <p class="description">0.24 Kg</p>
        <p class="right price"><b>3.95 €</b></p>
        <p class="right unitPrice">16.45 € per kg</p>
    </div>
    <div class="contButton">
    <a class="button bgRed white addToCart" href="#">Add</a>
</div>
</div><div class="left product prod120"
        data-name="Aglio Granuli D&a Pet Cc750"
        data-price="8.77"
        data-id="25999"
        data-available="yes"
        data-category="4608"
        data-bestselling="">
    <a href="https://www.spesati.com/aglio-granuli-da-pet-cc750">
        <div style="background-image: url('https://cdn.spesati.com/images/products/missing-image/missing-image.jpg')">
            <div class="hover"></div>
            
            <div class="stickers"></div>
        </div>
    </a>
    <div>
        <h4><a href="https://www.spesati.com/aglio-granuli-da-pet-cc750"><b>Aglio Granuli D&a Pet Cc750</b></a></h4>
        <p class="description">0.35 Kg</p>
        <p class="right price"><b>8.77 €</b></p>
        <p class="right unitPrice">25.06 € per kg</p>
    </div>
    <div class="contButton">
    <a class="button bgRed white addToCart" href="#">Add</a>
</div>
</div><div class="left product prod121"
        data-name="Pepe Di Sichuan D&a Cc750"
        data-price="20.27"
        data-id="26784"
        data-available="yes"
        data-category="4608"
        data-bestselling="">
    <a href="https://www.spesati.com/pepe-di-sichuan-da-cc750">
        <div style="background-image: url('https://cdn.spesati.com/images/products/missing-image/missing-image.jpg')">
            <div class="hover"></div>
            
            <div class="stickers"></div>
        </div>
    </a>
    <div>
        <h4><a href="https://www.spesati.com/pepe-di-sichuan-da-cc750"><b>Pepe Di Sichuan D&a Cc750</b></a></h4>
        <p class="description">0.13 Kg</p>
        <p class="right price"><b>20.27 €</b></p>
        <p class="right unitPrice">155.90 € per kg</p>
    </div>
    <div class="contButton">
    <a class="button bgRed white addToCart" href="#">Add</a>
</div>
</div><div class="left product prod122"
        data-name="Semi Di Anice Vasetto 45 Gr"
        data-price="2.69"
        data-id="25149"
        data-available="yes"
        data-category="4608"
        data-bestselling="">
    <a href="https://www.spesati.com/semi-di-anice-vasetto-45-gr">
        <div style="background-image: url('https://cdn.spesati.com/images/products/missing-image/missing-image.jpg')">
            <div class="hover"></div>
            
            <div class="stickers"></div>
        </div>
    </a>
    <div>
        <h4><a href="https://www.spesati.com/semi-di-anice-vasetto-45-gr"><b>Semi Di Anice Vasetto 45 Gr</b></a></h4>
        <p class="description">0.05 Kg</p>
        <p class="right price"><b>2.69 €</b></p>
        <p class="right unitPrice">59.76 € per kg</p>
    </div>
    <div class="contButton">
    <a class="button bgRed white addToCart" href="#">Add</a>
</div>
</div><div class="left product prod123"
        data-name="Pimento Giamaica Polvere Kg1"
        data-price="33.33"
        data-id="26882"
        data-available="yes"
        data-category="4608"
        data-bestselling="">
    <a href="https://www.spesati.com/pimento-giamaica-polvere-kg1">
        <div style="background-image: url('https://cdn.spesati.com/images/products/missing-image/missing-image.jpg')">
            <div class="hover"></div>
            
            <div class="stickers"></div>
        </div>
    </a>
    <div>
        <h4><a href="https://www.spesati.com/pimento-giamaica-polvere-kg1"><b>Pimento Giamaica Polvere Kg1</b></a></h4>
        <p class="description">1 Kg</p>
        <p class="right price"><b>33.33 €</b></p>
        <p class="right unitPrice">33.33 € per kg</p>
    </div>
    <div class="contButton">
    <a class="button bgRed white addToCart" href="#">Add</a>
</div>
</div><div class="left product prod124"
        data-name="Macis Via Indie Polvere Kg1"
        data-price="63.44"
        data-id="26883"
        data-available="yes"
        data-category="4608"
        data-bestselling="">
    <a href="https://www.spesati.com/macis-via-indie-polvere-kg1">
        <div style="background-image: url('https://cdn.spesati.com/images/products/missing-image/missing-image.jpg')">
            <div class="hover"></div>
            
            <div class="stickers"></div>
        </div>
    </a>
    <div>
        <h4><a href="https://www.spesati.com/macis-via-indie-polvere-kg1"><b>Macis Via Indie Polvere Kg1</b></a></h4>
        <p class="description">1 Kg</p>
        <p class="right price"><b>63.44 €</b></p>
        <p class="right unitPrice">63.44 € per kg</p>
    </div>
    <div class="contButton">
    <a class="button bgRed white addToCart" href="#">Add</a>
</div>
</div><div class="left product prod125"
        data-name="Peperoncino Intero D&a 155gr"
        data-price="8.96"
        data-id="60573"
        data-available="yes"
        data-category="4608"
        data-bestselling="">
    <a href="https://www.spesati.com/peperoncino-intero-da-155gr">
        <div style="background-image: url('https://cdn.spesati.com/images/products/missing-image/missing-image.jpg')">
            <div class="hover"></div>
            
            <div class="stickers"></div>
        </div>
    </a>
    <div>
        <h4><a href="https://www.spesati.com/peperoncino-intero-da-155gr"><b>Peperoncino Intero D&a 155gr</b></a></h4>
        <p class="description">0.16 Kg</p>
        <p class="right price"><b>8.96 €</b></p>
        <p class="right unitPrice">55.97 € per kg</p>
    </div>
    <div class="contButton">
    <a class="button bgRed white addToCart" href="#">Add</a>
</div>
</div><div class="left product prod126"
        data-name="Peperoncino C Isola Pezzi 35gr"
        data-price="3.52"
        data-id="83720"
        data-available="yes"
        data-category="4608"
        data-bestselling="">
    <a href="https://www.spesati.com/peperoncino-c-isola-pezzi-35gr">
        <div style="background-image: url('https://cdn.spesati.com/images/products/missing-image/missing-image.jpg')">
            <div class="hover"></div>
            
            <div class="stickers"></div>
        </div>
    </a>
    <div>
        <h4><a href="https://www.spesati.com/peperoncino-c-isola-pezzi-35gr"><b>Peperoncino C Isola Pezzi 35gr</b></a></h4>
        <p class="description">0.04 Kg</p>
        <p class="right price"><b>3.52 €</b></p>
        <p class="right unitPrice">87.95 € per kg</p>
    </div>
    <div class="contButton">
    <a class="button bgRed white addToCart" href="#">Add</a>
</div>
</div><div class="left product prod127"
        data-name="Cannella Goa Mac Via Delle 1kg"
        data-price="19.07"
        data-id="25170"
        data-available="yes"
        data-category="4608"
        data-bestselling="">
    <a href="https://www.spesati.com/cannella-goa-mac-via-delle-1kg">
        <div style="background-image: url('https://cdn.spesati.com/images/products/missing-image/missing-image.jpg')">
            <div class="hover"></div>
            
            <div class="stickers"></div>
        </div>
    </a>
    <div>
        <h4><a href="https://www.spesati.com/cannella-goa-mac-via-delle-1kg"><b>Cannella Goa Mac Via Delle 1kg</b></a></h4>
        <p class="description">1 Kg</p>
        <p class="right price"><b>19.07 €</b></p>
        <p class="right unitPrice">19.06 € per kg</p>
    </div>
    <div class="contButton">
    <a class="button bgRed white addToCart" href="#">Add</a>
</div>
</div><div class="left product prod128"
        data-name="Coriandolo C Isola 30gr"
        data-price="3.52"
        data-id="83723"
        data-available="yes"
        data-category="4608"
        data-bestselling="">
    <a href="https://www.spesati.com/coriandolo-c-isola-30gr">
        <div style="background-image: url('https://cdn.spesati.com/images/products/missing-image/missing-image.jpg')">
            <div class="hover"></div>
            
            <div class="stickers"></div>
        </div>
    </a>
    <div>
        <h4><a href="https://www.spesati.com/coriandolo-c-isola-30gr"><b>Coriandolo C Isola 30gr</b></a></h4>
        <p class="description">0.03 Kg</p>
        <p class="right price"><b>3.52 €</b></p>
        <p class="right unitPrice">117.26 € per kg</p>
    </div>
    <div class="contButton">
    <a class="button bgRed white addToCart" href="#">Add</a>
</div>
</div><div class="left product prod129"
        data-name="Cannella Goa Macin 1bs"
        data-price="0.89"
        data-id="25171"
        data-available="yes"
        data-category="4608"
        data-bestselling="">
    <a href="https://www.spesati.com/cannella-goa-macin-1bs">
        <div style="background-image: url('https://cdn.spesati.com/images/products/missing-image/missing-image.jpg')">
            <div class="hover"></div>
            
            <div class="stickers"></div>
        </div>
    </a>
    <div>
        <h4><a href="https://www.spesati.com/cannella-goa-macin-1bs"><b>Cannella Goa Macin 1bs</b></a></h4>
        <p class="description">0.4 Kg</p>
        <p class="right price"><b>0.89 €</b></p>
        <p class="right unitPrice">2.23 € per kg</p>
    </div>
    <div class="contButton">
    <a class="button bgRed white addToCart" href="#">Add</a>
</div>
</div><div class="left product prod130"
        data-name="Menta Cuore Dell'isola 8gr"
        data-price="3.85"
        data-id="83726"
        data-available="yes"
        data-category="4608"
        data-bestselling="">
    <a href="https://www.spesati.com/menta-cuore-dellisola-8gr">
        <div style="background-image: url('https://cdn.spesati.com/images/products/missing-image/missing-image.jpg')">
            <div class="hover"></div>
            
            <div class="stickers"></div>
        </div>
    </a>
    <div>
        <h4><a href="https://www.spesati.com/menta-cuore-dellisola-8gr"><b>Menta Cuore Dell'isola 8gr</b></a></h4>
        <p class="description">0.01 Kg</p>
        <p class="right price"><b>3.85 €</b></p>
        <p class="right unitPrice">384.85 € per kg</p>
    </div>
    <div class="contButton">
    <a class="button bgRed white addToCart" href="#">Add</a>
</div>
</div><div class="left product prod131"
        data-name="Rosmarino C Isola 15gr"
        data-price="3.44"
        data-id="83729"
        data-available="yes"
        data-category="4608"
        data-bestselling="">
    <a href="https://www.spesati.com/rosmarino-c-isola-15gr">
        <div style="background-image: url('https://cdn.spesati.com/images/products/missing-image/missing-image.jpg')">
            <div class="hover"></div>
            
            <div class="stickers"></div>
        </div>
    </a>
    <div>
        <h4><a href="https://www.spesati.com/rosmarino-c-isola-15gr"><b>Rosmarino C Isola 15gr</b></a></h4>
        <p class="description">0.02 Kg</p>
        <p class="right price"><b>3.44 €</b></p>
        <p class="right unitPrice">172.07 € per kg</p>
    </div>
    <div class="contButton">
    <a class="button bgRed white addToCart" href="#">Add</a>
</div>
</div><div class="left product prod132"
        data-name="Sale Per Arrosti C Isola 80gr"
        data-price="3.19"
        data-id="83732"
        data-available="yes"
        data-category="4608"
        data-bestselling="">
    <a href="https://www.spesati.com/sale-per-arrosti-c-isola-80gr">
        <div style="background-image: url('https://cdn.spesati.com/images/products/missing-image/missing-image.jpg')">
            <div class="hover"></div>
            
            <div class="stickers"></div>
        </div>
    </a>
    <div>
        <h4><a href="https://www.spesati.com/sale-per-arrosti-c-isola-80gr"><b>Sale Per Arrosti C Isola 80gr</b></a></h4>
        <p class="description">0.08 Kg</p>
        <p class="right price"><b>3.19 €</b></p>
        <p class="right unitPrice">39.88 € per kg</p>
    </div>
    <div class="contButton">
    <a class="button bgRed white addToCart" href="#">Add</a>
</div>
</div><div class="left product prod133"
        data-name="Salvia C Isola 20gr"
        data-price="3.44"
        data-id="83735"
        data-available="yes"
        data-category="4608"
        data-bestselling="">
    <a href="https://www.spesati.com/salvia-c-isola-20gr">
        <div style="background-image: url('https://cdn.spesati.com/images/products/missing-image/missing-image.jpg')">
            <div class="hover"></div>
            
            <div class="stickers"></div>
        </div>
    </a>
    <div>
        <h4><a href="https://www.spesati.com/salvia-c-isola-20gr"><b>Salvia C Isola 20gr</b></a></h4>
        <p class="description">0.02 Kg</p>
        <p class="right price"><b>3.44 €</b></p>
        <p class="right unitPrice">172.07 € per kg</p>
    </div>
    <div class="contButton">
    <a class="button bgRed white addToCart" href="#">Add</a>
</div>
</div><div class="left product prod134"
        data-name="Spezie Spaghettata C Isola 40g"
        data-price="3.19"
        data-id="83738"
        data-available="yes"
        data-category="4608"
        data-bestselling="">
    <a href="https://www.spesati.com/spezie-spaghettata-c-isola-40g">
        <div style="background-image: url('https://cdn.spesati.com/images/products/missing-image/missing-image.jpg')">
            <div class="hover"></div>
            
            <div class="stickers"></div>
        </div>
    </a>
    <div>
        <h4><a href="https://www.spesati.com/spezie-spaghettata-c-isola-40g"><b>Spezie Spaghettata C Isola 40g</b></a></h4>
        <p class="description">0.04 Kg</p>
        <p class="right price"><b>3.19 €</b></p>
        <p class="right unitPrice">79.75 € per kg</p>
    </div>
    <div class="contButton">
    <a class="button bgRed white addToCart" href="#">Add</a>
</div>
</div><div class="left product prod135"
        data-name="Spezie Sarde C Isola 40gr"
        data-price="3.52"
        data-id="83741"
        data-available="yes"
        data-category="4608"
        data-bestselling="">
    <a href="https://www.spesati.com/spezie-sarde-c-isola-40gr">
        <div style="background-image: url('https://cdn.spesati.com/images/products/missing-image/missing-image.jpg')">
            <div class="hover"></div>
            
            <div class="stickers"></div>
        </div>
    </a>
    <div>
        <h4><a href="https://www.spesati.com/spezie-sarde-c-isola-40gr"><b>Spezie Sarde C Isola 40gr</b></a></h4>
        <p class="description">0.04 Kg</p>
        <p class="right price"><b>3.52 €</b></p>
        <p class="right unitPrice">87.95 € per kg</p>
    </div>
    <div class="contButton">
    <a class="button bgRed white addToCart" href="#">Add</a>
</div>
</div><div class="left product prod136"
        data-name="Pepe Bianco Mac D&a Kg 1"
        data-price="24.49"
        data-id="25196"
        data-available="yes"
        data-category="4608"
        data-bestselling="">
    <a href="https://www.spesati.com/pepe-bianco-mac-da-kg-1">
        <div style="background-image: url('https://cdn.spesati.com/images/products/missing-image/missing-image.jpg')">
            <div class="hover"></div>
            
            <div class="stickers"></div>
        </div>
    </a>
    <div>
        <h4><a href="https://www.spesati.com/pepe-bianco-mac-da-kg-1"><b>Pepe Bianco Mac D&a Kg 1</b></a></h4>
        <p class="description">1 Kg</p>
        <p class="right price"><b>24.49 €</b></p>
        <p class="right unitPrice">24.50 € per kg</p>
    </div>
    <div class="contButton">
    <a class="button bgRed white addToCart" href="#">Add</a>
</div>
</div><div class="left product prod137"
        data-name="Alloro C Isola 15gr"
        data-price="3.52"
        data-id="83744"
        data-available="yes"
        data-category="4608"
        data-bestselling="">
    <a href="https://www.spesati.com/alloro-c-isola-15gr">
        <div style="background-image: url('https://cdn.spesati.com/images/products/missing-image/missing-image.jpg')">
            <div class="hover"></div>
            
            <div class="stickers"></div>
        </div>
    </a>
    <div>
        <h4><a href="https://www.spesati.com/alloro-c-isola-15gr"><b>Alloro C Isola 15gr</b></a></h4>
        <p class="description">0.02 Kg</p>
        <p class="right price"><b>3.52 €</b></p>
        <p class="right unitPrice">175.89 € per kg</p>
    </div>
    <div class="contButton">
    <a class="button bgRed white addToCart" href="#">Add</a>
</div>
</div><div class="left product prod138"
        data-name="Finocchio Selvatico C Isola 8g"
        data-price="3.52"
        data-id="83747"
        data-available="yes"
        data-category="4608"
        data-bestselling="1">
    <a href="https://www.spesati.com/finocchio-selvatico-c-isola-8g">
        <div style="background-image: url('https://cdn.spesati.com/images/products/missing-image/missing-image.jpg')">
            <div class="hover"></div>
            <p class="arrow bgRed white">Best Seller</p>
            <div class="stickers"></div>
        </div>
    </a>
    <div>
        <h4><a href="https://www.spesati.com/finocchio-selvatico-c-isola-8g"><b>Finocchio Selvatico C Isola 8g</b></a></h4>
        <p class="description">0.01 Kg</p>
        <p class="right price"><b>3.52 €</b></p>
        <p class="right unitPrice">351.78 € per kg</p>
    </div>
    <div class="contButton">
    <a class="button bgRed white addToCart" href="#">Add</a>
</div>
</div><div class="left product prod139"
        data-name="Origano C Isola 12gr"
        data-price="3.44"
        data-id="83753"
        data-available="yes"
        data-category="4608"
        data-bestselling="">
    <a href="https://www.spesati.com/origano-c-isola-12gr">
        <div style="background-image: url('https://cdn.spesati.com/images/products/missing-image/missing-image.jpg')">
            <div class="hover"></div>
            
            <div class="stickers"></div>
        </div>
    </a>
    <div>
        <h4><a href="https://www.spesati.com/origano-c-isola-12gr"><b>Origano C Isola 12gr</b></a></h4>
        <p class="description">0.01 Kg</p>
        <p class="right price"><b>3.44 €</b></p>
        <p class="right unitPrice">344.14 € per kg</p>
    </div>
    <div class="contButton">
    <a class="button bgRed white addToCart" href="#">Add</a>
</div>
</div><div class="left product prod140"
        data-name="Origano Fino C Isola 30gr"
        data-price="3.44"
        data-id="83756"
        data-available="yes"
        data-category="4608"
        data-bestselling="">
    <a href="https://www.spesati.com/origano-fino-c-isola-30gr">
        <div style="background-image: url('https://cdn.spesati.com/images/products/missing-image/missing-image.jpg')">
            <div class="hover"></div>
            
            <div class="stickers"></div>
        </div>
    </a>
    <div>
        <h4><a href="https://www.spesati.com/origano-fino-c-isola-30gr"><b>Origano Fino C Isola 30gr</b></a></h4>
        <p class="description">0.03 Kg</p>
        <p class="right price"><b>3.44 €</b></p>
        <p class="right unitPrice">114.71 € per kg</p>
    </div>
    <div class="contButton">
    <a class="button bgRed white addToCart" href="#">Add</a>
</div>
</div><div class="left product prod141"
        data-name="Pepe Nero Idav Mac 1kg"
        data-price="15.36"
        data-id="25246"
        data-available="yes"
        data-category="4608"
        data-bestselling="">
    <a href="https://www.spesati.com/pepe-nero-idav-mac-1kg">
        <div style="background-image: url('https://cdn.spesati.com/images/products/missing-image/missing-image.jpg')">
            <div class="hover"></div>
            
            <div class="stickers"></div>
        </div>
    </a>
    <div>
        <h4><a href="https://www.spesati.com/pepe-nero-idav-mac-1kg"><b>Pepe Nero Idav Mac 1kg</b></a></h4>
        <p class="description">1 Kg</p>
        <p class="right price"><b>15.36 €</b></p>
        <p class="right unitPrice">15.36 € per kg</p>
    </div>
    <div class="contButton">
    <a class="button bgRed white addToCart" href="#">Add</a>
</div>
</div><div class="left product prod142"
        data-name="Pepe Nero Idav Grani 1kg"
        data-price="15.72"
        data-id="25247"
        data-available="yes"
        data-category="4608"
        data-bestselling="">
    <a href="https://www.spesati.com/pepe-nero-idav-grani-1kg">
        <div style="background-image: url('https://cdn.spesati.com/images/products/missing-image/missing-image.jpg')">
            <div class="hover"></div>
            
            <div class="stickers"></div>
        </div>
    </a>
    <div>
        <h4><a href="https://www.spesati.com/pepe-nero-idav-grani-1kg"><b>Pepe Nero Idav Grani 1kg</b></a></h4>
        <p class="description">1 Kg</p>
        <p class="right price"><b>15.72 €</b></p>
        <p class="right unitPrice">15.73 € per kg</p>
    </div>
    <div class="contButton">
    <a class="button bgRed white addToCart" href="#">Add</a>
</div>
</div><div class="left product prod143"
        data-name="Pepe Rosa 85gr"
        data-price="5.99"
        data-id="25254"
        data-available="yes"
        data-category="4608"
        data-bestselling="">
    <a href="https://www.spesati.com/pepe-rosa-85gr">
        <div style="background-image: url('https://cdn.spesati.com/images/products/missing-image/missing-image.jpg')">
            <div class="hover"></div>
            
            <div class="stickers"></div>
        </div>
    </a>
    <div>
        <h4><a href="https://www.spesati.com/pepe-rosa-85gr"><b>Pepe Rosa 85gr</b></a></h4>
        <p class="description">0.09 Kg</p>
        <p class="right price"><b>5.99 €</b></p>
        <p class="right unitPrice">70.47 € per kg</p>
    </div>
    <div class="contButton">
    <a class="button bgRed white addToCart" href="#">Add</a>
</div>
</div><div class="left product prod144"
        data-name="Pepe Verde Fresco 220 G"
        data-price="5.55"
        data-id="25257"
        data-available="yes"
        data-category="4608"
        data-bestselling="">
    <a href="https://www.spesati.com/pepe-verde-fresco-220-g">
        <div style="background-image: url('https://cdn.spesati.com/images/products/missing-image/missing-image.jpg')">
            <div class="hover"></div>
            
            <div class="stickers"></div>
        </div>
    </a>
    <div>
        <h4><a href="https://www.spesati.com/pepe-verde-fresco-220-g"><b>Pepe Verde Fresco 220 G</b></a></h4>
        <p class="description">0.22 Kg</p>
        <p class="right price"><b>5.55 €</b></p>
        <p class="right unitPrice">25.22 € per kg</p>
    </div>
    <div class="contButton">
    <a class="button bgRed white addToCart" href="#">Add</a>
</div>
</div><div class="left product prod145"
        data-name="Insapor D&a Macinino Arros G65"
        data-price="6.46"
        data-id="26888"
        data-available="no"
        data-category="4608"
        data-bestselling="">
    <a href="https://www.spesati.com/insapor-da-macinino-arros-g65">
        <div style="background-image: url('https://cdn.spesati.com/images/products/000119311/la-drogheria-1880-insaporitore-per-arrosto-65-g-01.png')">
            <div class="hover"></div>
            
            <div class="stickers"></div>
        </div>
    </a>
    <div>
        <h4><a href="https://www.spesati.com/insapor-da-macinino-arros-g65"><b>Insapor D&a Macinino Arros G65</b></a></h4>
        <p class="description">La Drogheria 1880 Insaporitore per Arrosto 65 g</p>
        <p class="right price"><b>6.46 €</b></p>
        <p class="right unitPrice">99.35 € per kg</p>
    </div>
    <div class="notAvailable">
    <a class="button bgDarkGrey white" href="https://www.spesati.com/insapor-da-macinino-arros-g65">Not available</a>
</div>
</div><div class="left product prod146"
        data-name="Peperoncini Cannamela Int 1kg"
        data-price="33.29"
        data-id="25396"
        data-available="no"
        data-category="4608"
        data-bestselling="">
    <a href="https://www.spesati.com/peperoncini-cannamela-int-1kg">
        <div style="background-image: url('https://cdn.spesati.com/images/products/000108883/cannamela-peperoncini-piccoli-1000-g-01.png')">
            <div class="hover"></div>
            
            <div class="stickers"></div>
        </div>
    </a>
    <div>
        <h4><a href="https://www.spesati.com/peperoncini-cannamela-int-1kg"><b>Peperoncini Cannamela Int 1kg</b></a></h4>
        <p class="description">Cannamela Peperoncini Piccoli 1000 g</p>
        <p class="right price"><b>33.29 €</b></p>
        <p class="right unitPrice">33.29 € per kg</p>
    </div>
    <div class="notAvailable">
    <a class="button bgDarkGrey white" href="https://www.spesati.com/peperoncini-cannamela-int-1kg">Not available</a>
</div>
</div><div class="left product prod147"
        data-name="Cannamela Spezie D Oro Peperoncino Macinato 25 Gr"
        data-price="2.55"
        data-id="4721"
        data-available="no"
        data-category="4608"
        data-bestselling="">
    <a href="https://www.spesati.com/cannamela-spezie-d-oro-peperoncino-macinato-25-gr">
        <div style="background-image: url('https://cdn.spesati.com/images/products/000108671/cannamela-spezie-peperoncino-macinato-25-g-01.png')">
            <div class="hover"></div>
            
            <div class="stickers"></div>
        </div>
    </a>
    <div>
        <h4><a href="https://www.spesati.com/cannamela-spezie-d-oro-peperoncino-macinato-25-gr"><b>Cannamela Spezie D Oro Peperoncino Macinato 25 Gr</b></a></h4>
        <p class="description">Cannamela Spezie Peperoncino Macinato 25 g</p>
        <p class="right price"><b>2.55 €</b></p>
        <p class="right unitPrice">101.99 € per kg</p>
    </div>
    <div class="notAvailable">
    <a class="button bgDarkGrey white" href="https://www.spesati.com/cannamela-spezie-d-oro-peperoncino-macinato-25-gr">Not available</a>
</div>
</div><div class="left product prod148"
        data-name="Zafferano Monreale Fili 0.5g"
        data-price="5.45"
        data-id="25348"
        data-available="no"
        data-category="4608"
        data-bestselling="">
    <a href="https://www.spesati.com/zafferano-monreale-fili-05g">
        <div style="background-image: url('https://cdn.spesati.com/images/products/000108657/zafferano-in-fili-monreale-red-quality-05-g-01.png')">
            <div class="hover"></div>
            
            <div class="stickers"></div>
        </div>
    </a>
    <div>
        <h4><a href="https://www.spesati.com/zafferano-monreale-fili-05g"><b>Zafferano Monreale Fili 0.5g</b></a></h4>
        <p class="description">Zafferano in fili Monreale Red Quality 0,5 g</p>
        <p class="right price"><b>5.45 €</b></p>
        <p class="right unitPrice">5.46 € per piece</p>
    </div>
    <div class="notAvailable">
    <a class="button bgDarkGrey white" href="https://www.spesati.com/zafferano-monreale-fili-05g">Not available</a>
</div>
</div><div class="left product prod149"
        data-name="Condoro Per Carni D&a Kg 1"
        data-price="12.15"
        data-id="25175"
        data-available="no"
        data-category="4608"
        data-bestselling="">
    <a href="https://www.spesati.com/condoro-per-carni-da-kg-1">
        <div style="background-image: url('https://cdn.spesati.com/images/products/000108300/drogheria-alimentari-condoro-arrosti-1000-g-01.png')">
            <div class="hover"></div>
            
            <div class="stickers"></div>
        </div>
    </a>
    <div>
        <h4><a href="https://www.spesati.com/condoro-per-carni-da-kg-1"><b>Condoro Per Carni D&a Kg 1</b></a></h4>
        <p class="description">Drogheria & Alimentari Condoro Arrosti 1000 g</p>
        <p class="right price"><b>12.15 €</b></p>
        <p class="right unitPrice">12.14 € per kg</p>
    </div>
    <div class="notAvailable">
    <a class="button bgDarkGrey white" href="https://www.spesati.com/condoro-per-carni-da-kg-1">Not available</a>
</div>
</div><div class="left product prod150"
        data-name="Pepe Telli D&a Grani 45gr"
        data-price="4.16"
        data-id="60645"
        data-available="no"
        data-category="4608"
        data-bestselling="">
    <a href="https://www.spesati.com/pepe-telli-da-grani-45gr">
        <div style="background-image: url('https://cdn.spesati.com/images/products/000108178/la-drogheria-1880-pepe-nero-grani-45-g-01.png')">
            <div class="hover"></div>
            
            <div class="stickers"></div>
        </div>
    </a>
    <div>
        <h4><a href="https://www.spesati.com/pepe-telli-da-grani-45gr"><b>Pepe Telli D&a Grani 45gr</b></a></h4>
        <p class="description">La Drogheria 1880 Pepe Nero Grani 45 g</p>
        <p class="right price"><b>4.16 €</b></p>
        <p class="right unitPrice">83.16 € per kg</p>
    </div>
    <div class="notAvailable">
    <a class="button bgDarkGrey white" href="https://www.spesati.com/pepe-telli-da-grani-45gr">Not available</a>
</div>
</div><div class="left product prod151"
        data-name="Pepe Nero Cannamela Mac 500cc"
        data-price="9.72"
        data-id="25156"
        data-available="no"
        data-category="4608"
        data-bestselling="">
    <a href="https://www.spesati.com/pepe-nero-cannamela-mac-500cc">
        <div style="background-image: url('https://cdn.spesati.com/images/products/000108092/cannamela-pepe-nero-macinato-essiccato-430-g-01.png')">
            <div class="hover"></div>
            
            <div class="stickers"></div>
        </div>
    </a>
    <div>
        <h4><a href="https://www.spesati.com/pepe-nero-cannamela-mac-500cc"><b>Pepe Nero Cannamela Mac 500cc</b></a></h4>
        <p class="description">Cannamela Pepe Nero Macinato Essiccato 430 g</p>
        <p class="right price"><b>9.72 €</b></p>
        <p class="right unitPrice">37.38 € per kg</p>
    </div>
    <div class="notAvailable">
    <a class="button bgDarkGrey white" href="https://www.spesati.com/pepe-nero-cannamela-mac-500cc">Not available</a>
</div>
</div><div class="left product prod152"
        data-name="Semi Anice 500gr.'via D.indie'"
        data-price="13.33"
        data-id="25298"
        data-available="no"
        data-category="4608"
        data-bestselling="">
    <a href="https://www.spesati.com/semi-anice-500grvia-dindie">
        <div style="background-image: url('https://cdn.spesati.com/images/products/missing-image/missing-image.jpg')">
            <div class="hover"></div>
            
            <div class="stickers"></div>
        </div>
    </a>
    <div>
        <h4><a href="https://www.spesati.com/semi-anice-500grvia-dindie"><b>Semi Anice 500gr.'via D.indie'</b></a></h4>
        <p class="description">0.5 Kg</p>
        <p class="right price"><b>13.33 €</b></p>
        <p class="right unitPrice">26.65 € per kg</p>
    </div>
    <div class="notAvailable">
    <a class="button bgDarkGrey white" href="https://www.spesati.com/semi-anice-500grvia-dindie">Not available</a>
</div>
</div><div class="left product prod153"
        data-name="Semi Anice Idav 1kg"
        data-price="14.42"
        data-id="25300"
        data-available="no"
        data-category="4608"
        data-bestselling="">
    <a href="https://www.spesati.com/semi-anice-idav-1kg">
        <div style="background-image: url('https://cdn.spesati.com/images/products/missing-image/missing-image.jpg')">
            <div class="hover"></div>
            
            <div class="stickers"></div>
        </div>
    </a>
    <div>
        <h4><a href="https://www.spesati.com/semi-anice-idav-1kg"><b>Semi Anice Idav 1kg</b></a></h4>
        <p class="description">1 Kg</p>
        <p class="right price"><b>14.42 €</b></p>
        <p class="right unitPrice">14.42 € per kg</p>
    </div>
    <div class="notAvailable">
    <a class="button bgDarkGrey white" href="https://www.spesati.com/semi-anice-idav-1kg">Not available</a>
</div>
</div><div class="left product prod154"
        data-name="Spezie Garofan.1kg.'via D.indi"
        data-price="27.92"
        data-id="25306"
        data-available="no"
        data-category="4608"
        data-bestselling="">
    <a href="https://www.spesati.com/spezie-garofan1kgvia-dindi">
        <div style="background-image: url('https://cdn.spesati.com/images/products/missing-image/missing-image.jpg')">
            <div class="hover"></div>
            
            <div class="stickers"></div>
        </div>
    </a>
    <div>
        <h4><a href="https://www.spesati.com/spezie-garofan1kgvia-dindi"><b>Spezie Garofan.1kg.'via D.indi</b></a></h4>
        <p class="description">1 Kg</p>
        <p class="right price"><b>27.92 €</b></p>
        <p class="right unitPrice">27.92 € per kg</p>
    </div>
    <div class="notAvailable">
    <a class="button bgDarkGrey white" href="https://www.spesati.com/spezie-garofan1kgvia-dindi">Not available</a>
</div>
</div><div class="left product prod155"
        data-name="Curcuma Mac D&a Kg 1"
        data-price="7.34"
        data-id="25397"
        data-available="no"
        data-category="4608"
        data-bestselling="">
    <a href="https://www.spesati.com/curcuma-mac-da-kg-1">
        <div style="background-image: url('https://cdn.spesati.com/images/products/missing-image/missing-image.jpg')">
            <div class="hover"></div>
            
            <div class="stickers"></div>
        </div>
    </a>
    <div>
        <h4><a href="https://www.spesati.com/curcuma-mac-da-kg-1"><b>Curcuma Mac D&a Kg 1</b></a></h4>
        <p class="description">1 Kg</p>
        <p class="right price"><b>7.34 €</b></p>
        <p class="right unitPrice">7.34 € per kg</p>
    </div>
    <div class="notAvailable">
    <a class="button bgDarkGrey white" href="https://www.spesati.com/curcuma-mac-da-kg-1">Not available</a>
</div>
</div><div class="left product prod156"
        data-name="Anice Stell Inte D&a Pet Cc750"
        data-price="13.20"
        data-id="25412"
        data-available="no"
        data-category="4608"
        data-bestselling="">
    <a href="https://www.spesati.com/anice-stell-inte-da-pet-cc750">
        <div style="background-image: url('https://cdn.spesati.com/images/products/missing-image/missing-image.jpg')">
            <div class="hover"></div>
            
            <div class="stickers"></div>
        </div>
    </a>
    <div>
        <h4><a href="https://www.spesati.com/anice-stell-inte-da-pet-cc750"><b>Anice Stell Inte D&a Pet Cc750</b></a></h4>
        <p class="description">0.14 Kg</p>
        <p class="right price"><b>13.20 €</b></p>
        <p class="right unitPrice">97.77 € per kg</p>
    </div>
    <div class="notAvailable">
    <a class="button bgDarkGrey white" href="https://www.spesati.com/anice-stell-inte-da-pet-cc750">Not available</a>
</div>
</div><div class="left product prod157"
        data-name="Papavero Semi D&a Cc750"
        data-price="8.74"
        data-id="25148"
        data-available="no"
        data-category="4608"
        data-bestselling="">
    <a href="https://www.spesati.com/papavero-semi-da-cc750">
        <div style="background-image: url('https://cdn.spesati.com/images/products/missing-image/missing-image.jpg')">
            <div class="hover"></div>
            
            <div class="stickers"></div>
        </div>
    </a>
    <div>
        <h4><a href="https://www.spesati.com/papavero-semi-da-cc750"><b>Papavero Semi D&a Cc750</b></a></h4>
        <p class="description">0.45 Kg</p>
        <p class="right price"><b>8.74 €</b></p>
        <p class="right unitPrice">19.43 € per kg</p>
    </div>
    <div class="notAvailable">
    <a class="button bgDarkGrey white" href="https://www.spesati.com/papavero-semi-da-cc750">Not available</a>
</div>
</div><div class="left product prod158"
        data-name="Anice Stellato Mac.kg.1"
        data-price="24.07"
        data-id="25150"
        data-available="no"
        data-category="4608"
        data-bestselling="">
    <a href="https://www.spesati.com/anice-stellato-mackg1">
        <div style="background-image: url('https://cdn.spesati.com/images/products/missing-image/missing-image.jpg')">
            <div class="hover"></div>
            
            <div class="stickers"></div>
        </div>
    </a>
    <div>
        <h4><a href="https://www.spesati.com/anice-stellato-mackg1"><b>Anice Stellato Mac.kg.1</b></a></h4>
        <p class="description">1 Kg</p>
        <p class="right price"><b>24.07 €</b></p>
        <p class="right unitPrice">24.07 € per kg</p>
    </div>
    <div class="notAvailable">
    <a class="button bgDarkGrey white" href="https://www.spesati.com/anice-stellato-mackg1">Not available</a>
</div>
</div><div class="left product prod159"
        data-name="Peperone Rdg Crusco 20gr"
        data-price="3.99"
        data-id="82124"
        data-available="no"
        data-category="4608"
        data-bestselling="">
    <a href="https://www.spesati.com/peperone-rdg-crusco-20gr">
        <div style="background-image: url('https://cdn.spesati.com/images/products/missing-image/missing-image.jpg')">
            <div class="hover"></div>
            
            <div class="stickers"></div>
        </div>
    </a>
    <div>
        <h4><a href="https://www.spesati.com/peperone-rdg-crusco-20gr"><b>Peperone Rdg Crusco 20gr</b></a></h4>
        <p class="description">0.02 Kg</p>
        <p class="right price"><b>3.99 €</b></p>
        <p class="right unitPrice">199.49 € per kg</p>
    </div>
    <div class="notAvailable">
    <a class="button bgDarkGrey white" href="https://www.spesati.com/peperone-rdg-crusco-20gr">Not available</a>
</div>
</div><div class="left product prod160"
        data-name="Peperoncino C Isola Fine 35gr"
        data-price="3.52"
        data-id="83717"
        data-available="no"
        data-category="4608"
        data-bestselling="">
    <a href="https://www.spesati.com/peperoncino-c-isola-fine-35gr">
        <div style="background-image: url('https://cdn.spesati.com/images/products/missing-image/missing-image.jpg')">
            <div class="hover"></div>
            
            <div class="stickers"></div>
        </div>
    </a>
    <div>
        <h4><a href="https://www.spesati.com/peperoncino-c-isola-fine-35gr"><b>Peperoncino C Isola Fine 35gr</b></a></h4>
        <p class="description">0.04 Kg</p>
        <p class="right price"><b>3.52 €</b></p>
        <p class="right unitPrice">87.95 € per kg</p>
    </div>
    <div class="notAvailable">
    <a class="button bgDarkGrey white" href="https://www.spesati.com/peperoncino-c-isola-fine-35gr">Not available</a>
</div>
</div><div class="left product prod161"
        data-name="Cannella Reg.polv.1-1kg"
        data-price="20.62"
        data-id="25172"
        data-available="no"
        data-category="4608"
        data-bestselling="">
    <a href="https://www.spesati.com/cannella-regpolv1-1kg">
        <div style="background-image: url('https://cdn.spesati.com/images/products/missing-image/missing-image.jpg')">
            <div class="hover"></div>
            
            <div class="stickers"></div>
        </div>
    </a>
    <div>
        <h4><a href="https://www.spesati.com/cannella-regpolv1-1kg"><b>Cannella Reg.polv.1-1kg</b></a></h4>
        <p class="description">1 Kg</p>
        <p class="right price"><b>20.62 €</b></p>
        <p class="right unitPrice">20.61 € per kg</p>
    </div>
    <div class="notAvailable">
    <a class="button bgDarkGrey white" href="https://www.spesati.com/cannella-regpolv1-1kg">Not available</a>
</div>
</div><div class="left product prod162"
        data-name="Chiodi Garofano Polv.4 Bust."
        data-price="2.70"
        data-id="25174"
        data-available="no"
        data-category="4608"
        data-bestselling="">
    <a href="https://www.spesati.com/chiodi-garofano-polv4-bust">
        <div style="background-image: url('https://cdn.spesati.com/images/products/missing-image/missing-image.jpg')">
            <div class="hover"></div>
            
            <div class="stickers"></div>
        </div>
    </a>
    <div>
        <h4><a href="https://www.spesati.com/chiodi-garofano-polv4-bust"><b>Chiodi Garofano Polv.4 Bust.</b></a></h4>
        <p class="description">1 Kg</p>
        <p class="right price"><b>2.70 €</b></p>
        <p class="right unitPrice">2.70 € per kg</p>
    </div>
    <div class="notAvailable">
    <a class="button bgDarkGrey white" href="https://www.spesati.com/chiodi-garofano-polv4-bust">Not available</a>
</div>
</div><div class="left product prod163"
        data-name="Mirto Bacche C Isola 30gr"
        data-price="3.52"
        data-id="83750"
        data-available="no"
        data-category="4608"
        data-bestselling="">
    <a href="https://www.spesati.com/mirto-bacche-c-isola-30gr">
        <div style="background-image: url('https://cdn.spesati.com/images/products/missing-image/missing-image.jpg')">
            <div class="hover"></div>
            
            <div class="stickers"></div>
        </div>
    </a>
    <div>
        <h4><a href="https://www.spesati.com/mirto-bacche-c-isola-30gr"><b>Mirto Bacche C Isola 30gr</b></a></h4>
        <p class="description">0.03 Kg</p>
        <p class="right price"><b>3.52 €</b></p>
        <p class="right unitPrice">117.26 € per kg</p>
    </div>
    <div class="notAvailable">
    <a class="button bgDarkGrey white" href="https://www.spesati.com/mirto-bacche-c-isola-30gr">Not available</a>
</div>
</div><div class="left product prod164"
        data-name="Basilico Foglie D&a Gr250"
        data-price="3.96"
        data-id="25203"
        data-available="no"
        data-category="4608"
        data-bestselling="">
    <a href="https://www.spesati.com/basilico-foglie-da-gr250">
        <div style="background-image: url('https://cdn.spesati.com/images/products/missing-image/missing-image.jpg')">
            <div class="hover"></div>
            
            <div class="stickers"></div>
        </div>
    </a>
    <div>
        <h4><a href="https://www.spesati.com/basilico-foglie-da-gr250"><b>Basilico Foglie D&a Gr250</b></a></h4>
        <p class="description">0.25 Kg</p>
        <p class="right price"><b>3.96 €</b></p>
        <p class="right unitPrice">15.84 € per kg</p>
    </div>
    <div class="notAvailable">
    <a class="button bgDarkGrey white" href="https://www.spesati.com/basilico-foglie-da-gr250">Not available</a>
</div>
</div><div class="left product prod165"
        data-name="Origano Ast.40gr"
        data-price="2.45"
        data-id="25221"
        data-available="no"
        data-category="4608"
        data-bestselling="">
    <a href="https://www.spesati.com/origano-ast40gr">
        <div style="background-image: url('https://cdn.spesati.com/images/products/missing-image/missing-image.jpg')">
            <div class="hover"></div>
            
            <div class="stickers"></div>
        </div>
    </a>
    <div>
        <h4><a href="https://www.spesati.com/origano-ast40gr"><b>Origano Ast.40gr</b></a></h4>
        <p class="description">0.04 Kg</p>
        <p class="right price"><b>2.45 €</b></p>
        <p class="right unitPrice">61.35 € per kg</p>
    </div>
    <div class="notAvailable">
    <a class="button bgDarkGrey white" href="https://www.spesati.com/origano-ast40gr">Not available</a>
</div>
</div><div class="left product prod166"
        data-name="Origano Sfuso 500gr"
        data-price="13.65"
        data-id="25225"
        data-available="no"
        data-category="4608"
        data-bestselling="">
    <a href="https://www.spesati.com/origano-sfuso-500gr">
        <div style="background-image: url('https://cdn.spesati.com/images/products/missing-image/missing-image.jpg')">
            <div class="hover"></div>
            
            <div class="stickers"></div>
        </div>
    </a>
    <div>
        <h4><a href="https://www.spesati.com/origano-sfuso-500gr"><b>Origano Sfuso 500gr</b></a></h4>
        <p class="description">0.5 Kg</p>
        <p class="right price"><b>13.65 €</b></p>
        <p class="right unitPrice">13.65 € per piece</p>
    </div>
    <div class="notAvailable">
    <a class="button bgDarkGrey white" href="https://www.spesati.com/origano-sfuso-500gr">Not available</a>
</div>
</div><div class="left product prod167"
        data-name="Potassio Nitrato Via Indie 1kg"
        data-price="22.01"
        data-id="25284"
        data-available="no"
        data-category="4608"
        data-bestselling="">
    <a href="https://www.spesati.com/potassio-nitrato-via-indie-1kg">
        <div style="background-image: url('https://cdn.spesati.com/images/products/missing-image/missing-image.jpg')">
            <div class="hover"></div>
            
            <div class="stickers"></div>
        </div>
    </a>
    <div>
        <h4><a href="https://www.spesati.com/potassio-nitrato-via-indie-1kg"><b>Potassio Nitrato Via Indie 1kg</b></a></h4>
        <p class="description">1 Kg</p>
        <p class="right price"><b>22.01 €</b></p>
        <p class="right unitPrice">22.01 € per kg</p>
    </div>
    <div class="notAvailable">
    <a class="button bgDarkGrey white" href="https://www.spesati.com/potassio-nitrato-via-indie-1kg">Not available</a>
</div>
</div>        </div>
    </div>
</section>
<div class="footer">
    <div class="bgDarkGrey"></div>
    <footer>
        <div class="left bgDarkGrey">
            <a id="logoFooter" href="https://www.spesati.com/" class="estDynamic">
                <img src="http://cdn.spesati.com/images/layout/logo-eng.png" alt="Spesati.com" />
                <h2 class="red">Grocery Delivery</h2>
            </a>
            <a class="button bgRed white mobile" href="tel:390707968318">Phone order</a>
            <a class="button bgRed white desktop" href="https://www.spesati.com/news/2020-04-07/news-on-spesati-the-telephone-order-service-is-active">Phone order</a>
            <a class="button bgRed white" href="https://www.spesati.com/cdn-cgi/l/email-protection#c1a8afa7ae81b2b1a4b2a0b5a8efa2aeac">Send mail</a>
            <div id="social">
                <a class="left" href="https://www.facebook.com/spesati/" rel="external" target="_blank">
                    <span class="facebook bgRed fa-stack fa-lg">
                        <i class="fa fa-facebook fa-stack-1x "></i>
                    </span>
                </a>
                <a class="right" href="https://twitter.com/spesati" rel="external" target="_blank">
                    <span class="twitter bgRed fa-stack fa-lg">
                        <i class="fa fa-twitter fa-stack-1x "></i>
                    </span>
                </a>
            </div>
            <p>Copyright 2024 Spesati.com </p>
            
                    <p>All rights reserved</p>
                    <p>SPESATI SRL</p>
                    <p>Corso Vittorio Veneto 15/I, 07026, Olbia</p>
                    <p>CF e P.Iva: 02772380909</p>
                        </div>
        <div class="center bgRed">
            <div class="top">
                <h3>Categories</h3>
                <div class="col">
                    <ul>
                        <li>
                            <a href="#" class="estDynamic">On sale</a>
                        </li>
                        <li>
                            <a href="https://www.spesati.com/fruit-and-vegetables" class="estDynamic">Fruit and vegetables</a>
                        </li>
                        <li>
                            <a href="https://www.spesati.com/fresh-products" class="estDynamic">Fresh products</a>
                        </li>
                        <li>
                            <a href="https://www.spesati.com/frozen-foods" class="estDynamic">Frozen foods</a>
                        </li>
                        <li>
                            <a href="https://www.spesati.com/bread-and-pasta" class="estDynamic">Bread and pasta</a>
                        </li>
                        <li>
                            <a href="https://www.spesati.com/meat" class="estDynamic">Meat</a>
                        </li>
                        <li>
                            <a href="https://www.spesati.com/fish" class="estDynamic">Fish</a>
                        </li>
                    </ul>
                </div>
                <div class="col">
                    <ul>
                        <li>
                            <a href="https://www.spesati.com/wine-beer-and-spirits" class="estDynamic">Wine beer and spirits</a>
                        </li>
                        <li>
                            <a href="https://www.spesati.com/water-and-drinks" class="estDynamic">Water and drinks</a>
                        </li>
                        <li>
                            <a href="https://www.spesati.com/sweets" class="estDynamic">Sweets</a>
                        </li>
                        <li>
                            <a href="https://www.spesati.com/shelf" class="estDynamic">Cupboard</a>
                        </li>
                        <li>
                            <a href="https://www.spesati.com/personal-care" class="estDynamic">Personal care</a>
                        </li>
                        <li>
                            <a href="https://www.spesati.com/household-and-outdoors" class="estDynamic">Home and outdoors</a>
                        </li>
                        <li>
                            <a href="https://www.spesati.com/pet" class="estDynamic">Pets</a>
                        </li>
                    </ul>
                </div>
                <div class="col">
                    <ul>
                        <li>
                            <a href="https://www.spesati.com/technology" class="estDynamic">Technology</a>
                        </li>
                        <li>
                            <a href="https://www.spesati.com/gluten-free" class="estDynamic">Gluten free</a>
                        </li>
                        <li>
                            <a href="https://www.spesati.com/lactose-free" class="estDynamic">Lactose free</a>
                        </li>
                        <li>
                            <a href="https://www.spesati.com/special" class="estDynamic">Special</a>
                        </li>
                        <li>
                            <a href="https://www.spesati.com/sardinian-products" class="estDynamic">Sardinian products</a>
                        </li>
                    </ul>
                </div>
            </div>
            <div class="bottom bgRed">
                <div class="left">
                    <h3>Delivery payment</h3>
                    <div>
                        <i class="fa fa-money fa-3x" aria-hidden="true"></i>
                        <p>Cash</p>
                    </div>
                    <div>
                        <i class="fa fa-credit-card fa-3x" aria-hidden="true"></i>
                        <p>Bancomat or card</p>
                    </div>
                </div>
                <div class="right">
                    <h3>Online payment</h3>
                    <div>
                        <i class="fa fa-credit-card fa-3x" aria-hidden="true"></i>
                        <p>Credit or debit card <span class="red">online</span></p>
                    </div>
                    <div>
                        <i class="fa fa-paypal fa-3x" aria-hidden="true"></i>
                        <p>PayPal</p>
                    </div>
                    <div>
                        <i class="fa fa-university fa-3x" aria-hidden="true"></i>
                        <p>Bank transfer</p>
                    </div>
                </div>
            </div>
        </div>
        <div class="right bgRed">
            <div>
                <i class="fa fa-truck fa-flip-horizontal"></i>
                <a class="button bgYellow white" href="https://www.spesati.com/delivery-prices">Delivery prices</a>
                
                    <h3>Home delivery:</h3>
                    <p><b>Monday to Saturday</b></p>
                    <p><b>9:00 to 20:00</b></p>
                    <p><b>Minimum order:</b> 29€</p>
                    <p><b>Delivery starting from:</b> 3,50€</p>
                            </div>
            <ul>
                <li>
                    <a href="https://www.spesati.com/delivery-prices">Delivery prices</a>
                </li>
                <li>
                    <a href="https://www.spesati.com/about">About</a>
                </li>
                <li>
                    <a href="https://www.spesati.com/faq">Faq</a>
                </li>
                <li>
                    <a href="https://www.spesati.com/customer-care">Support</a>
                </li>
                <li>
                    <a href="https://www.spesati.com/news">Blog</a>
                </li>
                <li>
                    <a href="https://www.spesati.com/terms-and-conditions">Conditions</a>
                </li>
                <li>
                    <a href="https://www.spesati.com/privacy-policy">Privacy policy</a>
                </li>
                <li>
                    <a href="https://www.spesati.com/legal-warranty">Legal guarantee</a>
                </li>
            </ul>
        </div>
    </footer>
    <div class="bgRed"></div>
</div>
<!--Start of Tawk.to Script-->
<script data-cfasync="false" src="https://www.spesati.com/cdn-cgi/scripts/5c5dd728/cloudflare-static/email-decode.min.js"></script><script type="text/javascript">
var Tawk_API=Tawk_API||{}, Tawk_LoadStart=new Date();
(function(){
var s1=document.createElement("script"),s0=document.getElementsByTagName("script")[0];
s1.async=true;
s1.src='https://embed.tawk.to/59e86945c28eca75e4626ed9/default';
s1.charset='UTF-8';
s1.setAttribute('crossorigin','*');
s0.parentNode.insertBefore(s1,s0);
})();
</script>
<!--End of Tawk.to Script-->

<!-- Here are parked a few translatable strings, useful for Javascript rendering -->
<div id="js-texts" hidden>
    <input type="hidden" name="save_cart_notice" value="Saving your cart it will be possible to reload it next time you come for shopping">
    <input type="hidden" name="save_cart_notice_title" value="Want to save your cart?">
    <input type="hidden" name="save_cart_ok" value="Save">
    <input type="hidden" name="save_cart_ko" value="Don't Save">
    <input type="hidden" name="reload_cart" value="The Reload Order function allows you to top up your last cart to make a New Order. Warning: do not use this function to add products to the last order. At this time it is not possible to modify an order placed previously.">
</div>

<!-- new site and login popup -->
</body>
<!-- Mirrored from www.spesati.com/shelf/spices by HTTrack Website Copier/3.x [XR&CO'2014], Fri, 23 Feb 2024 18:50:10 GMT -->
</html>