<!DOCTYPE html><html lang="en">
<!-- Mirrored from www.spesati.com/shelf/stock-cubes by HTTrack Website Copier/3.x [XR&CO'2014], Fri, 23 Feb 2024 18:47:00 GMT -->
<!-- Added by HTTrack --><meta http-equiv="content-type" content="text/html;charset=utf-8" /><!-- /Added by HTTrack -->
<head>
    <title>Nuts and preparations - Cupboard - Spesati.com</title>
    <meta http-equiv="Content-Type" content="text/html; charset=UTF-8" />
    <meta name="description" content="" />
    <meta name="keywords" content="" />
    <link href="../images/favicon.ico" rel="shortcut icon" type="image/x-icon" />
    <meta name="author" content="www.dodify.com" /><link rel="canonical" href="stock-cubes.html" /><link rel="alternate" hreflang="en" href="stock-cubes.html" /><link rel="alternate" hreflang="it" href="https://www.spesati.it/scaffale/dadi-e-preparati" /><link href="../../cdnjs.cloudflare.com/ajax/libs/meyer-reset/2.0/reset.min.css" rel="stylesheet" type="text/css" /><link href="../../cdnjs.cloudflare.com/ajax/libs/font-awesome/6.5.1/css/all.min.css" rel="stylesheet" type="text/css" /><link href="https://fonts.googleapis.com/css?family=Montserrat:400,700" rel="stylesheet" type="text/css" /><link href="../../cdnjs.cloudflare.com/ajax/libs/fancybox/2.1.5/jquery.fancybox.min.css" rel="stylesheet" type="text/css" /><link href="../style/mainbea6.css?v=7" rel="stylesheet" type="text/css" /><link href="../style/lightslider.css" rel="stylesheet" type="text/css" /><link href="../style/categories.css" rel="stylesheet" type="text/css" /><script src="../../cdnjs.cloudflare.com/ajax/libs/jquery/3.6.1/jquery.min.js" type="text/javascript"></script><script src="../../ajax.googleapis.com/ajax/libs/jquery/1.11.0/jquery.min.js" type="text/javascript"></script><script src="http://unpkg.com/@floating-ui/core@0.4.0" type="text/javascript"></script><script src="http://unpkg.com/@floating-ui/dom@0.2.0" type="text/javascript"></script><script src="../../cdnjs.cloudflare.com/ajax/libs/fancybox/2.1.5/jquery.fancybox.min.js" type="text/javascript"></script><script src="../js/menu.js" type="text/javascript"></script><script src="../js/interfaceb6f5.js?v=10" type="text/javascript"></script><script src="../js/spesati.lightslider.min.js" type="text/javascript"></script><meta name="viewport" content="width=device-width, initial-scale=1, maximum-scale=1" /><meta name = "format-detection" content = "telephone=no">
<!-- Facebook Pixel Code -->
<script>
  !function(f,b,e,v,n,t,s)
  {if(f.fbq)return;n=f.fbq=function(){n.callMethod?
  n.callMethod.apply(n,arguments):n.queue.push(arguments)};
  if(!f._fbq)f._fbq=n;n.push=n;n.loaded=!0;n.version='2.0';
  n.queue=[];t=b.createElement(e);t.async=!0;
  t.src=v;s=b.getElementsByTagName(e)[0];
  s.parentNode.insertBefore(t,s)}(window, document,'script',
  '../../connect.facebook.net/en_US/fbevents.js');
  fbq('init', '792335014180667');
  fbq('track', 'PageView');
</script>
<noscript>
    <img height="1" width="1" style="display:none" src="https://www.facebook.com/tr?id=792335014180667&amp;ev=PageView&amp;noscript=1" />
</noscript>
<!-- End Facebook Pixel Code -->

<!-- GA4 -->
<script async src="https://www.googletagmanager.com/gtag/js?id=G-SSS6NRNXL0"></script>
<script>
  window.dataLayer = window.dataLayer || [];
  function gtag(){dataLayer.push(arguments);}
  gtag('js', new Date());
  gtag('config', 'AW-976671669');
  gtag('config', 'G-SSS6NRNXL0');
</script>
<!-- Elements for PWA deploy -->
<link rel="manifest" href="../manifest.json">
<meta name="theme-color" media="(prefers-color-scheme: light)" content="white">
<meta name="theme-color" media="(prefers-color-scheme: dark)"  content="black">
<link href=../images/icon-192.png rel=apple-touch-icon sizes="192x192">
<!-- Establishment logic -->
<script>var pageEstablishment = "Olbia"; var estDefaultPages = true</script>
    <!--[if lt IE 9]>
        <script src="https://cdnjs.cloudflare.com/ajax/libs/html5shiv/3.7.3/html5shiv.min.js" type="text/javascript"></script>
    <![endif]--><script type="text/javascript">
$(document).ready(function() {
    // Check if exists cookie
    if(document.cookie.indexOf("cookieAccepted") < 0) {
        var cookieText = '<div id=\"cookie\"><p>This site uses cookies. Cookies are used for ads personalisation. <a href=\"/privacy-policy\">More info</a></p><button id=\"cookieConsent\" type=\"button\">Accept</button></div>';
        $("body").append($(
            cookieText
        ));
        $('#cookie').css({
            'width'           : '100%',
            'text-align'      : 'center',
            'color'           : '#FFFFFF',
            'background-color': '#000000', 
            'opacity'         : '.8', 
            'position'        : 'fixed', 
            'bottom'          : '0',
            'padding'         : '.5em 0',
            'z-index'         : '999'
        });
        $('#cookie > *').css({
            'display': 'inline'
        });
        $('#cookie a').css({
            'color'          : '#FFFFFF',
            'text-decoration': 'underline',
            'margin-right'   : '2%'
        });
        $('#cookieConsent').click(function() {
            // Set cookie
            var expiry = new Date();
            expiry.setTime(expiry.getTime() + (365 * 24 * 60 * 60 * 1000));
            document.cookie = "cookieAccepted=yes; expires=" + expiry.toGMTString() + "; path=/; domain=.spesati.com";
            $('#cookie').css({'display': 'none'});
        });
    }
});
</script></head><body><script type="text/javascript">
    var addText = "Add";
    var slider  = null;
    $(document).ready(function() {
        slider = $('#cartSlider').lightSlider({
            controls: false,
            item:13,
            loop:false,
            slideMove:1,
            easing: 'cubic-bezier(0.25, 0, 0.25, 1)',
            speed:600,
            responsive : [
                {
                    breakpoint:1400,
                    settings: {
                        item:12,
                        slideMove:1,
                    }
                },
                {
                    breakpoint:1200,
                    settings: {
                        item:11,
                        slideMove:1,
                    }
                },
                {
                    breakpoint:1080,
                    settings: {
                        item:14,
                        slideMove:1,
                    }
                },
                {
                    breakpoint:800,
                    settings: {
                        item:12,
                        slideMove:1,
                    }
                }
            ]
        });
        $('.lSPager').css("display","none");
        $('.lSAction').css("display","block");
        $('#goToPrevSlide').on('click', function () {
            slider.goToPrevSlide();
        });
        $('#goToNextSlide').on('click', function () {
            slider.goToNextSlide();
        });
    });

</script>
<div id="header" class="bgYellow">
    <header>
        <a class="menu" href="#"><i class="fa red fa-bars fa-2x"></i></a>
        <a id="logo" class="colLeft estDynamic" href="../index.html">
            <img src="../../cdn.spesati.com/images/layout/logo-eng.png" alt="Spesati.com" />
            <h2 class="red">Grocery Delivery</h2>
        </a>
        <div class="colRight">
            <div id="controls" class="right">
                <p id="establishmentControls">
                    <span class="establishmentWarning"><i class="fa-solid fa-triangle-exclamation red" title="Stai visualizzando i prodotti disponibili in una zona diversa. Se vuoi cambiare zona, cliccan qui"></i>&nbsp;&nbsp;</span>
                    Shopping from <b><a id="establishment" href="#"></a></b> <span id="estAddress">for </span> <a href="../change-establishment.html">(<i class="fa-solid fa-pencil"></i> Change)</a> <span class="establishmentWarning">but viewing <b>Olbia</b></span>
                </p>
                <p><a href="https://www.spesati.it/scaffale/dadi-e-preparati" class="black switch-site">Versione italiana</a></p>                
            </div>
            <div>
                <form id="search" action="https://www.spesati.com/search" method="post" class="left">
                    <fieldset>
                        <div>
                            <input type="text" name="searchBox" id="searchBox" placeholder="Search for a product"></input>
                            <input id="searchButton" type="submit" name="searchButton" class="button bgRed white left" value="Find" />
                        </div>
                    </fieldset>
                </form>
                <div class="center left">
                    <a class="button bgRed white log-in" href="../login.html">Login</a>
                    <a class="button bgRed white sign-up" href="../sign-up.html">Sign up</a>
                    <a class="button bgRed white profile" href="../profile.html">Profile</a>
                    <a class="button bgRed white log-out" href="../index.html" data-endpoint-check-cart="https://api.spesati.com/cart/check">Logout</a>
                </div>
                <div class="right user-function-icons">
                    <a class="red left account"><i class="fa fa-user fa-3x"></i></a>
                    <div id="dropdown">
                        <a class="log-in button bgRed white" href="../login.html">Login</a>
                        <a class="sign-up button bgRed white" href="../sign-up.html">Sign up</a>
                        <a class="profile button bgRed white" href="../profile.html">Profile</a>
                        <a class="log-out button bgRed white" href="../index.html">Logout</a>
                    </div>

                    <div class="cart left">
                        <i class="fa fa-sm fa-shopping-cart red" aria-hidden="true" id="shipping-cart-button"></i>
                        <p id="cartQuantity"></p>
                    </div>

                    <a class="right" href="../cart.html"><p class="black" id="cartTotal"></p></a>
                </div>
            </div>
                            <div id="previewCart">
                    <i id="goToPrevSlide" class="yellow fa fa-angle-left fa-2x" aria-hidden="true"></i>
                    <div><ul id="cartSlider"></ul></div>
                    <i id="goToNextSlide" class="yellow fa fa-angle-right fa-2x" aria-hidden="true"></i>
                </div>
                    </div>
    </header>

    <div id="shipping-cart-options" data-inited="false">
        <a href="../cart.html" class="goto-cart">checkout</a>
        <a href="#" data-endpoint-auth="https://api.spesati.com/cart/save" data-endpoint-noauth="/login" class="save-cart">save</a>
        <a href="#" data-endpoint-auth="https://api.spesati.com/cart/load" class="load-cart">load</a>
    </div>
</div>
<div id="menuCategoriesMobile" class="mobile bgRed">
    <div class="closeMenu">
        <i class="fa fa-times fa-2x white"></i>
        Close
    </div>
    <ul class="bgRed white">
        <div id="langMobile" class="right">
        <a href="https://www.spesati.it/scaffale/dadi-e-preparati" class="white switch-site"><p>Versione italiana</p></a>    </div>
        <li><a>Categories</a>
            <ul class="bgWhite">
                <li>
                    <img src="../../cdn.spesati.com/images/menu/on-sale.png"/>
                    On sale                    <i class="fa fa-angle-down" aria-hidden="true"></i>
                    <ul class="sub-menu">
                    <li>
    <a href="../tacchino-fesa-a-fette.html">Tacchino Fesa A Fette</a>
</li><li>
    <a href="../amaro-montenegro-15lt.html">Amaro Montenegro 1,5lt</a>
</li><li>
    <a href="../carbone-di-legna-sacco-10kg.html">Carbone Di Legna Sacco 10Kg</a>
</li><li>
    <a href="../filu-e-ferru-silvio-carta-70cl.html">Filu E Ferru Silvio Carta 70Cl</a>
</li><li>
    <a href="../braciole-suino-con-cotenna.html">Braciole Suino Con Cotenna</a>
</li><li>
    <a href="../bovino-adulto-polpa.html">Bovino Adulto Polpa</a>
</li><li>
    <a href="../vino-la-palma-cannonau-le-bombarde.html">Vino La Palma Cannonau Le Bombarde</a>
</li><li>
    <a href="../fettine-sceltissime-bovino-adulto.html">Fettine Sceltissime Bovino Adulto</a>
</li><li>
    <a href="../suino-fettine-scelte.html">Suino Fettine Scelte</a>
</li><li>
    <a href="../lavazza-caffe-qualita-rossa-2x250gr.html">Lavazza Caffé Qualità Rossa 2x250gr</a>
</li>                        <li>
                            <a class="estDynamic" href="../on-offer.html">All products on sale</a>
                        </li>
                    </ul>
                </li>
                <li>
                    <img src="../../cdn.spesati.com/images/menu/gift.png"/>
                    Gifts                    <i class="fa fa-angle-down" aria-hidden="true"></i>
                    <ul class="sub-menu">
                        <li>
    <a href="../gift-card-da-150.html">Gift Card Da 150</a>
</li><li>
    <a href="../gift-card-da-100.html">Gift Card Da 100</a>
</li><li>
    <a href="../gift-card-da-50.html">Gift Card Da 50</a>
</li><li>
    <a href="../gift-card-da-25.html">Gift Card Da 25</a>
</li>                        <li>
                            <a class="estDynamic" href="../gift.html">All products in the gifts category</a>
                        </li>
                    </ul>
                </li>
                <li>
                    <img src="../../cdn.spesati.com/images/menu/gift-card.png"/>
                    Gift card and discounts                    <i class="fa fa-angle-down" aria-hidden="true"></i>
                    <ul class="sub-menu">
                        <li>
    <a href="../gift-card-da-150.html">Gift Card Da 150</a>
</li><li>
    <a href="../gift-card-da-100.html">Gift Card Da 100</a>
</li><li>
    <a href="../gift-card-da-50.html">Gift Card Da 50</a>
</li><li>
    <a href="../gift-card-da-25.html">Gift Card Da 25</a>
</li>                    </ul>
                </li>
                <li>
                    <img src="../../cdn.spesati.com/images/menu/fuit-and-vegetables.png"/>
                    Fruit and vegetables                    <i class="fa fa-angle-down" aria-hidden="true"></i>
                    <ul class="sub-menu">
                        <li>
                            <a class="estDynamic" href="../fruit-and-vegetables/pulses-and-beans.html">Cereals and pulses and beans</a>
                        </li>
                        <li>
                            <a class="estDynamic" href="../fruit-and-vegetables/fruit.html">Fruit</a>
                        </li>
                        <li>
                            <a class="estDynamic" href="../fruit-and-vegetables/canned-fruit.html">Canned fruit</a>
                        </li>
                        <li>
                            <a class="estDynamic" href="../fruit-and-vegetables/dried-fruit.html">Dried fruit</a>
                        </li>
                        <li>
                            <a class="estDynamic" href="../fruit-and-vegetables/ready-salads.html">Ready salads</a>
                        </li>
                        <li>
                            <a class="estDynamic" href="../fruit-and-vegetables/fresh-spices.html">Fresh spices</a>
                        </li>
                        <li>
                            <a class="estDynamic" href="../fruit-and-vegetables/vegetables.html">Vegetables and soy</a>
                        </li>
                    </ul>
                </li>
                <li>
                    <img src="../../cdn.spesati.com/images/menu/fresh-products.png"/>
                    Fresh products                    <i class="fa fa-angle-down" aria-hidden="true"></i>
                    <ul class="sub-menu">
                        <li>
                            <a class="estDynamic" href="../fresh-products/margarine-and-butter.html">Butter and margarine</a>
                        </li>
                        <li>
                            <a class="estDynamic" href="../fresh-products/danone.html">Danone</a>
                        </li>
                        <li>
                            <a class="estDynamic" href="../fresh-products/dessert.html">Dessert</a>
                        </li>
                        <li>
                            <a class="estDynamic" href="../fresh-products/sweets.html">Sweets</a>
                        </li>
                        <li>
                            <a class="estDynamic" href="../fresh-products/dairy-products.html">Dairy product</a>
                        </li>
                        <li>
                            <a class="estDynamic" href="../fresh-products/bakery.html">Yeast</a>
                        </li>
                        <li>
                            <a class="estDynamic" href="../fresh-products/mascarpone.html">Mascarpone</a>
                        </li>
                        <li>
                            <a class="estDynamic" href="../fresh-products/snacks.html">Snacks</a>
                        </li>
                        <li>
                            <a class="estDynamic" href="../fresh-products/mozzarella.html">Mozzarella</a>
                        </li>
                        <li>
                            <a class="estDynamic" href="../fresh-products/pasta.html">Pasta</a>
                        </li>
                        <li>
                            <a class="estDynamic" href="../fresh-products/pesto-and-sauces.html">Pesto and sauces</a>
                        </li>
                        <li>
                            <a class="estDynamic" href="../fresh-products/ricotta-and-cheese.html">Ricotta and cheese</a>
                        </li>
                        <li>
                            <a class="estDynamic" href="../fresh-products/cured-meat.html">Cured meat</a>
                        </li>
                        <li>
                            <a class="estDynamic" href="../fresh-products/wurstel.html">Würstel</a>
                        </li>
                        <li>
                            <a class="estDynamic" href="../fresh-products/yogurt.html">Yogurt</a>
                        </li>
                    </ul>
                </li>
                <li>
                    <img src="../../cdn.spesati.com/images/menu/frozen-foods.png"/>
                    Frozen foods                    <i class="fa fa-angle-down" aria-hidden="true"></i>
                    <ul class="sub-menu">
                        <li>
                            <a class="estDynamic" href="../frozen-foods/meat.html">Meat</a>
                        </li>
                        <li>
                            <a class="estDynamic" href="../frozen-foods/ice-creams.html">Ice cream and sweet</a>
                        </li>
                        <li>
                            <a class="estDynamic" href="../frozen-foods/pasta.html">Pasta</a>
                        </li>
                        <li>
                            <a class="estDynamic" href="../frozen-foods/fish.html">Fish</a>
                        </li>
                        <li>
                            <a class="estDynamic" href="../frozen-foods/ready-meals.html">Ready meals</a>
                        </li>
                        <li>
                            <a class="estDynamic" href="../frozen-foods/pizzas.html">Pizzas</a>
                        </li>
                        <li>
                            <a class="estDynamic" href="../frozen-foods/vegetables.html">Vegetables and soy</a>
                        </li>
                    </ul>
                </li>
                <li>
                    <img src="../../cdn.spesati.com/images/menu/bread-and-pasta.png"/>
                    Bread and pasta                    <i class="fa fa-angle-down" aria-hidden="true"></i>
                    <ul class="sub-menu">
                        <li>
                            <a class="estDynamic" href="../bread-and-pasta/crackers.html">Crackers</a>
                        </li>
                        <li>
                            <a class="estDynamic" href="../bread-and-pasta/rusks.html">Rusks</a>
                        </li>
                        <li>
                            <a class="estDynamic" href="../bread-and-pasta/white-bread.html">White bread</a>
                        </li>
                        <li>
                            <a class="estDynamic" href="../bread-and-pasta/local-bread.html">Local bread</a>
                        </li>
                        <li>
                            <a class="estDynamic" href="../bread-and-pasta/soft-bread.html">Soft bread</a>
                        </li>
                        <li>
                            <a class="estDynamic" href="../bread-and-pasta/sardinian-bread.html">Sardinian bread</a>
                        </li>
                        <li>
                            <a class="estDynamic" href="../bread-and-pasta/bakery.html">Bakery</a>
                        </li>
                        <li>
                            <a class="estDynamic" href="../bread-and-pasta/pasta.html">Pasta</a>
                        </li>
                        <li>
                            <a class="estDynamic" href="../bread-and-pasta/fresh-pasta.html">Fresh pasta</a>
                        </li>
                    </ul>
                </li>
                <li>
                    <img src="../../cdn.spesati.com/images/menu/meat.png"/>
                    Meat                    <i class="fa fa-angle-down" aria-hidden="true"></i>
                    <ul class="sub-menu">
                        <li>
                            <a class="estDynamic" href="../meat/beef.html">Beef</a>
                        </li>
                        <li>
                            <a class="estDynamic" href="../meat/goat.html">Goat</a>
                        </li>
                        <li>
                            <a class="estDynamic" href="../meat/packaged-meat.html">Packaged meat</a>
                        </li>
                        <li>
                            <a class="estDynamic" href="../meat/rabbit.html">Rabbit</a>
                        </li>
                        <li>
                            <a class="estDynamic" href="../meat/horse.html">Horse</a>
                        </li>
                        <li>
                            <a class="estDynamic" href="../meat/pork.html">Pork</a>
                        </li>
                        <li>
                            <a class="estDynamic" href="../meat/lamb.html">Lamb</a>
                        </li>
                        <li>
                            <a class="estDynamic" href="../meat/poultry.html">Poultry</a>
                        </li>
                    </ul>
                </li>
                <li>
                    <img src="../../cdn.spesati.com/images/menu/fish.png"/>
                    Fish                    <i class="fa fa-angle-down" aria-hidden="true"></i>
                    <ul class="sub-menu">
                        <li>
                            <a class="estDynamic" href="../fish/fresh-water.html">Fresh water</a>
                        </li>
                        <li>
                            <a class="estDynamic" href="../fish/salt-water.html">Salt water</a>
                        </li>
                        <li>
                            <a class="estDynamic" href="../fish/mussels.html">Mussels</a>
                        </li>
                        <li>
                            <a class="estDynamic" href="../fish/dried-and-salted.html">Dried and salted</a>
                        </li>
                        <li>
                            <a class="estDynamic" href="../fish/seafood-salad.html">Seafood salad</a>
                        </li>
                        <li>
                            <a class="estDynamic" href="../fish/prepared.html">Prepared</a>
                        </li>
                        <li>
                            <a class="estDynamic" href="../fish/specialty.html">Specialty</a>
                        </li>   
                        <li>
                            <a class="estDynamic" href="../fish/tuna-and-salmon.html">Tuna and salmon</a>
                        </li>
                    </ul>
                </li>
                <li>
                    <img src="../../cdn.spesati.com/images/menu/alcohol.png"/>
                    Wine beer and spirits                    <i class="fa fa-angle-down" aria-hidden="true"></i>
                    <ul class="sub-menu">
                        <li>
                            <a class="estDynamic" href="../wine-beer-and-spirits/spirits-and-liquors.html">Alcohol</a>
                        </li>
                        <li>
                            <a class="estDynamic" href="../wine-beer-and-spirits/bitters.html">Bitters</a>
                        </li>
                        <li>
                            <a class="estDynamic" href="../wine-beer-and-spirits/aperatif.html">Aperatifs</a>
                        </li>
                        <li>
                            <a class="estDynamic" href="../wine-beer-and-spirits/beer.html">Beer</a>
                        </li>
                        <li>
                            <a class="estDynamic" href="../wine-beer-and-spirits/creams.html">Creams</a>
                        </li>
                        <li>
                            <a class="estDynamic" href="../wine-beer-and-spirits/spirits.html">Spirits</a>
                        </li>
                        <li>
                            <a class="estDynamic" href="../wine-beer-and-spirits/liquors.html">Liquors</a>
                        </li>
                        <li>
                            <a class="estDynamic" href="../wine-beer-and-spirits/white-wine.html">White wine</a>
                        </li>
                        <li>
                            <a class="estDynamic" href="../wine-beer-and-spirits/prosecco-wine.html">Prosecco wine</a>
                        </li>
                        <li>
                            <a class="estDynamic" href="../wine-beer-and-spirits/rose-wine.html">Rose wine</a>
                        </li>
                        <li>
                            <a class="estDynamic" href="../wine-beer-and-spirits/red-wine.html">Red wine</a>
                        </li>
                        <li>
                            <a class="estDynamic" href="../wine-beer-and-spirits/specialty-wine.html">Special wine</a>
                        </li>
                        <li>
                            <a class="estDynamic" href="../wine-beer-and-spirits/sparkling-wine.html">Sparkling wine</a>
                        </li>
                        <li>
                            <a class="estDynamic" href="../wine-beer-and-spirits/vermentino-wine.html">Vermentino wine</a>
                        </li>
                    </ul>
                </li>
                <li>
                    <img src="../../cdn.spesati.com/images/menu/water-and-drinks.png"/>
                    Water and drinks                    <i class="fa fa-angle-down" aria-hidden="true"></i>
                    <ul class="sub-menu">
                        <li>
                            <a class="estDynamic" href="../water-and-drinks/san-martino.html">San Martino</a>
                        </li>
                        <li>
                            <a class="estDynamic" href="../water-and-drinks/water.html">Water</a>
                        </li>
                        <li>
                            <a class="estDynamic" href="../water-and-drinks/alpro.html">Alpro</a>
                        </li>
                        <li>
                            <a class="estDynamic" href="../water-and-drinks/fizzy-drinks.html">Fizzy drinks</a>
                        </li>
                        <li>
                            <a class="estDynamic" href="../water-and-drinks/coca-cola.html">Coca-Cola</a>
                        </li>
                        <li>
                            <a class="estDynamic" href="../water-and-drinks/energy-drink.html">Energy drink</a>
                        </li>
                        <li>
                            <a class="estDynamic" href="../water-and-drinks/syrups.html">Syrups</a>
                        </li>
                        <li>
                            <a class="estDynamic" href="../water-and-drinks/supplements.html">Supplements</a>
                        </li>
                        <li>
                            <a class="estDynamic" href="../water-and-drinks/instant-drinks.html">Instant drinks</a>
                        </li>
                        <li>
                            <a class="estDynamic" href="../water-and-drinks/juice.html">Juice</a>
                        </li>
                        <li>
                            <a class="estDynamic" href="../water-and-drinks/tea.html">Tea</a>
                        </li>
                    </ul>
                </li>
                <li>
                    <img src="../../cdn.spesati.com/images/menu/sweets.png"/>
                    Sweets                    <i class="fa fa-angle-down" aria-hidden="true"></i>
                    <ul class="sub-menu">
                        <li>
                            <a class="estDynamic" href="../sweets/bars-and-snacks.html">Bars and snacks</a>
                        </li>
                        <li>
                            <a class="estDynamic" href="../sweets/biscuits.html">Biscuits</a>
                        </li>
                        <li>
                            <a class="estDynamic" href="../sweets/brioches.html">Brioches</a>
                        </li>
                        <li>
                            <a class="estDynamic" href="../sweets/candy-and-chewing-gum.html">Candy and chewing gum</a>
                        </li>
                        <li>
                            <a class="estDynamic" href="../sweets/cereals.html">Cereals</a>
                        </li>
                        <li>
                            <a class="estDynamic" href="../sweets/chocolate.html">Chocolate</a>
                        </li>
                        <li>
                            <a class="estDynamic" href="../sweets/spreadable-creams.html">Spreads</a>
                        </li>
                        <li>
                            <a class="estDynamic" href="../sweets/dessert-toppings.html">Dessert toppings</a>
                        </li>
                        <li>
                            <a class="estDynamic" href="../sweets/jam.html">Jam</a>
                        </li>
                        <li>
                            <a class="estDynamic" href="../sweets/honey.html">Honey</a>
                        </li>
                        <li>
                            <a class="estDynamic" href="../sweets/panettoni-and-pandoro.html">Panettone and pandoro</a>
                        </li>
                        <li>
                            <a class="estDynamic" href="../sweets/pastry.html">Pastry</a>
                        </li>
                        <li>
                            <a class="estDynamic" href="../sweets/instant-dessert.html">Prepared</a>
                        </li>
                        <li>
                            <a class="estDynamic" href="../sweets/cakes-and-pies.html">Cakes and pies</a>
                        </li>
                        <li>
                            <a class="estDynamic" href="../sweets/easter-eggs-and-doves.html">Easter eggs and doves</a>
                        </li>
                    </ul>
                </li>
                <li>
                    <img src="../../cdn.spesati.com/images/menu/shelf.png"/>
                    Cupboard                    <i class="fa fa-angle-down" aria-hidden="true"></i>
                    <ul class="sub-menu">
                        <li>
                            <a class="estDynamic" href="coffee.html">Coffee</a>
                        </li>
                        <li>
                            <a class="estDynamic" href="gift-baskets.html">Gift baskets</a>
                        </li>
                        <li>
                            <a class="estDynamic" href="stock-cubes.html">Nuts and preparations</a>
                        </li>
                        <li>
                            <a class="estDynamic" href="flour-and-baking.html">Flour and baking</a>
                        </li>
                        <li>
                            <a class="estDynamic" href="milk.html">Milk</a>
                        </li>
                        <li>
                            <a class="estDynamic" href="oil-salt-vinegar.html">Oil, vinegar and salt</a>
                        </li>
                        <li>
                            <a class="estDynamic" href="cream-and-bechamel.html">Cream and bechamel</a>
                        </li>
                        <li>
                            <a class="estDynamic" href="crisps-and-pretzels.html">Crisps and pretzels</a>
                        </li>
                        <li>
                            <a class="estDynamic" href="baby-and-infants-products.html">Early childhood products</a>
                        </li>
                        <li>
                            <a class="estDynamic" href="rice.html">Rice</a>
                        </li>
                        <li>
                            <a class="estDynamic" href="tins-and-preserves.html">Tins and Preserves</a>
                        </li>
                        <li>
                            <a class="estDynamic" href="spices.html">Spices</a>
                        </li>
                        <li>
                            <a class="estDynamic" href="sauces.html">Sauces</a>
                        </li>
                        <li>
                            <a class="estDynamic" href="tea-and-infusions.html">Tea and infusions</a>
                        </li>
                        <li>
                            <a class="estDynamic" href="eggs.html">Eggs</a>
                        </li>
                        <li>
                            <a class="estDynamic" href="sugar-and-sweeteners.html">Sugar and sweeteners</a>
                        </li>
                    </ul>
                </li>
                <li>
                    <img src="../../cdn.spesati.com/images/menu/personal-care.png"/>
                    Personal care                    <i class="fa fa-angle-down" aria-hidden="true"></i>
                    <ul class="sub-menu">
                        <li>
                            <a class="estDynamic" href="../personal-care/accessories-and-cotton.html">Accessories and cotton</a>
                        </li>
                        <li>
                            <a class="estDynamic" href="../personal-care/feminine-care-incontinence-and-baby-diapers.html">Feminine incontinence and diapers</a>
                        </li>
                        <li>
                            <a class="estDynamic" href="../personal-care/shower-gel.html">Shower gel</a>
                        </li>
                        <li>
                            <a class="estDynamic" href="../personal-care/creams.html">Creams</a>
                        </li>
                        <li>
                            <a class="estDynamic" href="../personal-care/deodorant.html">Deodorant</a>
                        </li>
                        <li>
                            <a class="estDynamic" href="../personal-care/hair-removal.html">Hair removal</a>
                        </li>
                        <li>
                            <a class="estDynamic" href="../personal-care/disinfectants.html">Disinfectants</a>
                        </li>
                        <li>
                            <a class="estDynamic" href="../personal-care/oral-hygiene.html">Oral hygiene</a>
                        </li>
                        <li>
                            <a class="estDynamic" href="../personal-care/supplements-and-multivitamins.html">Supplements and multivitamins</a>
                        </li>
                        <li>
                            <a class="estDynamic" href="../personal-care/first-aid.html">First aid label</a>
                        </li>
                        <li>
                            <a class="estDynamic" href="../personal-care/beard-products.html">Beard products</a>
                        </li>
                        <li>
                            <a class="estDynamic" href="../personal-care/hairs-products.html">Hair products</a>
                        </li>
                        <li>
                            <a class="estDynamic" href="../personal-care/perfume.html">Perfumes</a>
                        </li>
                        <li>
                            <a class="estDynamic" href="../personal-care/wipes.html">Wipes</a>
                        </li>
                        <li>
                            <a class="estDynamic" href="../personal-care/soaps-and-body-wash.html">Soaps and body wash</a>
                        </li>
                        <li>
                            <a class="estDynamic" href="../personal-care/shampoo-and-conditioner.html">Shampoo and conditioner</a>
                        </li>
                    </ul>
                </li>
                <li>
                    <img src="../../cdn.spesati.com/images/menu/pellet-and-home.png"/>
                    Home and outdoors                    <i class="fa fa-angle-down" aria-hidden="true"></i>
                    <ul class="sub-menu">
                        <li>
                            <a class="estDynamic" href="../household-and-outdoors/distilled-water.html">Distilled water</a>
                        </li>
                        <li>
                            <a class="estDynamic" href="../household-and-outdoors/car-products.html">Cars</a>
                        </li>
                        <li>
                            <a class="estDynamic" href="../household-and-outdoors/bin-bags-and-buckets.html">Bin bags and buckets</a>
                        </li>
                        <li>
                            <a class="estDynamic" href="../household-and-outdoors/bleach-and-stain-removers.html">Bleach and stain removers</a>
                        </li>
                        <li>
                            <a class="estDynamic" href="../household-and-outdoors/candles.html">Candles</a>
                        </li>
                        <li>
                            <a class="estDynamic" href="../household-and-outdoors/kitchen-roll.html">Kitchen roll</a>
                        </li>
                        <li>
                            <a class="estDynamic" href="../household-and-outdoors/air-fresheners.html">Air fresheners</a>
                        </li>
                        <li>
                            <a class="estDynamic" href="../household-and-outdoors/laundry-accessories-and-detergent.html">Laundry detergent</a>
                        </li>
                        <li>
                            <a class="estDynamic" href="../household-and-outdoors/dishwasher-and-washing-up.html">Dishwasher and washing up</a>
                        </li>
                        <li>
                            <a class="estDynamic" href="../household-and-outdoors/gardening.html">Gardening</a>
                        </li>
                        <li>
                            <a class="estDynamic" href="../household-and-outdoors/light-bulbs-and-batteries.html">Lightbulbs and batteries</a>
                        </li>
                        <li>
                            <a class="estDynamic" href="../household-and-outdoors/pellet-and-bbq.html">Pellet and BBQ</a>
                        </li>
                        <li>
                            <a class="estDynamic" href="../household-and-outdoors/bathroom-products.html">Bathroom products</a>
                        </li>
                        <li>
                            <a class="estDynamic" href="../household-and-outdoors/home-and-furniture-products.html">Home and furniture products</a>
                        </li>
                        <li>
                            <a class="estDynamic" href="../household-and-outdoors/kitchen-products.html">Kitchen products</a>
                        </li>
                        <li>
                            <a class="estDynamic" href="../household-and-outdoors/window-and-floor-cleaners.html">Window and floor cleaner</a>
                        </li>
                        <li>
                            <a class="estDynamic" href="../household-and-outdoors/repellents.html">Repellents</a>
                        </li>
                        <li>
                            <a class="estDynamic" href="../household-and-outdoors/disposable-tableware.html">Disposable tableware</a>
                        </li>
                    </ul>
                </li>
                <li>
                    <img src="../../cdn.spesati.com/images/menu/animals.png"/>
                    Pets                    <i class="fa fa-angle-down" aria-hidden="true"></i>
                    <ul class="sub-menu">
                        <li>
                            <a class="estDynamic" href="../pets/pet-food-other-animals.html">Other animals pet food</a>
                        </li>
                        <li>
                            <a class="estDynamic" href="../pets/pet-food-dogs.html">Pet food dogs</a>
                        </li>
                        <li>
                            <a class="estDynamic" href="../pets/pet-food-cats.html">Pet food cats</a>
                        </li>
                        <li>
                            <a class="estDynamic" href="../pets/hygiene-and-cleaning.html">Hygiene and cleaning</a>
                        </li>
                    </ul>
                </li>
                <li>
                    <img src="../../cdn.spesati.com/images/menu/technology.png"/>
                    Technology                    <i class="fa fa-angle-down" aria-hidden="true"></i>
                    <ul class="sub-menu">
                        <li>
                            <a class="estDynamic" href="../technology/accessories.html">Accessories</a>
                        </li>
                        <li>
                            <a class="estDynamic" href="../technology/computer.html">Computer</a>
                        </li>
                        <li>
                            <a class="estDynamic" href="../technology/telephones.html">Telephones</a>
                        </li>
                        <li>
                            <a class="estDynamic" href="../technology/tv.html">TV</a>
                        </li>
                    </ul>
                </li>
                <li>
                    <img src="../../cdn.spesati.com/images/menu/gluten-free.png"/>
                    Gluten free                    <i class="fa fa-angle-down" aria-hidden="true"></i>
                    <ul class="sub-menu">
                        <li>
                            <a class="estDynamic" href="../gluten-free/frozen-foods.html">Frozen foods</a>
                        </li>
                        <li>
                            <a class="estDynamic" href="../gluten-free/beer.html">Beer</a>
                        </li>
                        <li>
                            <a class="estDynamic" href="../gluten-free/sweets.html">Sweets</a>
                        </li>
                        <li>
                            <a class="estDynamic" href="../gluten-free/bread-and-pasta.html">Bread and pasta</a>
                        </li>
                        <li>
                            <a class="estDynamic" href="../gluten-free/shelf.html">Cupboard</a>
                        </li>
                    </ul>
                </li>
                <li>
                    <img src="../../cdn.spesati.com/images/menu/lactose-free.png"/>
                    Lactose free                    <i class="fa fa-angle-down" aria-hidden="true"></i>
                    <ul class="sub-menu">
                        <li>
                            <a class="estDynamic" href="../lactose-free/frozen-foods.html">Frozen foods</a>
                        </li>
                        <li>
                            <a class="estDynamic" href="../lactose-free/sweets.html">Sweets</a>
                        </li>
                        <li>
                            <a class="estDynamic" href="../lactose-free/dairy-product.html">Dairy product</a>
                        </li>
                        <li>
                            <a class="estDynamic" href="../lactose-free/shelf.html">Cupboard</a>
                        </li>
                    </ul>
                </li>
                <li>
                    <img src="../../cdn.spesati.com/images/menu/special.png"/>
                    Special                    <i class="fa fa-angle-down" aria-hidden="true"></i>
                    <ul class="sub-menu">
                        <li>
                            <a class="estDynamic" href="../special/alpro.html">Alpro</a>
                        </li>
                        <li>
                            <a class="estDynamic" href="../special/organic.html">Biological</a>
                        </li>
                        <li>
                            <a class="estDynamic" href="../special/meat.html">Meat</a>
                        </li>
                        <li>
                            <a class="estDynamic" href="../special/wholegrain.html">Wholegrain</a>
                        </li>
                        <li>
                            <a class="estDynamic" href="../special/bread-and-pasta.html">Bread and pasta</a>
                        </li>
                        <li>
                            <a class="estDynamic" href="../special/vegan.html">Vegan</a>
                        </li>
                    </ul>
                </li>
                <li>
                    <img src="../../cdn.spesati.com/images/menu/sardinian-products.png"/>
                    Sardinian products                    <i class="fa fa-angle-down" aria-hidden="true"></i>
                    <ul class="sub-menu">
                        <li>
                            <a class="estDynamic" href="../sardinian-products/drinks.html">Drinks</a>
                        </li>
                        <li>
                            <a class="estDynamic" href="../sardinian-products/meat.html">Meat</a>
                        </li>
                        <li>
                            <a class="estDynamic" href="../sardinian-products/sweets.html">Sweets</a>
                        </li>
                        <li>
                            <a class="estDynamic" href="../sardinian-products/fruit-and-vegetables.html">Fruit and vegetables</a>
                        </li>
                        <li>
                            <a class="estDynamic" href="../sardinian-products/ichnusa.html">Ichnusa</a>
                        </li>
                        <li>
                            <a class="estDynamic" href="../sardinian-products/dairy-product.html">Dairy product</a>
                        </li>
                        <li>
                            <a class="estDynamic" href="../sardinian-products/bread-and-pasta.html">Bread and pasta</a>
                        </li>
                        <li>
                            <a class="estDynamic" href="../sardinian-products/fish.html">Fish</a>
                        </li>
                        <li>
                            <a class="estDynamic" href="../sardinian-products/cured-meat.html">Cured meat</a>
                        </li>
                        <li>
                            <a class="estDynamic" href="../sardinian-products/shelf.html">Cupboard</a>
                        </li>
                        <li>
                            <a class="estDynamic" href="../sardinian-products/vermentino-wine.html">Vermentino wine</a>
                        </li>
                        <li>
                            <a class="estDynamic" href="../sardinian-products/wine-beer-and-spirits.html">Wine beer and spirits</a>
                        </li>
                    </ul>
                </li>
            </ul>
        </li>
        <li>
            <a href="../about.html">About</a>
        </li>
        <li>
            <a href="../faq.html">Faq</a>
        </li>
        <li>
            <a href="../customer-care.html">Support</a>
        </li>
        <li>
            <a href="../news.html">Blog</a>
        </li>
        <li>
            <a href="../terms-and-conditions.html">Conditions</a>
        </li>
        <li>
            <a href="../privacy-policy.html">Privacy policy</a>
        </li>
        <li>
            <a href="../login.html">Login</a>
        </li>
        <li>
             <a href="../sign-up.html">Sign up</a>
        </li>
    </ul>
</div><section class="first">
    <div id="menuCategories" class="colLeft">
    <ul id="main_nav" >
        <li>
            <a class="estDynamic" href="../on-offer.html">
               <img src="../../cdn.spesati.com/images/menu/on-sale.png"/>
               On sale            </a>
            <i class="fa fa-angle-right" aria-hidden="true"></i>
            <ul class="sub-menu">
                <li>
    <a href="../tacchino-fesa-a-fette.html" class="estDynamic">Tacchino Fesa A Fette</a>
</li><li>
    <a href="../amaro-montenegro-15lt.html" class="estDynamic">Amaro Montenegro 1,5lt</a>
</li><li>
    <a href="../carbone-di-legna-sacco-10kg.html" class="estDynamic">Carbone Di Legna Sacco 10Kg</a>
</li><li>
    <a href="../filu-e-ferru-silvio-carta-70cl.html" class="estDynamic">Filu E Ferru Silvio Carta 70Cl</a>
</li><li>
    <a href="../braciole-suino-con-cotenna.html" class="estDynamic">Braciole Suino Con Cotenna</a>
</li><li>
    <a href="../bovino-adulto-polpa.html" class="estDynamic">Bovino Adulto Polpa</a>
</li><li>
    <a href="../vino-la-palma-cannonau-le-bombarde.html" class="estDynamic">Vino La Palma Cannonau Le Bombarde</a>
</li><li>
    <a href="../fettine-sceltissime-bovino-adulto.html" class="estDynamic">Fettine Sceltissime Bovino Adulto</a>
</li><li>
    <a href="../suino-fettine-scelte.html" class="estDynamic">Suino Fettine Scelte</a>
</li><li>
    <a href="../lavazza-caffe-qualita-rossa-2x250gr.html" class="estDynamic">Lavazza Caffé Qualità Rossa 2x250gr</a>
</li>                <li>
                    <a class="estDynamic" href="../on-offer.html">All products on sale</a>
                </li>
            </ul>
        </li>
        <li>
            <a class="estDynamic" href="../gift.html">
               <img src="../../cdn.spesati.com/images/menu/gift.png"/>
               Gifts            </a>
            <i class="fa fa-angle-right" aria-hidden="true"></i>
            <ul class="sub-menu">
                <li>
    <a href="../gift-card-da-150.html" class="estDynamic">Gift Card Da 150</a>
</li><li>
    <a href="../gift-card-da-100.html" class="estDynamic">Gift Card Da 100</a>
</li><li>
    <a href="../gift-card-da-50.html" class="estDynamic">Gift Card Da 50</a>
</li><li>
    <a href="../gift-card-da-25.html" class="estDynamic">Gift Card Da 25</a>
</li>                <li>
                    <a class="estDynamic" href="../gift.html">All products in the gifts category</a>
                </li>
            </ul>
        </li>
        <li>
            <a class="estDynamic" href="../gift-card.html">
               <img src="../../cdn.spesati.com/images/menu/gift-card.png"/>
               Gift card and discounts            </a>
            <i class="fa fa-angle-right" aria-hidden="true"></i>
            <ul class="sub-menu">
                <li>
    <a href="../gift-card-da-150.html">Gift Card Da 150</a>
</li><li>
    <a href="../gift-card-da-100.html">Gift Card Da 100</a>
</li><li>
    <a href="../gift-card-da-50.html">Gift Card Da 50</a>
</li><li>
    <a href="../gift-card-da-25.html">Gift Card Da 25</a>
</li>            </ul>
        </li>
        <li>
            <a class="estDynamic" href="../fruit-and-vegetables.html">
               <img src="../../cdn.spesati.com/images/menu/fuit-and-vegetables.png"/>
               Fruit and vegetables           </a>
            <i class="fa fa-angle-right" aria-hidden="true"></i>
            <ul class="sub-menu">
                <li>
                    <a class="estDynamic" href="../fruit-and-vegetables/pulses-and-beans.html">Cereals and pulses and beans</a>
                </li>
                <li>
                    <a class="estDynamic" href="../fruit-and-vegetables/fruit.html">Fruit</a>
                </li>
                <li>
                    <a class="estDynamic" href="../fruit-and-vegetables/canned-fruit.html">Canned fruit</a>
                </li>
                <li>
                    <a class="estDynamic" href="../fruit-and-vegetables/dried-fruit.html">Dried fruit</a>
                </li>
                <li>
                    <a class="estDynamic" href="../fruit-and-vegetables/ready-salads.html">Ready salads</a>
                </li>
                <li>
                    <a class="estDynamic" href="../fruit-and-vegetables/fresh-spices.html">Fresh spices</a>
                </li>
                <li>
                    <a class="estDynamic" href="../fruit-and-vegetables/vegetables.html">Vegetables and soy</a>
                </li>
            </ul>
        </li>
        <li>
            <a class="estDynamic" href="../fresh-products.html">
                <img src="../../cdn.spesati.com/images/menu/fresh-products.png"/>
                Fresh products            </a>
            <i class="fa fa-angle-right" aria-hidden="true"></i>
            <ul class="sub-menu">
                <li>
                    <a class="estDynamic" href="../fresh-products/margarine-and-butter.html">Butter and margarine</a>
                </li>
                <li>
                    <a class="estDynamic" href="../fresh-products/danone.html">Danone</a>
                </li>
                <li>
                    <a class="estDynamic" href="../fresh-products/dessert.html">Dessert</a>
                </li>
                <li>
                    <a class="estDynamic" href="../fresh-products/sweets.html">Sweets</a>
                </li>
                <li>
                    <a class="estDynamic" href="../fresh-products/dairy-products.html">Dairy product</a>
                </li>
                <li>
                    <a class="estDynamic" href="../fresh-products/bakery.html">Yeast</a>
                </li>
                <li>
                    <a class="estDynamic" href="../fresh-products/mascarpone.html">Mascarpone</a>
                </li>
                <li>
                    <a class="estDynamic" href="../fresh-products/snacks.html">Snacks</a>
                </li>
                <li>
                    <a class="estDynamic" href="../fresh-products/mozzarella.html">Mozzarella</a>
                </li>
                <li>
                    <a class="estDynamic" href="../fresh-products/pasta.html">Pasta</a>
                </li>
                <li>
                    <a class="estDynamic" href="../fresh-products/pesto-and-sauces.html">Pesto and sauces</a>
                </li>
                <li>
                    <a class="estDynamic" href="../fresh-products/ricotta-and-cheese.html">Ricotta and cheese</a>
                </li>
                <li>
                    <a class="estDynamic" href="../fresh-products/cured-meat.html">Cured meat</a>
                </li>
                <li>
                    <a class="estDynamic" href="../fresh-products/wurstel.html">Würstel</a>
                </li>
                <li>
                    <a class="estDynamic" href="../fresh-products/yogurt.html">Yogurt</a>
                </li>
            </ul>
        </li>
        <li>
            <a class="estDynamic" href="../frozen-foods.html">
                <img src="../../cdn.spesati.com/images/menu/frozen-foods.png"/>
                Frozen foods            </a>
            <i class="fa fa-angle-right" aria-hidden="true"></i>
            <ul class="sub-menu">
                <li>
                    <a class="estDynamic" href="../frozen-foods/meat.html">Meat</a>
                </li>
                <li>
                    <a class="estDynamic" href="../frozen-foods/ice-creams.html">Ice cream and sweet</a>
                </li>
                <li>
                    <a class="estDynamic" href="../frozen-foods/pasta.html">Pasta</a>
                </li>
                <li>
                    <a class="estDynamic" href="../frozen-foods/fish.html">Fish</a>
                </li>
                <li>
                    <a class="estDynamic" href="../frozen-foods/ready-meals.html">Ready meals</a>
                </li>
                <li>
                    <a class="estDynamic" href="../frozen-foods/pizzas.html">Pizzas</a>
                </li>
                <li>
                    <a class="estDynamic" href="../frozen-foods/vegetables.html">Vegetables and soy</a>
                </li>
            </ul>
        </li>
        <li>
            <a class="estDynamic" href="../bread-and-pasta.html">
                <img src="../../cdn.spesati.com/images/menu/bread-and-pasta.png"/>
                Bread and pasta            </a>
            <i class="fa fa-angle-right" aria-hidden="true"></i>
            <ul class="sub-menu">
                <li>
                    <a class="estDynamic" href="../bread-and-pasta/crackers.html">Crackers</a>
                </li>
                <li>
                    <a class="estDynamic" href="../bread-and-pasta/rusks.html">Rusks</a>
                </li>
                <li>
                    <a class="estDynamic" href="../bread-and-pasta/white-bread.html">White bread</a>
                </li>
                <li>
                    <a class="estDynamic" href="../bread-and-pasta/local-bread.html">Local bread</a>
                </li>
                <li>
                    <a class="estDynamic" href="../bread-and-pasta/soft-bread.html">Soft bread</a>
                </li>
                <li>
                    <a class="estDynamic" href="../bread-and-pasta/sardinian-bread.html">Sardinian bread</a>
                </li>
                <li>
                    <a class="estDynamic" href="../bread-and-pasta/bakery.html">Bakery</a>
                </li>
                <li>
                    <a class="estDynamic" href="../bread-and-pasta/pasta.html">Pasta</a>
                </li>
                <li>
                    <a class="estDynamic" href="../bread-and-pasta/fresh-pasta.html">Fresh pasta</a>
                </li>
            </ul>
        </li>
        <li>
            <a class="estDynamic" href="../meat.html">
                <img src="../../cdn.spesati.com/images/menu/meat.png"/>
                Meat            </a>
            <i class="fa fa-angle-right" aria-hidden="true"></i>
            <ul class="sub-menu">
                <li>
                    <a class="estDynamic" href="../meat/beef.html">Beef</a>
                </li>
                <li>
                    <a class="estDynamic" href="../meat/goat.html">Goat</a>
                </li>
                <li>
                    <a class="estDynamic" href="../meat/packaged-meat.html">Packaged meat</a>
                </li>
                <li>
                    <a class="estDynamic" href="../meat/rabbit.html">Rabbit</a>
                </li>
                <li>
                    <a class="estDynamic" href="../meat/horse.html">Horse</a>
                </li>
                <li>
                    <a class="estDynamic" href="../meat/pork.html">Pork</a>
                </li>
                <li>
                    <a class="estDynamic" href="../meat/lamb.html">Lamb</a>
                </li>
                <li>
                    <a class="estDynamic" href="../meat/poultry.html">Poultry</a>
                </li>
            </ul>
        </li>
        <li>
            <a class="estDynamic" href="../fish.html">
                <img src="../../cdn.spesati.com/images/menu/fish.png"/>
                Fish            </a>
            <i class="fa fa-angle-right" aria-hidden="true"></i>
            <ul class="sub-menu">
                <li>
                    <a class="estDynamic" href="../fish/fresh-water.html">Fresh water</a>
                </li>
                <li>
                    <a class="estDynamic" href="../fish/salt-water.html">Salt water</a>
                </li>
                <li>
                    <a class="estDynamic" href="../fish/mussels.html">Mussels</a>
                </li>
                <li>
                    <a class="estDynamic" href="../fish/dried-and-salted.html">Dried and salted</a>
                </li>
                <li>
                    <a class="estDynamic" href="../fish/seafood-salad.html">Seafood salad</a>
                </li>
                <li>
                    <a class="estDynamic" href="../fish/prepared.html">Prepared</a>
                </li>
                <li>
                    <a class="estDynamic" href="../fish/specialty.html">Specialty</a>
                </li>   
                <li>
                    <a class="estDynamic" href="../fish/tuna-and-salmon.html">Tuna and salmon</a>
                </li>
            </ul>
        </li>
        <li>
            <a class="estDynamic" href="../wine-beer-and-spirits.html">
                <img src="../../cdn.spesati.com/images/menu/alcohol.png"/>
                Wine beer and spirits            </a>
            <i class="fa fa-angle-right" aria-hidden="true"></i>
            <ul class="sub-menu">
                <li>
                    <a class="estDynamic" href="../wine-beer-and-spirits/spirits-and-liquors.html">Alcohol</a>
                </li>
                <li>
                    <a class="estDynamic" href="../wine-beer-and-spirits/bitters.html">Bitters</a>
                </li>
                <li>
                    <a class="estDynamic" href="../wine-beer-and-spirits/aperatif.html">Aperatifs</a>
                </li>
                <li>
                    <a class="estDynamic" href="../wine-beer-and-spirits/beer.html">Beer</a>
                </li>
                <li>
                    <a class="estDynamic" href="../wine-beer-and-spirits/creams.html">Creams</a>
                </li>
                <li>
                    <a class="estDynamic" href="../wine-beer-and-spirits/spirits.html">Spirits</a>
                </li>
                <li>
                    <a class="estDynamic" href="../wine-beer-and-spirits/liquors.html">Liquors</a>
                </li>
                <li>
                    <a class="estDynamic" href="../wine-beer-and-spirits/white-wine.html">White wine</a>
                </li>
                <li>
                    <a class="estDynamic" href="../wine-beer-and-spirits/prosecco-wine.html">Prosecco wine</a>
                </li>
                <li>
                    <a class="estDynamic" href="../wine-beer-and-spirits/rose-wine.html">Rose wine</a>
                </li>
                <li>
                    <a class="estDynamic" href="../wine-beer-and-spirits/red-wine.html">Red wine</a>
                </li>
                <li>
                    <a class="estDynamic" href="../wine-beer-and-spirits/specialty-wine.html">Special wine</a>
                </li>
                <li>
                    <a class="estDynamic" href="../wine-beer-and-spirits/sparkling-wine.html">Sparkling wine</a>
                </li>
                <li>
                    <a class="estDynamic" href="../wine-beer-and-spirits/vermentino-wine.html">Vermentino wine</a>
                </li>
            </ul>
        </li>
        <li>
            <a class="estDynamic" href="../water-and-drinks.html">
                <img src="../../cdn.spesati.com/images/menu/water-and-drinks.png"/>
                Water and drinks            </a>
            <i class="fa fa-angle-right" aria-hidden="true"></i>
            <ul class="sub-menu">
                <li>
                    <a class="estDynamic" href="../water-and-drinks/san-martino.html">San Martino</a>
                </li>
                <li>
                    <a class="estDynamic" href="../water-and-drinks/water.html">Water</a>
                </li>
                <li>
                    <a class="estDynamic" href="../water-and-drinks/alpro.html">Alpro</a>
                </li>
                <li>
                    <a class="estDynamic" href="../water-and-drinks/fizzy-drinks.html">Fizzy drinks</a>
                </li>
                <li>
                    <a class="estDynamic" href="../water-and-drinks/coca-cola.html">Coca-Cola</a>
                </li>
                <li>
                    <a class="estDynamic" href="../water-and-drinks/energy-drink.html">Energy drink</a>
                </li>
                <li>
                    <a class="estDynamic" href="../water-and-drinks/syrups.html">Syrups</a>
                </li>
                <li>
                    <a class="estDynamic" href="../water-and-drinks/supplements.html">Supplements</a>
                </li>
                <li>
                    <a class="estDynamic" href="../water-and-drinks/instant-drinks.html">Instant drinks</a>
                </li>
                <li>
                    <a class="estDynamic" href="../water-and-drinks/juice.html">Juice</a>
                </li>
                <li>
                    <a class="estDynamic" href="../water-and-drinks/tea.html">Tea</a>
                </li>
            </ul>
        </li>
        <li>
            <a class="estDynamic" href="../sweets.html">
                <img src="../../cdn.spesati.com/images/menu/sweets.png"/>
                Sweets            </a>
            <i class="fa fa-angle-right" aria-hidden="true"></i>
            <ul class="sub-menu">
                <li>
                    <a class="estDynamic" href="../sweets/bars-and-snacks.html">Bars and snacks</a>
                </li>
                <li>
                    <a class="estDynamic" href="../sweets/biscuits.html">Biscuits</a>
                </li>
                <li>
                    <a class="estDynamic" href="../sweets/brioches.html">Brioches</a>
                </li>
                <li>
                    <a class="estDynamic" href="../sweets/candy-and-chewing-gum.html">Candy and chewing gum</a>
                </li>
                <li>
                    <a class="estDynamic" href="../sweets/cereals.html">Cereals</a>
                </li>
                <li>
                    <a class="estDynamic" href="../sweets/chocolate.html">Chocolate</a>
                </li>
                <li>
                    <a class="estDynamic" href="../sweets/spreadable-creams.html">Spreads</a>
                </li>
                <li>
                    <a class="estDynamic" href="../sweets/dessert-toppings.html">Dessert toppings</a>
                </li>
                <li>
                    <a class="estDynamic" href="../sweets/jam.html">Jam</a>
                </li>
                <li>
                    <a class="estDynamic" href="../sweets/honey.html">Honey</a>
                </li>
                <li>
                    <a class="estDynamic" href="../sweets/panettoni-and-pandoro.html">Panettone and pandoro</a>
                </li>
                <li>
                    <a class="estDynamic" href="../sweets/pastry.html">Pastry</a>
                </li>
                <li>
                    <a class="estDynamic" href="../sweets/instant-dessert.html">Prepared</a>
                </li>
                <li>
                    <a class="estDynamic" href="../sweets/cakes-and-pies.html">Cakes and pies</a>
                </li>
                <li>
                    <a class="estDynamic" href="../sweets/easter-eggs-and-doves.html">Easter eggs and doves</a>
                </li>
            </ul>
        </li>
        <li>
            <a class="estDynamic" href="../shelf.html">
                <img src="../../cdn.spesati.com/images/menu/shelf.png"/>
                Cupboard            </a>
            <i class="fa fa-angle-right" aria-hidden="true"></i>
            <ul class="sub-menu">
                <li>
                    <a class="estDynamic" href="coffee.html">Coffee</a>
                </li>
                <li>
                    <a class="estDynamic" href="gift-baskets.html">Gift baskets</a>
                </li>
                <li>
                    <a class="estDynamic" href="stock-cubes.html">Nuts and preparations</a>
                </li>
                <li>
                    <a class="estDynamic" href="flour-and-baking.html">Flour and baking</a>
                </li>
                <li>
                    <a class="estDynamic" href="milk.html">Milk</a>
                </li>
                <li>
                    <a class="estDynamic" href="oil-salt-vinegar.html">Oil, vinegar and salt</a>
                </li>
                <li>
                    <a class="estDynamic" href="cream-and-bechamel.html">Cream and bechamel</a>
                </li>
                <li>
                    <a class="estDynamic" href="crisps-and-pretzels.html">Crisps and pretzels</a>
                </li>
                <li>
                    <a class="estDynamic" href="baby-and-infants-products.html">Early childhood products</a>
                </li>
                <li>
                    <a class="estDynamic" href="rice.html">Rice</a>
                </li>
                <li>
                    <a class="estDynamic" href="tins-and-preserves.html">Tins and Preserves</a>
                </li>
                <li>
                    <a class="estDynamic" href="spices.html">Spices</a>
                </li>
                <li>
                    <a class="estDynamic" href="sauces.html">Sauces</a>
                </li>
                <li>
                    <a class="estDynamic" href="tea-and-infusions.html">Tea and infusions</a>
                </li>
                <li>
                    <a class="estDynamic" href="eggs.html">Eggs</a>
                </li>
                <li>
                    <a class="estDynamic" href="sugar-and-sweeteners.html">Sugar and sweeteners</a>
                </li>
            </ul>
        </li>
        <li>
            <a class="estDynamic" href="../personal-care.html">
                <img src="../../cdn.spesati.com/images/menu/personal-care.png"/>
                Personal care            </a>
            <i class="fa fa-angle-right" aria-hidden="true"></i>
            <ul class="sub-menu">
                <li>
                    <a class="estDynamic" href="../personal-care/accessories-and-cotton.html">Accessories and cotton</a>
                </li>
                <li>
                    <a class="estDynamic" href="../personal-care/feminine-care-incontinence-and-baby-diapers.html">Feminine incontinence and diapers</a>
                </li>
                <li>
                    <a class="estDynamic" href="../personal-care/shower-gel.html">Shower gel</a>
                </li>
                <li>
                    <a class="estDynamic" href="../personal-care/creams.html">Creams</a>
                </li>
                <li>
                    <a class="estDynamic" href="../personal-care/deodorant.html">Deodorant</a>
                </li>
                <li>
                    <a class="estDynamic" href="../personal-care/hair-removal.html">Hair removal</a>
                </li>
                <li>
                    <a class="estDynamic" href="../personal-care/disinfectants.html">Disinfectants</a>
                </li>
                <li>
                    <a class="estDynamic" href="../personal-care/oral-hygiene.html">Oral hygiene</a>
                </li>
                <li>
                    <a class="estDynamic" href="../personal-care/supplements-and-multivitamins.html">Supplements and multivitamins</a>
                </li>
                <li>
                    <a class="estDynamic" href="../personal-care/first-aid.html">First aid label</a>
                </li>
                <li>
                    <a class="estDynamic" href="../personal-care/beard-products.html">Beard products</a>
                </li>
                <li>
                    <a class="estDynamic" href="../personal-care/hairs-products.html">Hair products</a>
                </li>
                <li>
                    <a class="estDynamic" href="../personal-care/perfume.html">Perfumes</a>
                </li>
                <li>
                    <a class="estDynamic" href="../personal-care/wipes.html">Wipes</a>
                </li>
                <li>
                    <a class="estDynamic" href="../personal-care/soaps-and-body-wash.html">Soaps and body wash</a>
                </li>
                <li>
                    <a class="estDynamic" href="../personal-care/shampoo-and-conditioner.html">Shampoo and conditioner</a>
                </li>
            </ul>
        </li>
        <li>
            <a class="estDynamic" href="../household-and-outdoors.html">
                <img src="../../cdn.spesati.com/images/menu/pellet-and-home.png"/>
                Home and outdoors 
            </a>
            <i class="fa fa-angle-right" aria-hidden="true"></i>
            <ul class="sub-menu">
                <li>
                    <a class="estDynamic" href="../household-and-outdoors/distilled-water.html">Distilled water</a>
                </li>
                <li>
                    <a class="estDynamic" href="../household-and-outdoors/car-products.html">Cars</a>
                </li>
                <li>
                    <a class="estDynamic" href="../household-and-outdoors/bin-bags-and-buckets.html">Bin bags and buckets</a>
                </li>
                <li>
                    <a class="estDynamic" href="../household-and-outdoors/bleach-and-stain-removers.html">Bleach and stain removers</a>
                </li>
                <li>
                    <a class="estDynamic" href="../household-and-outdoors/candles.html">Candles</a>
                </li>
                <li>
                    <a class="estDynamic" href="../household-and-outdoors/kitchen-roll.html">Kitchen roll</a>
                </li>
                <li>
                    <a class="estDynamic" href="../household-and-outdoors/air-fresheners.html">Air fresheners</a>
                </li>
                <li>
                    <a class="estDynamic" href="../household-and-outdoors/laundry-accessories-and-detergent.html">Laundry detergent</a>
                </li>
                <li>
                    <a class="estDynamic" href="../household-and-outdoors/dishwasher-and-washing-up.html">Dishwasher and washing up</a>
                </li>
                <li>
                    <a class="estDynamic" href="../household-and-outdoors/gardening.html">Gardening</a>
                </li>
                <li>
                    <a class="estDynamic" href="../household-and-outdoors/light-bulbs-and-batteries.html">Lightbulbs and batteries</a>
                </li>
                <li>
                    <a class="estDynamic" href="../household-and-outdoors/pellet-and-bbq.html">Pellet and BBQ</a>
                </li>
                <li>
                    <a class="estDynamic" href="../household-and-outdoors/bathroom-products.html">Bathroom products</a>
                </li>
                <li>
                    <a class="estDynamic" href="../household-and-outdoors/home-and-furniture-products.html">Home and furniture products</a>
                </li>
                <li>
                    <a class="estDynamic" href="../household-and-outdoors/kitchen-products.html">Kitchen products</a>
                </li>
                <li>
                    <a class="estDynamic" href="../household-and-outdoors/window-and-floor-cleaners.html">Window and floor cleaner</a>
                </li>
                <li>
                    <a class="estDynamic" href="../household-and-outdoors/repellents.html">Repellents</a>
                </li>
                <li>
                    <a class="estDynamic" href="../household-and-outdoors/disposable-tableware.html">Disposable tableware</a>
                </li>
            </ul>
        </li>
        <li>
            <a class="estDynamic" href="../pet.html">
                <img src="../../cdn.spesati.com/images/menu/animals.png"/>
                Pets            </a>
            <i class="fa fa-angle-right" aria-hidden="true"></i>
            <ul class="sub-menu">
                <li>
                    <a class="estDynamic" href="../pets/pet-food-other-animals.html">Other animals pet food</a>
                </li>
                <li>
                    <a class="estDynamic" href="../pets/pet-food-dogs.html">Pet food dogs</a>
                </li>
                <li>
                    <a class="estDynamic" href="../pets/pet-food-cats.html">Pet food cats</a>
                </li>
                <li>
                    <a class="estDynamic" href="../pets/hygiene-and-cleaning.html">Hygiene and cleaning</a>
                </li>
            </ul>
        </li>
        <li>
            <a class="estDynamic" href="../technology.html">
                <img src="../../cdn.spesati.com/images/menu/technology.png"/>
                Technology            </a>
            <i class="fa fa-angle-right" aria-hidden="true"></i>
            <ul class="sub-menu">
                <li>
                    <a class="estDynamic" href="../technology/accessories.html">Accessories</a>
                </li>
                <li>
                    <a class="estDynamic" href="../technology/computer.html">Computer</a>
                </li>
                <li>
                    <a class="estDynamic" href="../technology/telephones.html">Telephones</a>
                </li>
                <li>
                    <a class="estDynamic" href="../technology/tv.html">TV</a>
                </li>
            </ul>
        </li>
        <li>
            <a class="estDynamic" href="../gluten-free.html">
                <img src="../../cdn.spesati.com/images/menu/gluten-free.png"/>
                Gluten free            </a>
            <i class="fa fa-angle-right" aria-hidden="true"></i>
            <ul class="sub-menu">
                <li>
                    <a class="estDynamic" href="../gluten-free/frozen-foods.html">Frozen foods</a>
                </li>
                <li>
                    <a class="estDynamic" href="../gluten-free/beer.html">Beer</a>
                </li>
                <li>
                    <a class="estDynamic" href="../gluten-free/sweets.html">Sweets</a>
                </li>
                <li>
                    <a class="estDynamic" href="../gluten-free/bread-and-pasta.html">Bread and pasta</a>
                </li>
                <li>
                    <a class="estDynamic" href="../gluten-free/shelf.html">Cupboard</a>
                </li>
            </ul>
        </li>
        <li>
            <a class="estDynamic" href="../lactose-free.html">
                <img src="../../cdn.spesati.com/images/menu/lactose-free.png"/>
                Lactose free            </a>
            <i class="fa fa-angle-right" aria-hidden="true"></i>
            <ul class="sub-menu">
                <li>
                    <a class="estDynamic" href="../lactose-free/frozen-foods.html">Frozen foods</a>
                </li>
                <li>
                    <a class="estDynamic" href="../lactose-free/sweets.html">Sweets</a>
                </li>
                <li>
                    <a class="estDynamic" href="../lactose-free/dairy-product.html">Dairy product</a>
                </li>
                <li>
                    <a class="estDynamic" href="../lactose-free/shelf.html">Cupboard</a>
                </li>
            </ul>
        </li>
        <li>
            <a class="estDynamic" href="../special.html">
                <img src="../../cdn.spesati.com/images/menu/special.png"/>
                Special            </a>
            <i class="fa fa-angle-right" aria-hidden="true"></i>
            <ul class="sub-menu">
                <li>
                    <a class="estDynamic" href="../special/alpro.html">Alpro</a>
                </li>
                <li>
                    <a class="estDynamic" href="../special/organic.html">Biological</a>
                </li>
                <li>
                    <a class="estDynamic" href="../special/meat.html">Meat</a>
                </li>
                <li>
                    <a class="estDynamic" href="../special/wholegrain.html">Wholegrain</a>
                </li>
                <li>
                    <a class="estDynamic" href="../special/bread-and-pasta.html">Bread and pasta</a>
                </li>
                <li>
                    <a class="estDynamic" href="../special/vegan.html">Vegan</a>
                </li>
            </ul>
        </li>
        <li>
            <a class="estDynamic" href="../sardinian-products.html">
                <img src="../../cdn.spesati.com/images/menu/sardinian-products.png"/>
                Sardinian products            </a>
            <i class="fa fa-angle-right" aria-hidden="true"></i>
            <ul class="sub-menu">
                <li>
                    <a class="estDynamic" href="../sardinian-products/drinks.html">Drinks</a>
                </li>
                <li>
                    <a class="estDynamic" href="../sardinian-products/meat.html">Meat</a>
                </li>
                <li>
                    <a class="estDynamic" href="../sardinian-products/sweets.html">Sweets</a>
                </li>
                <li>
                    <a class="estDynamic" href="../sardinian-products/fruit-and-vegetables.html">Fruit and vegetables</a>
                </li>
                <li>
                    <a class="estDynamic" href="../sardinian-products/ichnusa.html">Ichnusa</a>
                </li>
                <li>
                    <a class="estDynamic" href="../sardinian-products/dairy-product.html">Dairy product</a>
                </li>
                <li>
                    <a class="estDynamic" href="../sardinian-products/bread-and-pasta.html">Bread and pasta</a>
                </li>
                <li>
                    <a class="estDynamic" href="../sardinian-products/fish.html">Fish</a>
                </li>
                <li>
                    <a class="estDynamic" href="../sardinian-products/cured-meat.html">Cured meat</a>
                </li>
                <li>
                    <a class="estDynamic" href="../sardinian-products/shelf.html">Cupboard</a>
                </li>
                <li>
                    <a class="estDynamic" href="../sardinian-products/vermentino-wine.html">Vermentino wine</a>
                </li>
                <li>
                    <a class="estDynamic" href="../sardinian-products/wine-beer-and-spirits.html">Wine beer and spirits</a>
                </li>
            </ul>
        </li>
    </ul>
</div>    <div class="colRight">
        <div class="title mobile">
	<a href="../shelf.html"><i class="fa red fa-angle-left fa-3x mobile" aria-hidden="true"></i></a>
	<h2>
		<b>
			stock cubes		</b>
	</h2>
</div>

<div class="breadcrumb bgGrey internal">
	<p>
		<b>
			<a href="../index.html">Home</a>
												&gt; <a href="../shelf.html">Cupboard</a>
																&gt; Nuts and preparations									</b>
	</p>
	<div>
		<p>Order by</p>
		<select name="orderProd" id="orderProd">
			<option disabled="disabled" selected="selected">- Choose -</option>
			<option value="nameAsc">Name (A - Z)</option>
			<option value="nameDes">Name (Z - A)</option>
			<option value="priceHigh">Price - High to low</option>
			<option value="priceLow">Price - Low to high</option>
			<option value="soldAsc">Best Selling</option>
			<option value="available">Availability</option>
		</select>
	</div>
</div>
        <div class="containerProduct">
            <script type='text/javascript'>var track = '{"event":"ViewContent", "type":"category", "id":"Scaffale", "subids":["Dado-Preparati"], "url":"https://www.spesati.com/shelf/stock-cubes"}';</script>
<script>
gtag('event', 'select_content', {content_type: 'category', item_id: 'Scaffale'});gtag('event', 'select_content', {content_type: 'category', item_id: 'Dado-Preparati'});
</script>
<div class="left product prod1"
        data-name="Knorr Vellutata Primavera"
        data-price="2.89"
        data-id="3397"
        data-available="yes"
        data-category="431"
        data-bestselling="">
    <a href="../knorr-vellutata-primavera.html">
        <div style="background-image: url('../../cdn.spesati.com/images/products/3342602/knorr-vellutata-primavera.jpg')">
            <div class="hover"></div>
            
            <div class="stickers"></div>
        </div>
    </a>
    <div>
        <h4><a href="../knorr-vellutata-primavera.html"><b>Knorr Vellutata Primavera</b></a></h4>
        <p class="description">0.5 Lt</p>
        <p class="right price"><b>2.89 €</b></p>
        <p class="right unitPrice">5.78 € per kg</p>
    </div>
    <div class="contButton">
    <a class="button bgRed white addToCart" href="#">Add</a>
</div>
</div><div class="left product prod2"
        data-name="Polenta Valsugana"
        data-price="2.35"
        data-id="3279"
        data-available="yes"
        data-category="1534"
        data-bestselling="1">
    <a href="../polenta-valsugana.html">
        <div style="background-image: url('../../cdn.spesati.com/images/products/14620201/polenta-valsugana-375gr.jpg')">
            <div class="hover"></div>
            <p class="arrow bgRed white">Best Seller</p>
            <div class="stickers"></div>
        </div>
    </a>
    <div>
        <h4><a href="../polenta-valsugana.html"><b>Polenta Valsugana</b></a></h4>
        <p class="description">0.38 Kg</p>
        <p class="right price"><b>2.35 €</b></p>
        <p class="right unitPrice">6.27 € per kg</p>
    </div>
    <div class="contButton">
    <a class="button bgRed white addToCart" href="#">Add</a>
</div>
</div><div class="left product prod3"
        data-name="Dado Knorr Veget Zero Sale 8cb"
        data-price="2.05"
        data-id="69924"
        data-available="yes"
        data-category="422"
        data-bestselling="">
    <a href="../dado-knorr-veget-zero-sale-8cb.html">
        <div style="background-image: url('../../cdn.spesati.com/images/products/000435906/knorr-zero-sale-dado-vegetale-8-dadi-72-g-01.png')">
            <div class="hover"></div>
            
            <div class="stickers"></div>
        </div>
    </a>
    <div>
        <h4><a href="../dado-knorr-veget-zero-sale-8cb.html"><b>Dado Knorr Veget Zero Sale 8cb</b></a></h4>
        <p class="description">Knorr Zero Sale Dado Vegetale 8 Dadi 72 g</p>
        <p class="right price"><b>2.05 €</b></p>
        <p class="right unitPrice">18.65 € per kg</p>
    </div>
    <div class="contButton">
    <a class="button bgRed white addToCart" href="#">Add</a>
</div>
</div><div class="left product prod4"
        data-name="Dado Knorr Class Zero Sale 8cb"
        data-price="2.02"
        data-id="69921"
        data-available="yes"
        data-category="422"
        data-bestselling="">
    <a href="../dado-knorr-class-zero-sale-8cb.html">
        <div style="background-image: url('../../cdn.spesati.com/images/products/000435904/knorr-zero-sale-dado-classico-8-dadi-72-g-01.png')">
            <div class="hover"></div>
            
            <div class="stickers"></div>
        </div>
    </a>
    <div>
        <h4><a href="../dado-knorr-class-zero-sale-8cb.html"><b>Dado Knorr Class Zero Sale 8cb</b></a></h4>
        <p class="description">Knorr Zero Sale Dado Classico 8 Dadi 72 g</p>
        <p class="right price"><b>2.02 €</b></p>
        <p class="right unitPrice">18.35 € per kg</p>
    </div>
    <div class="contButton">
    <a class="button bgRed white addToCart" href="#">Add</a>
</div>
</div><div class="left product prod5"
        data-name="Beef Teryaki Jack Links's 25gr"
        data-price="3.55"
        data-id="68424"
        data-available="yes"
        data-category="422"
        data-bestselling="">
    <a href="../beef-teryaki-jack-linkss-25gr.html">
        <div style="background-image: url('../../cdn.spesati.com/images/products/000119954/jack-links-beef-jerky-teriyaki-25-g-01.png')">
            <div class="hover"></div>
            
            <div class="stickers"></div>
        </div>
    </a>
    <div>
        <h4><a href="../beef-teryaki-jack-linkss-25gr.html"><b>Beef Teryaki Jack Links's 25gr</b></a></h4>
        <p class="description">Jack Link's Beef Jerky Teriyaki 25 g</p>
        <p class="right price"><b>3.55 €</b></p>
        <p class="right unitPrice">118.33 € per kg</p>
    </div>
    <div class="contButton">
    <a class="button bgRed white addToCart" href="#">Add</a>
</div>
</div><div class="left product prod6"
        data-name="Brodo Knorr Granul Pesce 150gr"
        data-price="2.79"
        data-id="26899"
        data-available="yes"
        data-category="422"
        data-bestselling="">
    <a href="../brodo-knorr-granul-pesce-150gr.html">
        <div style="background-image: url('../../cdn.spesati.com/images/products/000119339/knorr-brodo-granulare-pesce-150-g-01.png')">
            <div class="hover"></div>
            
            <div class="stickers"></div>
        </div>
    </a>
    <div>
        <h4><a href="../brodo-knorr-granul-pesce-150gr.html"><b>Brodo Knorr Granul Pesce 150gr</b></a></h4>
        <p class="description">Knorr Brodo Granulare Pesce 150 g</p>
        <p class="right price"><b>2.79 €</b></p>
        <p class="right unitPrice">18.60 € per kg</p>
    </div>
    <div class="contButton">
    <a class="button bgRed white addToCart" href="#">Add</a>
</div>
</div><div class="left product prod7"
        data-name="Brodo Knorr Granul Pollo 150gr"
        data-price="2.79"
        data-id="26897"
        data-available="yes"
        data-category="422"
        data-bestselling="">
    <a href="../brodo-knorr-granul-pollo-150gr.html">
        <div style="background-image: url('../../cdn.spesati.com/images/products/000119337/knorr-brodo-granulare-pollo-150-g-01.png')">
            <div class="hover"></div>
            
            <div class="stickers"></div>
        </div>
    </a>
    <div>
        <h4><a href="../brodo-knorr-granul-pollo-150gr.html"><b>Brodo Knorr Granul Pollo 150gr</b></a></h4>
        <p class="description">Knorr Brodo Granulare Pollo 150 g</p>
        <p class="right price"><b>2.79 €</b></p>
        <p class="right unitPrice">18.60 € per kg</p>
    </div>
    <div class="contButton">
    <a class="button bgRed white addToCart" href="#">Add</a>
</div>
</div><div class="left product prod8"
        data-name="Brodo Knorr Granul Verd 150gr"
        data-price="2.79"
        data-id="26896"
        data-available="yes"
        data-category="422"
        data-bestselling="1">
    <a href="../brodo-knorr-granul-verd-150gr.html">
        <div style="background-image: url('../../cdn.spesati.com/images/products/000119336/knorr-brodo-granulare-vegetale-150-g-01.png')">
            <div class="hover"></div>
            <p class="arrow bgRed white">Best Seller</p>
            <div class="stickers"></div>
        </div>
    </a>
    <div>
        <h4><a href="../brodo-knorr-granul-verd-150gr.html"><b>Brodo Knorr Granul Verd 150gr</b></a></h4>
        <p class="description">Knorr Brodo Granulare Vegetale 150 g</p>
        <p class="right price"><b>2.79 €</b></p>
        <p class="right unitPrice">18.60 € per kg</p>
    </div>
    <div class="contButton">
    <a class="button bgRed white addToCart" href="#">Add</a>
</div>
</div><div class="left product prod9"
        data-name="Brodo Knorr Granul Class 150gr"
        data-price="2.79"
        data-id="26895"
        data-available="yes"
        data-category="422"
        data-bestselling="1">
    <a href="../brodo-knorr-granul-class-150gr.html">
        <div style="background-image: url('../../cdn.spesati.com/images/products/000119335/knorr-brodo-granulare-classico-150-g-01.png')">
            <div class="hover"></div>
            <p class="arrow bgRed white">Best Seller</p>
            <div class="stickers"></div>
        </div>
    </a>
    <div>
        <h4><a href="../brodo-knorr-granul-class-150gr.html"><b>Brodo Knorr Granul Class 150gr</b></a></h4>
        <p class="description">Knorr Brodo Granulare Classico 150 g</p>
        <p class="right price"><b>2.79 €</b></p>
        <p class="right unitPrice">18.60 € per kg</p>
    </div>
    <div class="contButton">
    <a class="button bgRed white addToCart" href="#">Add</a>
</div>
</div><div class="left product prod10"
        data-name="Cuore Di Brodo Knorr Pesce"
        data-price="1.69"
        data-id="6408"
        data-available="yes"
        data-category="422"
        data-bestselling="">
    <a href="../cuore-di-brodo-knorr-pesce.html">
        <div style="background-image: url('../../cdn.spesati.com/images/products/000118994/knorr-cuore-di-brodo-pesce-4-x-28-g-01.png')">
            <div class="hover"></div>
            
            <div class="stickers"></div>
        </div>
    </a>
    <div>
        <h4><a href="../cuore-di-brodo-knorr-pesce.html"><b>Cuore Di Brodo Knorr Pesce</b></a></h4>
        <p class="description">Knorr Cuore di Brodo Pesce 4 x 28 g</p>
        <p class="right price"><b>1.69 €</b></p>
        <p class="right unitPrice">16.90 € per kg</p>
    </div>
    <div class="contButton">
    <a class="button bgRed white addToCart" href="#">Add</a>
</div>
</div><div class="left product prod11"
        data-name="Knorr Cuore Di Brodo Manzo"
        data-price="1.69"
        data-id="2886"
        data-available="yes"
        data-category="422"
        data-bestselling="1">
    <a href="../knorr-cuore-di-brodo-manzo.html">
        <div style="background-image: url('../../cdn.spesati.com/images/products/000118991/knorr-cuore-di-brodo-manzo-4-x-28-g-01.png')">
            <div class="hover"></div>
            <p class="arrow bgRed white">Best Seller</p>
            <div class="stickers"></div>
        </div>
    </a>
    <div>
        <h4><a href="../knorr-cuore-di-brodo-manzo.html"><b>Knorr Cuore Di Brodo Manzo</b></a></h4>
        <p class="description">Knorr Cuore di Brodo Manzo 4 x 28 g</p>
        <p class="right price"><b>1.69 €</b></p>
        <p class="right unitPrice">15.08 € per kg</p>
    </div>
    <div class="contButton">
    <a class="button bgRed white addToCart" href="#">Add</a>
</div>
</div><div class="left product prod12"
        data-name="Knorr Cuore Di Brodo Verdure"
        data-price="1.69"
        data-id="2888"
        data-available="yes"
        data-category="422"
        data-bestselling="">
    <a href="../knorr-cuore-di-brodo-verdure.html">
        <div style="background-image: url('../../cdn.spesati.com/images/products/000118990/knorr-cuore-di-brodo-vegetale-4-x-28-g-01.png')">
            <div class="hover"></div>
            
            <div class="stickers"></div>
        </div>
    </a>
    <div>
        <h4><a href="../knorr-cuore-di-brodo-verdure.html"><b>Knorr Cuore Di Brodo Verdure</b></a></h4>
        <p class="description">Knorr Cuore di Brodo Vegetale 4 x 28 g</p>
        <p class="right price"><b>1.69 €</b></p>
        <p class="right unitPrice">15.08 € per kg</p>
    </div>
    <div class="contButton">
    <a class="button bgRed white addToCart" href="#">Add</a>
</div>
</div><div class="left product prod13"
        data-name="Brodo Pronto Star Pollo 1 Lt"
        data-price="2.39"
        data-id="5614"
        data-available="yes"
        data-category="422"
        data-bestselling="">
    <a href="../brodo-pronto-star-pollo-1-lt.html">
        <div style="background-image: url('../../cdn.spesati.com/images/products/000117428/star-il-mio-brodo-di-pollo-1000-ml-01.png')">
            <div class="hover"></div>
            
            <div class="stickers"></div>
        </div>
    </a>
    <div>
        <h4><a href="../brodo-pronto-star-pollo-1-lt.html"><b>Brodo Pronto Star Pollo 1 Lt</b></a></h4>
        <p class="description">Star il mio Brodo di Pollo 1000 ml</p>
        <p class="right price"><b>2.39 €</b></p>
        <p class="right unitPrice">2.39 € per litre</p>
    </div>
    <div class="contButton">
    <a class="button bgRed white addToCart" href="#">Add</a>
</div>
</div><div class="left product prod14"
        data-name="Brodo Knorr Dadi 60 Cubetti"
        data-price="12.71"
        data-id="26549"
        data-available="yes"
        data-category="422"
        data-bestselling="">
    <a href="../brodo-knorr-dadi-60-cubetti.html">
        <div style="background-image: url('../../cdn.spesati.com/images/products/000117150/knorr-brodo-60-cubetti-600-g-01.png')">
            <div class="hover"></div>
            
            <div class="stickers"></div>
        </div>
    </a>
    <div>
        <h4><a href="../brodo-knorr-dadi-60-cubetti.html"><b>Brodo Knorr Dadi 60 Cubetti</b></a></h4>
        <p class="description">Knorr Brodo 60 Cubetti 600 g</p>
        <p class="right price"><b>12.71 €</b></p>
        <p class="right unitPrice">21.19 € per kg</p>
    </div>
    <div class="contButton">
    <a class="button bgRed white addToCart" href="#">Add</a>
</div>
</div><div class="left product prod15"
        data-name="Knorr Dadi Vegetale"
        data-price="1.49"
        data-id="2890"
        data-available="yes"
        data-category="422"
        data-bestselling="6">
    <a href="../knorr-dadi-vegetale.html">
        <div style="background-image: url('../../cdn.spesati.com/images/products/000117090/knorr-dado-vegetale-10-dadi-100-g-01.png')">
            <div class="hover"></div>
            <p class="arrow bgRed white">Best Seller</p>
            <div class="stickers"></div>
        </div>
    </a>
    <div>
        <h4><a href="../knorr-dadi-vegetale.html"><b>Knorr Dadi Vegetale</b></a></h4>
        <p class="description">Knorr Dado Vegetale 10 Dadi 100 g</p>
        <p class="right price"><b>1.49 €</b></p>
        <p class="right unitPrice">0.15 € per piece</p>
    </div>
    <div class="contButton">
    <a class="button bgRed white addToCart" href="#">Add</a>
</div>
</div><div class="left product prod16"
        data-name="Brodo Pronto Star Manzo M-sale"
        data-price="1.89"
        data-id="26110"
        data-available="yes"
        data-category="422"
        data-bestselling="4">
    <a href="../brodo-pronto-star-manzo-m-sale.html">
        <div style="background-image: url('../../cdn.spesati.com/images/products/000114672/star-il-mio-brodo-di-manzo-1000-ml-01.png')">
            <div class="hover"></div>
            <p class="arrow bgRed white">Offer</p>
            <div class="stickers"></div>
        </div>
    </a>
    <div>
        <h4><a href="../brodo-pronto-star-manzo-m-sale.html"><b>Brodo Pronto Star Manzo M-sale</b></a></h4>
        <p class="description">Star il mio Brodo di Manzo 1000 ml</p>
        <p class="left offer red">2.39 €</p>
<p class="right price"><b>1.89 €</b></p>
        <p class="right unitPrice">1.89 € per litre</p>
    </div>
    <div class="contButton">
    <a class="button bgRed white addToCart" href="#">Add</a>
</div>
</div><div class="left product prod17"
        data-name="Star Brodo Pronto Carne Mista 1 Lt"
        data-price="2.39"
        data-id="5758"
        data-available="yes"
        data-category="422"
        data-bestselling="">
    <a href="../star-brodo-pronto-carne-mista-1-lt.html">
        <div style="background-image: url('../../cdn.spesati.com/images/products/000114669/star-il-mio-brodo-di-carne-mista-1000-ml-01.png')">
            <div class="hover"></div>
            
            <div class="stickers"><img class="left" src="../../cdn.spesati.com/images/layout/gluten-free.png" /></div>
        </div>
    </a>
    <div>
        <h4><a href="../star-brodo-pronto-carne-mista-1-lt.html"><b>Star Brodo Pronto Carne Mista 1 Lt</b></a></h4>
        <p class="description">Star il mio Brodo di Carne Mista 1000 ml</p>
        <p class="right price"><b>2.39 €</b></p>
        <p class="right unitPrice">2.39 € per litre</p>
    </div>
    <div class="contButton">
    <a class="button bgRed white addToCart" href="#">Add</a>
</div>
</div><div class="left product prod18"
        data-name="Star Brodo Pronto Verdure"
        data-price="1.89"
        data-id="2897"
        data-available="yes"
        data-category="422"
        data-bestselling="3">
    <a href="../star-brodo-pronto-verdure.html">
        <div style="background-image: url('../../cdn.spesati.com/images/products/000114668/star-il-mio-brodo-di-verdure-1000-ml-01.png')">
            <div class="hover"></div>
            <p class="arrow bgRed white">Offer</p>
            <div class="stickers"></div>
        </div>
    </a>
    <div>
        <h4><a href="../star-brodo-pronto-verdure.html"><b>Star Brodo Pronto Verdure</b></a></h4>
        <p class="description">Star il mio Brodo di Verdure 1000 ml</p>
        <p class="left offer red">2.39 €</p>
<p class="right price"><b>1.89 €</b></p>
        <p class="right unitPrice">1.89 € per kg</p>
    </div>
    <div class="contButton">
    <a class="button bgRed white addToCart" href="#">Add</a>
</div>
</div><div class="left product prod19"
        data-name="Star Brodo Pronto Manzo"
        data-price="2.39"
        data-id="2896"
        data-available="yes"
        data-category="422"
        data-bestselling="2">
    <a href="../star-brodo-pronto-manzo.html">
        <div style="background-image: url('../../cdn.spesati.com/images/products/000114667/star-il-mio-brodo-di-manzo-1000-ml-01.png')">
            <div class="hover"></div>
            <p class="arrow bgRed white">Best Seller</p>
            <div class="stickers"></div>
        </div>
    </a>
    <div>
        <h4><a href="../star-brodo-pronto-manzo.html"><b>Star Brodo Pronto Manzo</b></a></h4>
        <p class="description">Star il mio Brodo di Manzo 1000 ml</p>
        <p class="right price"><b>2.39 €</b></p>
        <p class="right unitPrice">2.39 € per litre</p>
    </div>
    <div class="contButton">
    <a class="button bgRed white addToCart" href="#">Add</a>
</div>
</div><div class="left product prod20"
        data-name="Buitoni saccoccio pollo saporito"
        data-price="1.75"
        data-id="5048"
        data-available="yes"
        data-category="422"
        data-bestselling="">
    <a href="../buitoni-saccoccio-pollo-saporito.html">
        <div style="background-image: url('../../cdn.spesati.com/images/products/000114665/maggi-il-saccoccio-con-paprika-sacchetto-e-spezie-per-pollo-al-forno-1-pezzo-34-g-01.png')">
            <div class="hover"></div>
            
            <div class="stickers"></div>
        </div>
    </a>
    <div>
        <h4><a href="../buitoni-saccoccio-pollo-saporito.html"><b>Buitoni saccoccio pollo saporito</b></a></h4>
        <p class="description">MAGGI il Saccoccio con Paprika Sacchetto e spezie per Pollo al Forno 1 pezzo 34 g</p>
        <p class="right price"><b>1.75 €</b></p>
        <p class="right unitPrice">1.75 € per kg</p>
    </div>
    <div class="contButton">
    <a class="button bgRed white addToCart" href="#">Add</a>
</div>
</div><div class="left product prod21"
        data-name="Buitoni saccoccio pollo erbe mediterranee"
        data-price="1.75"
        data-id="5047"
        data-available="yes"
        data-category="422"
        data-bestselling="">
    <a href="../buitoni-saccoccio-pollo-erbe-mediterranee.html">
        <div style="background-image: url('../../cdn.spesati.com/images/products/000114664/maggi-il-saccoccio-con-erbe-mediterranee-sacchetto-e-spezie-per-pollo-al-forno-1-pezzo-34-g-01.png')">
            <div class="hover"></div>
            
            <div class="stickers"></div>
        </div>
    </a>
    <div>
        <h4><a href="../buitoni-saccoccio-pollo-erbe-mediterranee.html"><b>Buitoni saccoccio pollo erbe mediterranee</b></a></h4>
        <p class="description">MAGGI il Saccoccio con Erbe Mediterranee Sacchetto e spezie per Pollo al Forno 1 pezzo 34 g</p>
        <p class="right price"><b>1.75 €</b></p>
        <p class="right unitPrice">1.75 € per kg</p>
    </div>
    <div class="contButton">
    <a class="button bgRed white addToCart" href="#">Add</a>
</div>
</div><div class="left product prod22"
        data-name="Brodo Record Knorr 1 Kg"
        data-price="14.30"
        data-id="26104"
        data-available="yes"
        data-category="422"
        data-bestselling="">
    <a href="../brodo-record-knorr-1-kg.html">
        <div style="background-image: url('../../cdn.spesati.com/images/products/000114614/knorr-chefs-brodo-record-pasta-1000-g-01.png')">
            <div class="hover"></div>
            
            <div class="stickers"></div>
        </div>
    </a>
    <div>
        <h4><a href="../brodo-record-knorr-1-kg.html"><b>Brodo Record Knorr 1 Kg</b></a></h4>
        <p class="description">Knorr Chef's Brodo Record Pasta 1000 g</p>
        <p class="right price"><b>14.30 €</b></p>
        <p class="right unitPrice">14.30 € per kg</p>
    </div>
    <div class="contButton">
    <a class="button bgRed white addToCart" href="#">Add</a>
</div>
</div><div class="left product prod23"
        data-name="Brodo Pesce Knorr Granul Gr550"
        data-price="15.87"
        data-id="26103"
        data-available="yes"
        data-category="422"
        data-bestselling="">
    <a href="../brodo-pesce-knorr-granul-gr550.html">
        <div style="background-image: url('../../cdn.spesati.com/images/products/000114612/knorr-chefs-brodo-di-pesce-granulare-550-g-01.png')">
            <div class="hover"></div>
            
            <div class="stickers"></div>
        </div>
    </a>
    <div>
        <h4><a href="../brodo-pesce-knorr-granul-gr550.html"><b>Brodo Pesce Knorr Granul Gr550</b></a></h4>
        <p class="description">Knorr Chef's Brodo di Pesce Granulare 550 g</p>
        <p class="right price"><b>15.87 €</b></p>
        <p class="right unitPrice">28.85 € per kg</p>
    </div>
    <div class="contButton">
    <a class="button bgRed white addToCart" href="#">Add</a>
</div>
</div><div class="left product prod24"
        data-name="Dadi Star 30 Cubi"
        data-price="3.65"
        data-id="26102"
        data-available="yes"
        data-category="422"
        data-bestselling="">
    <a href="../dadi-star-30-cubi.html">
        <div style="background-image: url('../../cdn.spesati.com/images/products/000114607/star-il-mio-dado-classico-30-dadi-300-g-01.png')">
            <div class="hover"></div>
            
            <div class="stickers"></div>
        </div>
    </a>
    <div>
        <h4><a href="../dadi-star-30-cubi.html"><b>Dadi Star 30 Cubi</b></a></h4>
        <p class="description">Star il mio Dado Classico 30 Dadi 300 g</p>
        <p class="right price"><b>3.65 €</b></p>
        <p class="right unitPrice">3.65 € per piece</p>
    </div>
    <div class="contButton">
    <a class="button bgRed white addToCart" href="#">Add</a>
</div>
</div><div class="left product prod25"
        data-name="Dadi Star Meno Sale Veget 10 C"
        data-price="1.65"
        data-id="26101"
        data-available="yes"
        data-category="422"
        data-bestselling="">
    <a href="../dadi-star-meno-sale-veget-10-c.html">
        <div style="background-image: url('../../cdn.spesati.com/images/products/000114606/star-il-mio-dado-vegetale-30-sale-10-dadi-100-g-01.png')">
            <div class="hover"></div>
            
            <div class="stickers"></div>
        </div>
    </a>
    <div>
        <h4><a href="../dadi-star-meno-sale-veget-10-c.html"><b>Dadi Star Meno Sale Veget 10 C</b></a></h4>
        <p class="description">Star il mio Dado Vegetale -30% Sale# 10 Dadi 100 g</p>
        <p class="right price"><b>1.65 €</b></p>
        <p class="right unitPrice">1.65 € per piece</p>
    </div>
    <div class="contButton">
    <a class="button bgRed white addToCart" href="#">Add</a>
</div>
</div><div class="left product prod26"
        data-name="Star Dado Classico"
        data-price="3.05"
        data-id="2899"
        data-available="yes"
        data-category="422"
        data-bestselling="">
    <a href="../star-dado-classico.html">
        <div style="background-image: url('../../cdn.spesati.com/images/products/000114605/star-il-mio-dado-classico-20-dadi-200-g-01.png')">
            <div class="hover"></div>
            
            <div class="stickers"></div>
        </div>
    </a>
    <div>
        <h4><a href="../star-dado-classico.html"><b>Star Dado Classico</b></a></h4>
        <p class="description">Star il mio Dado Classico 20 Dadi 200 g</p>
        <p class="right price"><b>3.05 €</b></p>
        <p class="right unitPrice">15.26 € per kg</p>
    </div>
    <div class="contButton">
    <a class="button bgRed white addToCart" href="#">Add</a>
</div>
</div><div class="left product prod27"
        data-name="Star Dadi Gusto Vegetale X10"
        data-price="1.55"
        data-id="5752"
        data-available="yes"
        data-category="422"
        data-bestselling="1">
    <a href="../star-dadi-gusto-vegetale-x10.html">
        <div style="background-image: url('../../cdn.spesati.com/images/products/000114602/star-il-mio-dado-vegetale-10-dadi-100-g-01.png')">
            <div class="hover"></div>
            <p class="arrow bgRed white">Best Seller</p>
            <div class="stickers"><img class="left" src="../../cdn.spesati.com/images/layout/gluten-free.png" /></div>
        </div>
    </a>
    <div>
        <h4><a href="../star-dadi-gusto-vegetale-x10.html"><b>Star Dadi Gusto Vegetale X10</b></a></h4>
        <p class="description">Star il mio Dado Vegetale 10 Dadi 100 g</p>
        <p class="right price"><b>1.55 €</b></p>
        <p class="right unitPrice">15.50 € per kg</p>
    </div>
    <div class="contButton">
    <a class="button bgRed white addToCart" href="#">Add</a>
</div>
</div><div class="left product prod28"
        data-name="Star Dadi Gusto Classico X10"
        data-price="1.55"
        data-id="4158"
        data-available="yes"
        data-category="422"
        data-bestselling="">
    <a href="../star-dadi-gusto-classico-x10.html">
        <div style="background-image: url('../../cdn.spesati.com/images/products/000114601/star-il-mio-dado-classico-10-dadi-100-g-01.png')">
            <div class="hover"></div>
            
            <div class="stickers"><img class="left" src="../../cdn.spesati.com/images/layout/gluten-free.png" /></div>
        </div>
    </a>
    <div>
        <h4><a href="../star-dadi-gusto-classico-x10.html"><b>Star Dadi Gusto Classico X10</b></a></h4>
        <p class="description">Star il mio Dado Classico 10 Dadi 100 g</p>
        <p class="right price"><b>1.55 €</b></p>
        <p class="right unitPrice">1.55 € per piece</p>
    </div>
    <div class="contButton">
    <a class="button bgRed white addToCart" href="#">Add</a>
</div>
</div><div class="left product prod29"
        data-name="Dadi Star Meno Sale 10 Class"
        data-price="1.65"
        data-id="26099"
        data-available="yes"
        data-category="422"
        data-bestselling="">
    <a href="../dadi-star-meno-sale-10-class.html">
        <div style="background-image: url('../../cdn.spesati.com/images/products/000114600/star-il-mio-dado-classico-30-di-sale-10-dadi-100-g-01.png')">
            <div class="hover"></div>
            
            <div class="stickers"></div>
        </div>
    </a>
    <div>
        <h4><a href="../dadi-star-meno-sale-10-class.html"><b>Dadi Star Meno Sale 10 Class</b></a></h4>
        <p class="description">Star il mio Dado Classico -30% di Sale# 10 Dadi 100 g</p>
        <p class="right price"><b>1.65 €</b></p>
        <p class="right unitPrice">1.65 € per piece</p>
    </div>
    <div class="contButton">
    <a class="button bgRed white addToCart" href="#">Add</a>
</div>
</div><div class="left product prod30"
        data-name="Pasta Pronta Curry 50gr"
        data-price="2.70"
        data-id="25343"
        data-available="yes"
        data-category="422"
        data-bestselling="">
    <a href="../pasta-pronta-curry-50gr.html">
        <div style="background-image: url('../../cdn.spesati.com/images/products/000108647/asian-home-gourmet-spice-paste-for-japanese-curry-50-g-01.png')">
            <div class="hover"></div>
            
            <div class="stickers"></div>
        </div>
    </a>
    <div>
        <h4><a href="../pasta-pronta-curry-50gr.html"><b>Pasta Pronta Curry 50gr</b></a></h4>
        <p class="description">Asian Home Gourmet Spice Paste for Japanese Curry 50 g</p>
        <p class="right price"><b>2.70 €</b></p>
        <p class="right unitPrice">54.05 € per kg</p>
    </div>
    <div class="contButton">
    <a class="button bgRed white addToCart" href="#">Add</a>
</div>
</div><div class="left product prod31"
        data-name="Aceto Riso Sushi Kikkoman 300m"
        data-price="8.45"
        data-id="25283"
        data-available="yes"
        data-category="422"
        data-bestselling="">
    <a href="../aceto-riso-sushi-kikkoman-300m.html">
        <div style="background-image: url('../../cdn.spesati.com/images/products/000108529/kikkoman-seasoning-for-sushi-rice-300-ml-01.png')">
            <div class="hover"></div>
            
            <div class="stickers"></div>
        </div>
    </a>
    <div>
        <h4><a href="../aceto-riso-sushi-kikkoman-300m.html"><b>Aceto Riso Sushi Kikkoman 300m</b></a></h4>
        <p class="description">Kikkoman Seasoning for Sushi Rice 300 ml</p>
        <p class="right price"><b>8.45 €</b></p>
        <p class="right unitPrice">28.17 € per litre</p>
    </div>
    <div class="contButton">
    <a class="button bgRed white addToCart" href="#">Add</a>
</div>
</div><div class="left product prod32"
        data-name="Misc Frittur Tempura Mix 150gr"
        data-price="7.19"
        data-id="25282"
        data-available="yes"
        data-category="422"
        data-bestselling="">
    <a href="../misc-frittur-tempura-mix-150gr.html">
        <div style="background-image: url('../../cdn.spesati.com/images/products/000108528/yutaka-tempura-batter-mix-150-g-01.png')">
            <div class="hover"></div>
            
            <div class="stickers"></div>
        </div>
    </a>
    <div>
        <h4><a href="../misc-frittur-tempura-mix-150gr.html"><b>Misc Frittur Tempura Mix 150gr</b></a></h4>
        <p class="description">Yutaka Tempura Batter Mix 150 g</p>
        <p class="right price"><b>7.19 €</b></p>
        <p class="right unitPrice">47.93 € per kg</p>
    </div>
    <div class="contButton">
    <a class="button bgRed white addToCart" href="#">Add</a>
</div>
</div><div class="left product prod33"
        data-name="Pasta Zafferano Knorr Gr 800"
        data-price="33.42"
        data-id="25183"
        data-available="yes"
        data-category="422"
        data-bestselling="">
    <a href="../pasta-zafferano-knorr-gr-800.html">
        <div style="background-image: url('../../cdn.spesati.com/images/products/000108323/knorr-chefs-mise-en-place-allo-zafferano-pasta-800-g-01.png')">
            <div class="hover"></div>
            
            <div class="stickers"></div>
        </div>
    </a>
    <div>
        <h4><a href="../pasta-zafferano-knorr-gr-800.html"><b>Pasta Zafferano Knorr Gr 800</b></a></h4>
        <p class="description">Knorr Chef's Mise en Place allo Zafferano Pasta 800 g</p>
        <p class="right price"><b>33.42 €</b></p>
        <p class="right unitPrice">41.78 € per kg</p>
    </div>
    <div class="contButton">
    <a class="button bgRed white addToCart" href="#">Add</a>
</div>
</div><div class="left product prod34"
        data-name="Roux Bruno Knorr 1 Kg"
        data-price="37.07"
        data-id="25182"
        data-available="yes"
        data-category="422"
        data-bestselling="">
    <a href="../roux-bruno-knorr-1-kg.html">
        <div style="background-image: url('../../cdn.spesati.com/images/products/000108314/knorr-roux-bruno-istantaneo-1-kg-01.png')">
            <div class="hover"></div>
            
            <div class="stickers"></div>
        </div>
    </a>
    <div>
        <h4><a href="../roux-bruno-knorr-1-kg.html"><b>Roux Bruno Knorr 1 Kg</b></a></h4>
        <p class="description">Knorr Roux bruno istantaneo 1 kg</p>
        <p class="right price"><b>37.07 €</b></p>
        <p class="right unitPrice">37.07 € per kg</p>
    </div>
    <div class="contButton">
    <a class="button bgRed white addToCart" href="#">Add</a>
</div>
</div><div class="left product prod35"
        data-name="Roux Bianco Knorr 1kg"
        data-price="37.07"
        data-id="25181"
        data-available="yes"
        data-category="422"
        data-bestselling="">
    <a href="../roux-bianco-knorr-1kg.html">
        <div style="background-image: url('../../cdn.spesati.com/images/products/000108313/knorr-roux-bianco-istantaneo-1-kg-01.png')">
            <div class="hover"></div>
            
            <div class="stickers"></div>
        </div>
    </a>
    <div>
        <h4><a href="../roux-bianco-knorr-1kg.html"><b>Roux Bianco Knorr 1kg</b></a></h4>
        <p class="description">Knorr Roux bianco istantaneo 1 kg</p>
        <p class="right price"><b>37.07 €</b></p>
        <p class="right unitPrice">37.07 € per kg</p>
    </div>
    <div class="contButton">
    <a class="button bgRed white addToCart" href="#">Add</a>
</div>
</div><div class="left product prod36"
        data-name="Fondo Crostacei Pasta Knorr 1k"
        data-price="47.36"
        data-id="25180"
        data-available="yes"
        data-category="422"
        data-bestselling="">
    <a href="../fondo-crostacei-pasta-knorr-1k.html">
        <div style="background-image: url('../../cdn.spesati.com/images/products/000108312/knorr-fondo-di-crostacei-1-kg-01.png')">
            <div class="hover"></div>
            
            <div class="stickers"></div>
        </div>
    </a>
    <div>
        <h4><a href="../fondo-crostacei-pasta-knorr-1k.html"><b>Fondo Crostacei Pasta Knorr 1k</b></a></h4>
        <p class="description">Knorr Fondo di Crostacei 1 kg</p>
        <p class="right price"><b>47.36 €</b></p>
        <p class="right unitPrice">47.36 € per kg</p>
    </div>
    <div class="contButton">
    <a class="button bgRed white addToCart" href="#">Add</a>
</div>
</div><div class="left product prod37"
        data-name="Fondo Bruno In Pasta Knorr 1 K"
        data-price="43.85"
        data-id="25179"
        data-available="yes"
        data-category="422"
        data-bestselling="">
    <a href="../fondo-bruno-in-pasta-knorr-1-k.html">
        <div style="background-image: url('../../cdn.spesati.com/images/products/000108311/knorr-fondo-bruno-1-kg-01.png')">
            <div class="hover"></div>
            
            <div class="stickers"></div>
        </div>
    </a>
    <div>
        <h4><a href="../fondo-bruno-in-pasta-knorr-1-k.html"><b>Fondo Bruno In Pasta Knorr 1 K</b></a></h4>
        <p class="description">Knorr Fondo Bruno 1 kg</p>
        <p class="right price"><b>43.85 €</b></p>
        <p class="right unitPrice">43.85 € per kg</p>
    </div>
    <div class="contButton">
    <a class="button bgRed white addToCart" href="#">Add</a>
</div>
</div><div class="left product prod38"
        data-name="Sushi Nori Yutaka 11gr"
        data-price="5.19"
        data-id="68283"
        data-available="yes"
        data-category="422"
        data-bestselling="">
    <a href="../sushi-nori-yutaka-11gr.html">
        <div style="background-image: url('../../cdn.spesati.com/images/products/000104798/yutaka-sushi-nori-5-sheets-11-g-01.png')">
            <div class="hover"></div>
            
            <div class="stickers"></div>
        </div>
    </a>
    <div>
        <h4><a href="../sushi-nori-yutaka-11gr.html"><b>Sushi Nori Yutaka 11gr</b></a></h4>
        <p class="description">Yutaka Sushi Nori 5 sheets 11 g</p>
        <p class="right price"><b>5.19 €</b></p>
        <p class="right unitPrice">518.98 € per kg</p>
    </div>
    <div class="contButton">
    <a class="button bgRed white addToCart" href="#">Add</a>
</div>
</div><div class="left product prod39"
        data-name="Yama Sushi Ginger Mono 1000x7g 1"
        data-price="95.93"
        data-id="61074"
        data-available="yes"
        data-category="422"
        data-bestselling="">
    <a href="../yama-sushi-ginger-mono-1000x7g-1.html">
        <div style="background-image: url('../../cdn.spesati.com/images/products/missing-image/missing-image.jpg')">
            <div class="hover"></div>
            
            <div class="stickers"></div>
        </div>
    </a>
    <div>
        <h4><a href="../yama-sushi-ginger-mono-1000x7g-1.html"><b>Yama Sushi Ginger Mono 1000x7g 1</b></a></h4>
        <p class="description">7 Kg</p>
        <p class="right price"><b>95.93 €</b></p>
        <p class="right unitPrice">13.71 € per kg</p>
    </div>
    <div class="contButton">
    <a class="button bgRed white addToCart" href="#">Add</a>
</div>
</div><div class="left product prod40"
        data-name="Salsa Wasabi Squeeze 170gr"
        data-price="7.30"
        data-id="61080"
        data-available="yes"
        data-category="422"
        data-bestselling="">
    <a href="../salsa-wasabi-squeeze-170gr.html">
        <div style="background-image: url('../../cdn.spesati.com/images/products/missing-image/missing-image.jpg')">
            <div class="hover"></div>
            
            <div class="stickers"></div>
        </div>
    </a>
    <div>
        <h4><a href="../salsa-wasabi-squeeze-170gr.html"><b>Salsa Wasabi Squeeze 170gr</b></a></h4>
        <p class="description">0.17 Kg</p>
        <p class="right price"><b>7.30 €</b></p>
        <p class="right unitPrice">42.97 € per kg</p>
    </div>
    <div class="contButton">
    <a class="button bgRed white addToCart" href="#">Add</a>
</div>
</div><div class="left product prod41"
        data-name="Riso Okomesan Per Sushi 20kg"
        data-price="61.49"
        data-id="70269"
        data-available="yes"
        data-category="422"
        data-bestselling="">
    <a href="../riso-okomesan-per-sushi-20kg.html">
        <div style="background-image: url('../../cdn.spesati.com/images/products/missing-image/missing-image.jpg')">
            <div class="hover"></div>
            
            <div class="stickers"></div>
        </div>
    </a>
    <div>
        <h4><a href="../riso-okomesan-per-sushi-20kg.html"><b>Riso Okomesan Per Sushi 20kg</b></a></h4>
        <p class="description">20 Kg</p>
        <p class="right price"><b>61.49 €</b></p>
        <p class="right unitPrice">3.08 € per kg</p>
    </div>
    <div class="contButton">
    <a class="button bgRed white addToCart" href="#">Add</a>
</div>
</div><div class="left product prod42"
        data-name="Salsa Mizkan Sushi Vineg 20lt"
        data-price="80.43"
        data-id="83255"
        data-available="yes"
        data-category="422"
        data-bestselling="">
    <a href="../salsa-mizkan-sushi-vineg-20lt.html">
        <div style="background-image: url('../../cdn.spesati.com/images/products/missing-image/missing-image.jpg')">
            <div class="hover"></div>
            
            <div class="stickers"></div>
        </div>
    </a>
    <div>
        <h4><a href="../salsa-mizkan-sushi-vineg-20lt.html"><b>Salsa Mizkan Sushi Vineg 20lt</b></a></h4>
        <p class="description">20 Lt</p>
        <p class="right price"><b>80.43 €</b></p>
        <p class="right unitPrice">4.03 € per litre</p>
    </div>
    <div class="contButton">
    <a class="button bgRed white addToCart" href="#">Add</a>
</div>
</div><div class="left product prod43"
        data-name="Knorr Purè 3 Buste Gr 225 O S"
        data-price="2.59"
        data-id="5462"
        data-available="yes"
        data-category="6586"
        data-bestselling="">
    <a href="../knorr-pure-3-buste-gr-225-o-s.html">
        <div style="background-image: url('../../cdn.spesati.com/images/products/missing-image/missing-image.jpg')">
            <div class="hover"></div>
            
            <div class="stickers"></div>
        </div>
    </a>
    <div>
        <h4><a href="../knorr-pure-3-buste-gr-225-o-s.html"><b>Knorr Purè 3 Buste Gr 225 O S</b></a></h4>
        <p class="description">0.23 Kg</p>
        <p class="right price"><b>2.59 €</b></p>
        <p class="right unitPrice">11.52 € per kg</p>
    </div>
    <div class="contButton">
    <a class="button bgRed white addToCart" href="#">Add</a>
</div>
</div><div class="left product prod44"
        data-name="Condimento Satay 50gr"
        data-price="2.54"
        data-id="25342"
        data-available="yes"
        data-category="422"
        data-bestselling="">
    <a href="../condimento-satay-50gr.html">
        <div style="background-image: url('../../cdn.spesati.com/images/products/missing-image/missing-image.jpg')">
            <div class="hover"></div>
            
            <div class="stickers"></div>
        </div>
    </a>
    <div>
        <h4><a href="../condimento-satay-50gr.html"><b>Condimento Satay 50gr</b></a></h4>
        <p class="description">0.05 Kg</p>
        <p class="right price"><b>2.54 €</b></p>
        <p class="right unitPrice">50.82 € per kg</p>
    </div>
    <div class="contButton">
    <a class="button bgRed white addToCart" href="#">Add</a>
</div>
</div><div class="left product prod45"
        data-name="Gourmet Granulare Greci 750gr"
        data-price="19.08"
        data-id="26273"
        data-available="yes"
        data-category="422"
        data-bestselling="">
    <a href="../gourmet-granulare-greci-750gr.html">
        <div style="background-image: url('../../cdn.spesati.com/images/products/missing-image/missing-image.jpg')">
            <div class="hover"></div>
            
            <div class="stickers"></div>
        </div>
    </a>
    <div>
        <h4><a href="../gourmet-granulare-greci-750gr.html"><b>Gourmet Granulare Greci 750gr</b></a></h4>
        <p class="description">0.75 Kg</p>
        <p class="right price"><b>19.08 €</b></p>
        <p class="right unitPrice">25.43 € per kg</p>
    </div>
    <div class="contButton">
    <a class="button bgRed white addToCart" href="#">Add</a>
</div>
</div><div class="left product prod46"
        data-name="Pure' Fanni Gr 850 Fiocco"
        data-price="10.49"
        data-id="26347"
        data-available="yes"
        data-category="6586"
        data-bestselling="">
    <a href="../pure-fanni-gr-850-fiocco.html">
        <div style="background-image: url('../../cdn.spesati.com/images/products/missing-image/missing-image.jpg')">
            <div class="hover"></div>
            
            <div class="stickers"></div>
        </div>
    </a>
    <div>
        <h4><a href="../pure-fanni-gr-850-fiocco.html"><b>Pure' Fanni Gr 850 Fiocco</b></a></h4>
        <p class="description">0.85 Kg</p>
        <p class="right price"><b>10.49 €</b></p>
        <p class="right unitPrice">12.34 € per kg</p>
    </div>
    <div class="contButton">
    <a class="button bgRed white addToCart" href="#">Add</a>
</div>
</div><div class="left product prod47"
        data-name="Salsa Chili 730 Ml"
        data-price="5.56"
        data-id="26495"
        data-available="yes"
        data-category="422"
        data-bestselling="">
    <a href="../salsa-chili-730-ml.html">
        <div style="background-image: url('../../cdn.spesati.com/images/products/missing-image/missing-image.jpg')">
            <div class="hover"></div>
            
            <div class="stickers"></div>
        </div>
    </a>
    <div>
        <h4><a href="../salsa-chili-730-ml.html"><b>Salsa Chili 730 Ml</b></a></h4>
        <p class="description">0.73 Kg</p>
        <p class="right price"><b>5.56 €</b></p>
        <p class="right unitPrice">7.61 € per kg</p>
    </div>
    <div class="contButton">
    <a class="button bgRed white addToCart" href="#">Add</a>
</div>
</div><div class="left product prod48"
        data-name="Salsa Soia 610 Ml"
        data-price="3.65"
        data-id="26496"
        data-available="yes"
        data-category="422"
        data-bestselling="">
    <a href="../salsa-soia-610-ml.html">
        <div style="background-image: url('../../cdn.spesati.com/images/products/missing-image/missing-image.jpg')">
            <div class="hover"></div>
            
            <div class="stickers"></div>
        </div>
    </a>
    <div>
        <h4><a href="../salsa-soia-610-ml.html"><b>Salsa Soia 610 Ml</b></a></h4>
        <p class="description">0.61 Kg</p>
        <p class="right price"><b>3.65 €</b></p>
        <p class="right unitPrice">5.98 € per kg</p>
    </div>
    <div class="contButton">
    <a class="button bgRed white addToCart" href="#">Add</a>
</div>
</div><div class="left product prod49"
        data-name="Salsa Teriyaki 168ml"
        data-price="4.45"
        data-id="26497"
        data-available="yes"
        data-category="422"
        data-bestselling="">
    <a href="../salsa-teriyaki-168ml.html">
        <div style="background-image: url('../../cdn.spesati.com/images/products/missing-image/missing-image.jpg')">
            <div class="hover"></div>
            
            <div class="stickers"></div>
        </div>
    </a>
    <div>
        <h4><a href="../salsa-teriyaki-168ml.html"><b>Salsa Teriyaki 168ml</b></a></h4>
        <p class="description">0.17 Kg</p>
        <p class="right price"><b>4.45 €</b></p>
        <p class="right unitPrice">26.47 € per kg</p>
    </div>
    <div class="contButton">
    <a class="button bgRed white addToCart" href="#">Add</a>
</div>
</div><div class="left product prod50"
        data-name="Pane Crumbs 1kg"
        data-price="11.90"
        data-id="26498"
        data-available="yes"
        data-category="422"
        data-bestselling="">
    <a href="../pane-crumbs-1kg.html">
        <div style="background-image: url('../../cdn.spesati.com/images/products/missing-image/missing-image.jpg')">
            <div class="hover"></div>
            
            <div class="stickers"></div>
        </div>
    </a>
    <div>
        <h4><a href="../pane-crumbs-1kg.html"><b>Pane Crumbs 1kg</b></a></h4>
        <p class="description">1 Kg</p>
        <p class="right price"><b>11.90 €</b></p>
        <p class="right unitPrice">11.90 € per kg</p>
    </div>
    <div class="contButton">
    <a class="button bgRed white addToCart" href="#">Add</a>
</div>
</div><div class="left product prod51"
        data-name="Frittura Mix Tempura 1kg"
        data-price="2.69"
        data-id="26499"
        data-available="yes"
        data-category="422"
        data-bestselling="">
    <a href="../frittura-mix-tempura-1kg.html">
        <div style="background-image: url('../../cdn.spesati.com/images/products/missing-image/missing-image.jpg')">
            <div class="hover"></div>
            
            <div class="stickers"></div>
        </div>
    </a>
    <div>
        <h4><a href="../frittura-mix-tempura-1kg.html"><b>Frittura Mix Tempura 1kg</b></a></h4>
        <p class="description">1 Kg</p>
        <p class="right price"><b>2.69 €</b></p>
        <p class="right unitPrice">2.70 € per kg</p>
    </div>
    <div class="contButton">
    <a class="button bgRed white addToCart" href="#">Add</a>
</div>
</div><div class="left product prod52"
        data-name="Pasta Pronta Pollo Limone 60gr"
        data-price="2.54"
        data-id="26501"
        data-available="yes"
        data-category="422"
        data-bestselling="">
    <a href="../pasta-pronta-pollo-limone-60gr.html">
        <div style="background-image: url('../../cdn.spesati.com/images/products/missing-image/missing-image.jpg')">
            <div class="hover"></div>
            
            <div class="stickers"></div>
        </div>
    </a>
    <div>
        <h4><a href="../pasta-pronta-pollo-limone-60gr.html"><b>Pasta Pronta Pollo Limone 60gr</b></a></h4>
        <p class="description">0.06 Kg</p>
        <p class="right price"><b>2.54 €</b></p>
        <p class="right unitPrice">42.35 € per kg</p>
    </div>
    <div class="contButton">
    <a class="button bgRed white addToCart" href="#">Add</a>
</div>
</div><div class="left product prod53"
        data-name="Pasta Miso 400 Gr"
        data-price="4.29"
        data-id="26504"
        data-available="yes"
        data-category="422"
        data-bestselling="">
    <a href="../pasta-miso-400-gr.html">
        <div style="background-image: url('../../cdn.spesati.com/images/products/missing-image/missing-image.jpg')">
            <div class="hover"></div>
            
            <div class="stickers"></div>
        </div>
    </a>
    <div>
        <h4><a href="../pasta-miso-400-gr.html"><b>Pasta Miso 400 Gr</b></a></h4>
        <p class="description">0.4 Kg</p>
        <p class="right price"><b>4.29 €</b></p>
        <p class="right unitPrice">10.73 € per kg</p>
    </div>
    <div class="contButton">
    <a class="button bgRed white addToCart" href="#">Add</a>
</div>
</div><div class="left product prod54"
        data-name="Pasta Pronta Pollo Curry 50gr"
        data-price="2.54"
        data-id="26505"
        data-available="yes"
        data-category="422"
        data-bestselling="">
    <a href="../pasta-pronta-pollo-curry-50gr.html">
        <div style="background-image: url('../../cdn.spesati.com/images/products/missing-image/missing-image.jpg')">
            <div class="hover"></div>
            
            <div class="stickers"></div>
        </div>
    </a>
    <div>
        <h4><a href="../pasta-pronta-pollo-curry-50gr.html"><b>Pasta Pronta Pollo Curry 50gr</b></a></h4>
        <p class="description">0.05 Kg</p>
        <p class="right price"><b>2.54 €</b></p>
        <p class="right unitPrice">50.82 € per kg</p>
    </div>
    <div class="contButton">
    <a class="button bgRed white addToCart" href="#">Add</a>
</div>
</div><div class="left product prod55"
        data-name="Alghe Sushi Nori Secche 140gr"
        data-price="20.24"
        data-id="26510"
        data-available="yes"
        data-category="422"
        data-bestselling="">
    <a href="../alghe-sushi-nori-secche-140gr.html">
        <div style="background-image: url('../../cdn.spesati.com/images/products/missing-image/missing-image.jpg')">
            <div class="hover"></div>
            
            <div class="stickers"></div>
        </div>
    </a>
    <div>
        <h4><a href="../alghe-sushi-nori-secche-140gr.html"><b>Alghe Sushi Nori Secche 140gr</b></a></h4>
        <p class="description">0.14 Kg</p>
        <p class="right price"><b>20.24 €</b></p>
        <p class="right unitPrice">144.57 € per kg</p>
    </div>
    <div class="contButton">
    <a class="button bgRed white addToCart" href="#">Add</a>
</div>
</div><div class="left product prod56"
        data-name="Alghe Wakame Secche 100gr"
        data-price="5.39"
        data-id="26511"
        data-available="yes"
        data-category="422"
        data-bestselling="">
    <a href="../alghe-wakame-secche-100gr.html">
        <div style="background-image: url('../../cdn.spesati.com/images/products/missing-image/missing-image.jpg')">
            <div class="hover"></div>
            
            <div class="stickers"></div>
        </div>
    </a>
    <div>
        <h4><a href="../alghe-wakame-secche-100gr.html"><b>Alghe Wakame Secche 100gr</b></a></h4>
        <p class="description">0.1 Kg</p>
        <p class="right price"><b>5.39 €</b></p>
        <p class="right unitPrice">53.92 € per kg</p>
    </div>
    <div class="contButton">
    <a class="button bgRed white addToCart" href="#">Add</a>
</div>
</div><div class="left product prod57"
        data-name="Salsa Soia 1l Pet"
        data-price="6.82"
        data-id="26513"
        data-available="yes"
        data-category="422"
        data-bestselling="">
    <a href="../salsa-soia-1l-pet.html">
        <div style="background-image: url('../../cdn.spesati.com/images/products/missing-image/missing-image.jpg')">
            <div class="hover"></div>
            
            <div class="stickers"></div>
        </div>
    </a>
    <div>
        <h4><a href="../salsa-soia-1l-pet.html"><b>Salsa Soia 1l Pet</b></a></h4>
        <p class="description">0.1 Kg</p>
        <p class="right price"><b>6.82 €</b></p>
        <p class="right unitPrice">6.82 € per kg</p>
    </div>
    <div class="contButton">
    <a class="button bgRed white addToCart" href="#">Add</a>
</div>
</div><div class="left product prod58"
        data-name="Brodo Delicato Greci 1 Kg"
        data-price="11.12"
        data-id="26550"
        data-available="yes"
        data-category="422"
        data-bestselling="">
    <a href="../brodo-delicato-greci-1-kg.html">
        <div style="background-image: url('../../cdn.spesati.com/images/products/missing-image/missing-image.jpg')">
            <div class="hover"></div>
            
            <div class="stickers"></div>
        </div>
    </a>
    <div>
        <h4><a href="../brodo-delicato-greci-1-kg.html"><b>Brodo Delicato Greci 1 Kg</b></a></h4>
        <p class="description">0.7 Kg</p>
        <p class="right price"><b>11.12 €</b></p>
        <p class="right unitPrice">15.90 € per kg</p>
    </div>
    <div class="contButton">
    <a class="button bgRed white addToCart" href="#">Add</a>
</div>
</div><div class="left product prod59"
        data-name="Yama Sushi Ginger Gari 1.5kg"
        data-price="5.16"
        data-id="26610"
        data-available="yes"
        data-category="422"
        data-bestselling="">
    <a href="../yama-sushi-ginger-gari-15kg.html">
        <div style="background-image: url('../../cdn.spesati.com/images/products/missing-image/missing-image.jpg')">
            <div class="hover"></div>
            
            <div class="stickers"></div>
        </div>
    </a>
    <div>
        <h4><a href="../yama-sushi-ginger-gari-15kg.html"><b>Yama Sushi Ginger Gari 1.5kg</b></a></h4>
        <p class="description">1.5 Kg</p>
        <p class="right price"><b>5.16 €</b></p>
        <p class="right unitPrice">3.44 € per kg</p>
    </div>
    <div class="contButton">
    <a class="button bgRed white addToCart" href="#">Add</a>
</div>
</div><div class="left product prod60"
        data-name="Alghe Wakame Essicate 200gr"
        data-price="6.98"
        data-id="26611"
        data-available="yes"
        data-category="422"
        data-bestselling="">
    <a href="../alghe-wakame-essicate-200gr.html">
        <div style="background-image: url('../../cdn.spesati.com/images/products/missing-image/missing-image.jpg')">
            <div class="hover"></div>
            
            <div class="stickers"></div>
        </div>
    </a>
    <div>
        <h4><a href="../alghe-wakame-essicate-200gr.html"><b>Alghe Wakame Essicate 200gr</b></a></h4>
        <p class="description">0.2 Kg</p>
        <p class="right price"><b>6.98 €</b></p>
        <p class="right unitPrice">34.90 € per kg</p>
    </div>
    <div class="contButton">
    <a class="button bgRed white addToCart" href="#">Add</a>
</div>
</div><div class="left product prod61"
        data-name="Alga Sushi Nori Kaitatuya 125g"
        data-price="15.31"
        data-id="26641"
        data-available="yes"
        data-category="422"
        data-bestselling="">
    <a href="../alga-sushi-nori-kaitatuya-125g.html">
        <div style="background-image: url('../../cdn.spesati.com/images/products/missing-image/missing-image.jpg')">
            <div class="hover"></div>
            
            <div class="stickers"></div>
        </div>
    </a>
    <div>
        <h4><a href="../alga-sushi-nori-kaitatuya-125g.html"><b>Alga Sushi Nori Kaitatuya 125g</b></a></h4>
        <p class="description">0.13 Kg</p>
        <p class="right price"><b>15.31 €</b></p>
        <p class="right unitPrice">122.49 € per kg</p>
    </div>
    <div class="contButton">
    <a class="button bgRed white addToCart" href="#">Add</a>
</div>
</div><div class="left product prod62"
        data-name="Happym Bread Crumbs Panko 10kg"
        data-price="63.41"
        data-id="26700"
        data-available="yes"
        data-category="422"
        data-bestselling="">
    <a href="../happym-bread-crumbs-panko-10kg.html">
        <div style="background-image: url('../../cdn.spesati.com/images/products/missing-image/missing-image.jpg')">
            <div class="hover"></div>
            
            <div class="stickers"></div>
        </div>
    </a>
    <div>
        <h4><a href="../happym-bread-crumbs-panko-10kg.html"><b>Happym Bread Crumbs Panko 10kg</b></a></h4>
        <p class="description">10 Kg</p>
        <p class="right price"><b>63.41 €</b></p>
        <p class="right unitPrice">6.34 € per kg</p>
    </div>
    <div class="contButton">
    <a class="button bgRed white addToCart" href="#">Add</a>
</div>
</div><div class="left product prod63"
        data-name="Mizkan Honteri Miril Styl 18lt"
        data-price="81.35"
        data-id="26701"
        data-available="yes"
        data-category="422"
        data-bestselling="">
    <a href="../mizkan-honteri-miril-styl-18lt.html">
        <div style="background-image: url('../../cdn.spesati.com/images/products/missing-image/missing-image.jpg')">
            <div class="hover"></div>
            
            <div class="stickers"></div>
        </div>
    </a>
    <div>
        <h4><a href="../mizkan-honteri-miril-styl-18lt.html"><b>Mizkan Honteri Miril Styl 18lt</b></a></h4>
        <p class="description">18 Lt</p>
        <p class="right price"><b>81.35 €</b></p>
        <p class="right unitPrice">4.52 € per litre</p>
    </div>
    <div class="contButton">
    <a class="button bgRed white addToCart" href="#">Add</a>
</div>
</div><div class="left product prod64"
        data-name="Ywasabi Biori In Polvere 1kg"
        data-price="11.13"
        data-id="26702"
        data-available="yes"
        data-category="422"
        data-bestselling="">
    <a href="../ywasabi-biori-in-polvere-1kg.html">
        <div style="background-image: url('../../cdn.spesati.com/images/products/missing-image/missing-image.jpg')">
            <div class="hover"></div>
            
            <div class="stickers"></div>
        </div>
    </a>
    <div>
        <h4><a href="../ywasabi-biori-in-polvere-1kg.html"><b>Ywasabi Biori In Polvere 1kg</b></a></h4>
        <p class="description">1 Lt</p>
        <p class="right price"><b>11.13 €</b></p>
        <p class="right unitPrice">11.13 € per litre</p>
    </div>
    <div class="contButton">
    <a class="button bgRed white addToCart" href="#">Add</a>
</div>
</div><div class="left product prod65"
        data-name="Alghe Suhi Nori Arrosto 125gr"
        data-price="17.27"
        data-id="26707"
        data-available="yes"
        data-category="422"
        data-bestselling="">
    <a href="../alghe-suhi-nori-arrosto-125gr.html">
        <div style="background-image: url('../../cdn.spesati.com/images/products/missing-image/missing-image.jpg')">
            <div class="hover"></div>
            
            <div class="stickers"></div>
        </div>
    </a>
    <div>
        <h4><a href="../alghe-suhi-nori-arrosto-125gr.html"><b>Alghe Suhi Nori Arrosto 125gr</b></a></h4>
        <p class="description">0.13 Kg</p>
        <p class="right price"><b>17.27 €</b></p>
        <p class="right unitPrice">138.13 € per kg</p>
    </div>
    <div class="contButton">
    <a class="button bgRed white addToCart" href="#">Add</a>
</div>
</div><div class="left product prod66"
        data-name="Mitake Sesamo Nero Tostato Kg1"
        data-price="18.41"
        data-id="26709"
        data-available="yes"
        data-category="422"
        data-bestselling="">
    <a href="../mitake-sesamo-nero-tostato-kg1.html">
        <div style="background-image: url('../../cdn.spesati.com/images/products/missing-image/missing-image.jpg')">
            <div class="hover"></div>
            
            <div class="stickers"></div>
        </div>
    </a>
    <div>
        <h4><a href="../mitake-sesamo-nero-tostato-kg1.html"><b>Mitake Sesamo Nero Tostato Kg1</b></a></h4>
        <p class="description">1 Kg</p>
        <p class="right price"><b>18.41 €</b></p>
        <p class="right unitPrice">18.40 € per kg</p>
    </div>
    <div class="contButton">
    <a class="button bgRed white addToCart" href="#">Add</a>
</div>
</div><div class="left product prod67"
        data-name="Biyori Tempurako 10kg"
        data-price="47.57"
        data-id="26812"
        data-available="yes"
        data-category="422"
        data-bestselling="">
    <a href="../biyori-tempurako-10kg.html">
        <div style="background-image: url('../../cdn.spesati.com/images/products/missing-image/missing-image.jpg')">
            <div class="hover"></div>
            
            <div class="stickers"></div>
        </div>
    </a>
    <div>
        <h4><a href="../biyori-tempurako-10kg.html"><b>Biyori Tempurako 10kg</b></a></h4>
        <p class="description">10 Kg</p>
        <p class="right price"><b>47.57 €</b></p>
        <p class="right unitPrice">4.75 € per kg</p>
    </div>
    <div class="contButton">
    <a class="button bgRed white addToCart" href="#">Add</a>
</div>
</div><div class="left product prod68"
        data-name="Fondo Bruno Greci 500gr"
        data-price="19.08"
        data-id="26834"
        data-available="yes"
        data-category="422"
        data-bestselling="">
    <a href="../fondo-bruno-greci-500gr.html">
        <div style="background-image: url('../../cdn.spesati.com/images/products/missing-image/missing-image.jpg')">
            <div class="hover"></div>
            
            <div class="stickers"></div>
        </div>
    </a>
    <div>
        <h4><a href="../fondo-bruno-greci-500gr.html"><b>Fondo Bruno Greci 500gr</b></a></h4>
        <p class="description">0.5 Kg</p>
        <p class="right price"><b>19.08 €</b></p>
        <p class="right unitPrice">38.16 € per kg</p>
    </div>
    <div class="contButton">
    <a class="button bgRed white addToCart" href="#">Add</a>
</div>
</div><div class="left product prod69"
        data-name="Noodles Turtle Ramen S-g 375gr"
        data-price="2.31"
        data-id="26903"
        data-available="yes"
        data-category="422"
        data-bestselling="">
    <a href="../noodles-turtle-ramen-s-g-375gr.html">
        <div style="background-image: url('../../cdn.spesati.com/images/products/missing-image/missing-image.jpg')">
            <div class="hover"></div>
            
            <div class="stickers"></div>
        </div>
    </a>
    <div>
        <h4><a href="../noodles-turtle-ramen-s-g-375gr.html"><b>Noodles Turtle Ramen S-g 375gr</b></a></h4>
        <p class="description">0.38 Kg</p>
        <p class="right price"><b>2.31 €</b></p>
        <p class="right unitPrice">6.16 € per kg</p>
    </div>
    <div class="contButton">
    <a class="button bgRed white addToCart" href="#">Add</a>
</div>
</div><div class="left product prod70"
        data-name="Noodles A+hosan Soba 300gr"
        data-price="3.56"
        data-id="26905"
        data-available="yes"
        data-category="422"
        data-bestselling="">
    <a href="../noodles-ahosan-soba-300gr.html">
        <div style="background-image: url('../../cdn.spesati.com/images/products/missing-image/missing-image.jpg')">
            <div class="hover"></div>
            
            <div class="stickers"></div>
        </div>
    </a>
    <div>
        <h4><a href="../noodles-ahosan-soba-300gr.html"><b>Noodles A+hosan Soba 300gr</b></a></h4>
        <p class="description">0.3 Kg</p>
        <p class="right price"><b>3.56 €</b></p>
        <p class="right unitPrice">11.88 € per kg</p>
    </div>
    <div class="contButton">
    <a class="button bgRed white addToCart" href="#">Add</a>
</div>
</div><div class="left product prod71"
        data-name="Mori-nu Silken Tofu 349gr"
        data-price="2.86"
        data-id="26909"
        data-available="yes"
        data-category="422"
        data-bestselling="">
    <a href="../mori-nu-silken-tofu-349gr.html">
        <div style="background-image: url('../../cdn.spesati.com/images/products/missing-image/missing-image.jpg')">
            <div class="hover"></div>
            
            <div class="stickers"></div>
        </div>
    </a>
    <div>
        <h4><a href="../mori-nu-silken-tofu-349gr.html"><b>Mori-nu Silken Tofu 349gr</b></a></h4>
        <p class="description">0.35 Lt</p>
        <p class="right price"><b>2.86 €</b></p>
        <p class="right unitPrice">8.20 € per litre</p>
    </div>
    <div class="contButton">
    <a class="button bgRed white addToCart" href="#">Add</a>
</div>
</div><div class="left product prod72"
        data-name="Noodles Stick 250gr"
        data-price="3.17"
        data-id="26912"
        data-available="yes"
        data-category="422"
        data-bestselling="">
    <a href="../noodles-stick-250gr.html">
        <div style="background-image: url('../../cdn.spesati.com/images/products/missing-image/missing-image.jpg')">
            <div class="hover"></div>
            
            <div class="stickers"></div>
        </div>
    </a>
    <div>
        <h4><a href="../noodles-stick-250gr.html"><b>Noodles Stick 250gr</b></a></h4>
        <p class="description">0.25 Kg</p>
        <p class="right price"><b>3.17 €</b></p>
        <p class="right unitPrice">12.69 € per kg</p>
    </div>
    <div class="contButton">
    <a class="button bgRed white addToCart" href="#">Add</a>
</div>
</div><div class="left product prod73"
        data-name="Salsa Shiracha Peperonc 730ml"
        data-price="8.25"
        data-id="26913"
        data-available="yes"
        data-category="422"
        data-bestselling="">
    <a href="../salsa-shiracha-peperonc-730ml.html">
        <div style="background-image: url('../../cdn.spesati.com/images/products/missing-image/missing-image.jpg')">
            <div class="hover"></div>
            
            <div class="stickers"></div>
        </div>
    </a>
    <div>
        <h4><a href="../salsa-shiracha-peperonc-730ml.html"><b>Salsa Shiracha Peperonc 730ml</b></a></h4>
        <p class="description">0.73 Lt</p>
        <p class="right price"><b>8.25 €</b></p>
        <p class="right unitPrice">11.30 € per litre</p>
    </div>
    <div class="contButton">
    <a class="button bgRed white addToCart" href="#">Add</a>
</div>
</div><div class="left product prod74"
        data-name="Salsa Mitsukan Ponzu Cit 1.8lt"
        data-price="18.64"
        data-id="26917"
        data-available="yes"
        data-category="422"
        data-bestselling="">
    <a href="../salsa-mitsukan-ponzu-cit-18lt.html">
        <div style="background-image: url('../../cdn.spesati.com/images/products/missing-image/missing-image.jpg')">
            <div class="hover"></div>
            
            <div class="stickers"></div>
        </div>
    </a>
    <div>
        <h4><a href="../salsa-mitsukan-ponzu-cit-18lt.html"><b>Salsa Mitsukan Ponzu Cit 1.8lt</b></a></h4>
        <p class="description">1.8 Lt</p>
        <p class="right price"><b>18.64 €</b></p>
        <p class="right unitPrice">10.35 € per litre</p>
    </div>
    <div class="contButton">
    <a class="button bgRed white addToCart" href="#">Add</a>
</div>
</div><div class="left product prod75"
        data-name="Salsa Otafoku Yakisoba 500gr"
        data-price="6.60"
        data-id="26921"
        data-available="yes"
        data-category="422"
        data-bestselling="">
    <a href="../salsa-otafoku-yakisoba-500gr.html">
        <div style="background-image: url('../../cdn.spesati.com/images/products/missing-image/missing-image.jpg')">
            <div class="hover"></div>
            
            <div class="stickers"></div>
        </div>
    </a>
    <div>
        <h4><a href="../salsa-otafoku-yakisoba-500gr.html"><b>Salsa Otafoku Yakisoba 500gr</b></a></h4>
        <p class="description">0.5 Kg</p>
        <p class="right price"><b>6.60 €</b></p>
        <p class="right unitPrice">13.20 € per kg</p>
    </div>
    <div class="contButton">
    <a class="button bgRed white addToCart" href="#">Add</a>
</div>
</div><div class="left product prod76"
        data-name="Crema Di Sesamo Tahini 600gr"
        data-price="11.81"
        data-id="26923"
        data-available="yes"
        data-category="422"
        data-bestselling="">
    <a href="../crema-di-sesamo-tahini-600gr.html">
        <div style="background-image: url('../../cdn.spesati.com/images/products/missing-image/missing-image.jpg')">
            <div class="hover"></div>
            
            <div class="stickers"></div>
        </div>
    </a>
    <div>
        <h4><a href="../crema-di-sesamo-tahini-600gr.html"><b>Crema Di Sesamo Tahini 600gr</b></a></h4>
        <p class="description">0.6 Kg</p>
        <p class="right price"><b>11.81 €</b></p>
        <p class="right unitPrice">19.69 € per kg</p>
    </div>
    <div class="contButton">
    <a class="button bgRed white addToCart" href="#">Add</a>
</div>
</div><div class="left product prod77"
        data-name="Pasta Aroy-d Stick 454r"
        data-price="2.82"
        data-id="26924"
        data-available="yes"
        data-category="422"
        data-bestselling="">
    <a href="../pasta-aroy-d-stick-454r.html">
        <div style="background-image: url('../../cdn.spesati.com/images/products/missing-image/missing-image.jpg')">
            <div class="hover"></div>
            
            <div class="stickers"></div>
        </div>
    </a>
    <div>
        <h4><a href="../pasta-aroy-d-stick-454r.html"><b>Pasta Aroy-d Stick 454r</b></a></h4>
        <p class="description">0.45 Kg</p>
        <p class="right price"><b>2.82 €</b></p>
        <p class="right unitPrice">6.20 € per kg</p>
    </div>
    <div class="contButton">
    <a class="button bgRed white addToCart" href="#">Add</a>
</div>
</div><div class="left product prod78"
        data-name="Salsa Soia Kikkoman S-g 1lt"
        data-price="9.52"
        data-id="26934"
        data-available="yes"
        data-category="422"
        data-bestselling="">
    <a href="../salsa-soia-kikkoman-s-g-1lt.html">
        <div style="background-image: url('../../cdn.spesati.com/images/products/missing-image/missing-image.jpg')">
            <div class="hover"></div>
            
            <div class="stickers"></div>
        </div>
    </a>
    <div>
        <h4><a href="../salsa-soia-kikkoman-s-g-1lt.html"><b>Salsa Soia Kikkoman S-g 1lt</b></a></h4>
        <p class="description">1 Lt</p>
        <p class="right price"><b>9.52 €</b></p>
        <p class="right unitPrice">9.52 € per litre</p>
    </div>
    <div class="contButton">
    <a class="button bgRed white addToCart" href="#">Add</a>
</div>
</div><div class="left product prod79"
        data-name="Barilla Cereali Quinoa"
        data-price="3.95"
        data-id="4073"
        data-available="no"
        data-category="6259"
        data-bestselling="">
    <a href="../barilla-cereali-quinoa.html">
        <div style="background-image: url('../../cdn.spesati.com/images/products/8090702/barilla-cereali-quinoa-01.jpg')">
            <div class="hover"></div>
            
            <div class="stickers"></div>
        </div>
    </a>
    <div>
        <h4><a href="../barilla-cereali-quinoa.html"><b>Barilla Cereali Quinoa</b></a></h4>
        <p class="description">0.32 Kg</p>
        <p class="right price"><b>3.95 €</b></p>
        <p class="right unitPrice">12.34 € per kg</p>
    </div>
    <div class="notAvailable">
    <a class="button bgDarkGrey white" href="../barilla-cereali-quinoa.html">Not available</a>
</div>
</div><div class="left product prod80"
        data-name="Mistarrosto senza sale d&a"
        data-price="4.84"
        data-id="5138"
        data-available="no"
        data-category="422"
        data-bestselling="">
    <a href="../mistarrosto-senza-sale-da.html">
        <div style="background-image: url('../../cdn.spesati.com/images/products/108614/mistarrosto-senza-sale-01.jpg')">
            <div class="hover"></div>
            
            <div class="stickers"></div>
        </div>
    </a>
    <div>
        <h4><a href="../mistarrosto-senza-sale-da.html"><b>Mistarrosto senza sale d&a</b></a></h4>
        <p class="description">0.23 Kg</p>
        <p class="right price"><b>4.84 €</b></p>
        <p class="right unitPrice">16.15 € per kg</p>
    </div>
    <div class="notAvailable">
    <a class="button bgDarkGrey white" href="../mistarrosto-senza-sale-da.html">Not available</a>
</div>
</div><div class="left product prod81"
        data-name="Cuor D Brod Knor Veget Bas Sal"
        data-price="1.69"
        data-id="26831"
        data-available="no"
        data-category="422"
        data-bestselling="">
    <a href="../cuor-d-brod-knor-veget-bas-sal.html">
        <div style="background-image: url('../../cdn.spesati.com/images/products/000118993/knorr-cuore-di-brodo-vegetale-25-di-sale-4-x-28-g-01.png')">
            <div class="hover"></div>
            
            <div class="stickers"></div>
        </div>
    </a>
    <div>
        <h4><a href="../cuor-d-brod-knor-veget-bas-sal.html"><b>Cuor D Brod Knor Veget Bas Sal</b></a></h4>
        <p class="description">Knorr Cuore di Brodo Vegetale -25% di Sale ** 4 x 28 g</p>
        <p class="right price"><b>1.69 €</b></p>
        <p class="right unitPrice">15.08 € per kg</p>
    </div>
    <div class="notAvailable">
    <a class="button bgDarkGrey white" href="../cuor-d-brod-knor-veget-bas-sal.html">Not available</a>
</div>
</div><div class="left product prod82"
        data-name="Cuor Di Brod Knor Manz Bas Sal"
        data-price="1.69"
        data-id="26830"
        data-available="no"
        data-category="422"
        data-bestselling="">
    <a href="../cuor-di-brod-knor-manz-bas-sal.html">
        <div style="background-image: url('../../cdn.spesati.com/images/products/000118992/knorr-cuore-di-brodo-manzo-25-di-sale-4-x-28-g-01.png')">
            <div class="hover"></div>
            
            <div class="stickers"></div>
        </div>
    </a>
    <div>
        <h4><a href="../cuor-di-brod-knor-manz-bas-sal.html"><b>Cuor Di Brod Knor Manz Bas Sal</b></a></h4>
        <p class="description">Knorr Cuore di Brodo Manzo -25% di Sale ** 4 x 28 g</p>
        <p class="right price"><b>1.69 €</b></p>
        <p class="right unitPrice">15.08 € per kg</p>
    </div>
    <div class="notAvailable">
    <a class="button bgDarkGrey white" href="../cuor-di-brod-knor-manz-bas-sal.html">Not available</a>
</div>
</div><div class="left product prod83"
        data-name="Knorr Cuore Di Brodo Delicato 112Gr"
        data-price="2.34"
        data-id="5766"
        data-available="no"
        data-category="422"
        data-bestselling="">
    <a href="../knorr-cuore-di-brodo-delicato-112gr.html">
        <div style="background-image: url('../../cdn.spesati.com/images/products/000118989/knorr-cuore-di-brodo-delicato-4-x-28-g-01.png')">
            <div class="hover"></div>
            
            <div class="stickers"></div>
        </div>
    </a>
    <div>
        <h4><a href="../knorr-cuore-di-brodo-delicato-112gr.html"><b>Knorr Cuore Di Brodo Delicato 112Gr</b></a></h4>
        <p class="description">Knorr Cuore di Brodo Delicato 4 x 28 g</p>
        <p class="right price"><b>2.34 €</b></p>
        <p class="right unitPrice">20.93 € per kg</p>
    </div>
    <div class="notAvailable">
    <a class="button bgDarkGrey white" href="../knorr-cuore-di-brodo-delicato-112gr.html">Not available</a>
</div>
</div><div class="left product prod84"
        data-name="Brodo Knorr Orto Granul Gr1150"
        data-price="23.83"
        data-id="26552"
        data-available="no"
        data-category="422"
        data-bestselling="">
    <a href="../brodo-knorr-orto-granul-gr1150.html">
        <div style="background-image: url('../../cdn.spesati.com/images/products/000117154/knorr-chefs-brodo-dellorto-granulare-115-kg-01.png')">
            <div class="hover"></div>
            
            <div class="stickers"></div>
        </div>
    </a>
    <div>
        <h4><a href="../brodo-knorr-orto-granul-gr1150.html"><b>Brodo Knorr Orto Granul Gr1150</b></a></h4>
        <p class="description">Knorr Chef's Brodo dell'Orto Granulare 1,15 kg</p>
        <p class="right price"><b>23.83 €</b></p>
        <p class="right unitPrice">20.72 € per kg</p>
    </div>
    <div class="notAvailable">
    <a class="button bgDarkGrey white" href="../brodo-knorr-orto-granul-gr1150.html">Not available</a>
</div>
</div><div class="left product prod85"
        data-name="Knorr Dadi Classici"
        data-price="1.49"
        data-id="2889"
        data-available="no"
        data-category="422"
        data-bestselling="5">
    <a href="../knorr-dadi-classici.html">
        <div style="background-image: url('../../cdn.spesati.com/images/products/000117085/knorr-dado-classico-10-dadi-100-g-01.png')">
            <div class="hover"></div>
            <p class="arrow bgRed white">Best Seller</p>
            <div class="stickers"></div>
        </div>
    </a>
    <div>
        <h4><a href="../knorr-dadi-classici.html"><b>Knorr Dadi Classici</b></a></h4>
        <p class="description">Knorr Dado Classico 10 Dadi 100 g</p>
        <p class="right price"><b>1.49 €</b></p>
        <p class="right unitPrice">0.15 € per piece</p>
    </div>
    <div class="notAvailable">
    <a class="button bgDarkGrey white" href="../knorr-dadi-classici.html">Not available</a>
</div>
</div><div class="left product prod86"
        data-name="Pasta Pronta Tikka Masala 50gr"
        data-price="2.54"
        data-id="26506"
        data-available="no"
        data-category="422"
        data-bestselling="">
    <a href="../pasta-pronta-tikka-masala-50gr.html">
        <div style="background-image: url('../../cdn.spesati.com/images/products/000116901/asian-home-gourmet-spice-paste-for-indian-tikka-masala-50-g-01.png')">
            <div class="hover"></div>
            
            <div class="stickers"></div>
        </div>
    </a>
    <div>
        <h4><a href="../pasta-pronta-tikka-masala-50gr.html"><b>Pasta Pronta Tikka Masala 50gr</b></a></h4>
        <p class="description">Asian Home Gourmet Spice Paste for Indian Tikka Masala 50 g</p>
        <p class="right price"><b>2.54 €</b></p>
        <p class="right unitPrice">50.82 € per kg</p>
    </div>
    <div class="notAvailable">
    <a class="button bgDarkGrey white" href="../pasta-pronta-tikka-masala-50gr.html">Not available</a>
</div>
</div><div class="left product prod87"
        data-name="Fond Brun S/glu Gran Knorr 500"
        data-price="20.02"
        data-id="61434"
        data-available="no"
        data-category="422"
        data-bestselling="">
    <a href="../fond-brun-sglu-gran-knorr-500.html">
        <div style="background-image: url('../../cdn.spesati.com/images/products/000113102/knorr-professional-fondo-bruno-legato-granulare-500-g-01.png')">
            <div class="hover"></div>
            
            <div class="stickers"></div>
        </div>
    </a>
    <div>
        <h4><a href="../fond-brun-sglu-gran-knorr-500.html"><b>Fond Brun S/glu Gran Knorr 500</b></a></h4>
        <p class="description">Knorr Professional Fondo Bruno Legato Granulare 500 g</p>
        <p class="right price"><b>20.02 €</b></p>
        <p class="right unitPrice">40.04 € per kg</p>
    </div>
    <div class="notAvailable">
    <a class="button bgDarkGrey white" href="../fond-brun-sglu-gran-knorr-500.html">Not available</a>
</div>
</div><div class="left product prod88"
        data-name="Panko Kikkoman 227gr"
        data-price="5.75"
        data-id="83705"
        data-available="no"
        data-category="422"
        data-bestselling="">
    <a href="../panko-kikkoman-227gr.html">
        <div style="background-image: url('../../cdn.spesati.com/images/products/missing-image/missing-image.jpg')">
            <div class="hover"></div>
            
            <div class="stickers"></div>
        </div>
    </a>
    <div>
        <h4><a href="../panko-kikkoman-227gr.html"><b>Panko Kikkoman 227gr</b></a></h4>
        <p class="description">0.23 Kg</p>
        <p class="right price"><b>5.75 €</b></p>
        <p class="right unitPrice">25.00 € per kg</p>
    </div>
    <div class="notAvailable">
    <a class="button bgDarkGrey white" href="../panko-kikkoman-227gr.html">Not available</a>
</div>
</div><div class="left product prod89"
        data-name="Pasta Pronta Thai 50gr"
        data-price="2.54"
        data-id="26502"
        data-available="no"
        data-category="422"
        data-bestselling="">
    <a href="../pasta-pronta-thai-50gr.html">
        <div style="background-image: url('../../cdn.spesati.com/images/products/missing-image/missing-image.jpg')">
            <div class="hover"></div>
            
            <div class="stickers"></div>
        </div>
    </a>
    <div>
        <h4><a href="../pasta-pronta-thai-50gr.html"><b>Pasta Pronta Thai 50gr</b></a></h4>
        <p class="description">0.05 Kg</p>
        <p class="right price"><b>2.54 €</b></p>
        <p class="right unitPrice">50.82 € per kg</p>
    </div>
    <div class="notAvailable">
    <a class="button bgDarkGrey white" href="../pasta-pronta-thai-50gr.html">Not available</a>
</div>
</div><div class="left product prod90"
        data-name="Pasta Wasabi Tubo 43gr"
        data-price="2.15"
        data-id="26508"
        data-available="no"
        data-category="422"
        data-bestselling="">
    <a href="../pasta-wasabi-tubo-43gr.html">
        <div style="background-image: url('../../cdn.spesati.com/images/products/missing-image/missing-image.jpg')">
            <div class="hover"></div>
            
            <div class="stickers"></div>
        </div>
    </a>
    <div>
        <h4><a href="../pasta-wasabi-tubo-43gr.html"><b>Pasta Wasabi Tubo 43gr</b></a></h4>
        <p class="description">0.04 Kg</p>
        <p class="right price"><b>2.15 €</b></p>
        <p class="right unitPrice">50.12 € per kg</p>
    </div>
    <div class="notAvailable">
    <a class="button bgDarkGrey white" href="../pasta-wasabi-tubo-43gr.html">Not available</a>
</div>
</div><div class="left product prod91"
        data-name="Salsa Di Soia Thailandia Lt2"
        data-price="11.91"
        data-id="26527"
        data-available="no"
        data-category="422"
        data-bestselling="">
    <a href="../salsa-di-soia-thailandia-lt2.html">
        <div style="background-image: url('../../cdn.spesati.com/images/products/missing-image/missing-image.jpg')">
            <div class="hover"></div>
            
            <div class="stickers"></div>
        </div>
    </a>
    <div>
        <h4><a href="../salsa-di-soia-thailandia-lt2.html"><b>Salsa Di Soia Thailandia Lt2</b></a></h4>
        <p class="description">2 Lt</p>
        <p class="right price"><b>11.91 €</b></p>
        <p class="right unitPrice">5.95 € per litre</p>
    </div>
    <div class="notAvailable">
    <a class="button bgDarkGrey white" href="../salsa-di-soia-thailandia-lt2.html">Not available</a>
</div>
</div><div class="left product prod92"
        data-name="Wasabi Polvere Latta 30gr"
        data-price="2.70"
        data-id="26902"
        data-available="no"
        data-category="422"
        data-bestselling="">
    <a href="../wasabi-polvere-latta-30gr.html">
        <div style="background-image: url('../../cdn.spesati.com/images/products/missing-image/missing-image.jpg')">
            <div class="hover"></div>
            
            <div class="stickers"></div>
        </div>
    </a>
    <div>
        <h4><a href="../wasabi-polvere-latta-30gr.html"><b>Wasabi Polvere Latta 30gr</b></a></h4>
        <p class="description">0.03 Kg</p>
        <p class="right price"><b>2.70 €</b></p>
        <p class="right unitPrice">89.87 € per kg</p>
    </div>
    <div class="notAvailable">
    <a class="button bgDarkGrey white" href="../wasabi-polvere-latta-30gr.html">Not available</a>
</div>
</div><div class="left product prod93"
        data-name="Biscotti Della Fortuna 275pz"
        data-price="36.30"
        data-id="26906"
        data-available="no"
        data-category="422"
        data-bestselling="">
    <a href="../biscotti-della-fortuna-275pz.html">
        <div style="background-image: url('../../cdn.spesati.com/images/products/missing-image/missing-image.jpg')">
            <div class="hover"></div>
            
            <div class="stickers"></div>
        </div>
    </a>
    <div>
        <h4><a href="../biscotti-della-fortuna-275pz.html"><b>Biscotti Della Fortuna 275pz</b></a></h4>
        <p class="description">2 Kg</p>
        <p class="right price"><b>36.30 €</b></p>
        <p class="right unitPrice">18.15 € per kg</p>
    </div>
    <div class="notAvailable">
    <a class="button bgDarkGrey white" href="../biscotti-della-fortuna-275pz.html">Not available</a>
</div>
</div><div class="left product prod94"
        data-name="Pasta Al Peperoncino 500gr"
        data-price="8.58"
        data-id="26914"
        data-available="no"
        data-category="422"
        data-bestselling="">
    <a href="../pasta-al-peperoncino-500gr.html">
        <div style="background-image: url('../../cdn.spesati.com/images/products/missing-image/missing-image.jpg')">
            <div class="hover"></div>
            
            <div class="stickers"></div>
        </div>
    </a>
    <div>
        <h4><a href="../pasta-al-peperoncino-500gr.html"><b>Pasta Al Peperoncino 500gr</b></a></h4>
        <p class="description">0.5 Kg</p>
        <p class="right price"><b>8.58 €</b></p>
        <p class="right unitPrice">17.16 € per kg</p>
    </div>
    <div class="notAvailable">
    <a class="button bgDarkGrey white" href="../pasta-al-peperoncino-500gr.html">Not available</a>
</div>
</div><div class="left product prod95"
        data-name="Radish Stripes Saled Red 200gr"
        data-price="2.92"
        data-id="26915"
        data-available="no"
        data-category="422"
        data-bestselling="">
    <a href="../radish-stripes-saled-red-200gr.html">
        <div style="background-image: url('../../cdn.spesati.com/images/products/missing-image/missing-image.jpg')">
            <div class="hover"></div>
            
            <div class="stickers"></div>
        </div>
    </a>
    <div>
        <h4><a href="../radish-stripes-saled-red-200gr.html"><b>Radish Stripes Saled Red 200gr</b></a></h4>
        <p class="description">0.2 Kg</p>
        <p class="right price"><b>2.92 €</b></p>
        <p class="right unitPrice">14.59 € per kg</p>
    </div>
    <div class="notAvailable">
    <a class="button bgDarkGrey white" href="../radish-stripes-saled-red-200gr.html">Not available</a>
</div>
</div><div class="left product prod96"
        data-name="Pasta Yuzu Citrus 43gr"
        data-price="2.67"
        data-id="26916"
        data-available="no"
        data-category="422"
        data-bestselling="">
    <a href="../pasta-yuzu-citrus-43gr.html">
        <div style="background-image: url('../../cdn.spesati.com/images/products/missing-image/missing-image.jpg')">
            <div class="hover"></div>
            
            <div class="stickers"></div>
        </div>
    </a>
    <div>
        <h4><a href="../pasta-yuzu-citrus-43gr.html"><b>Pasta Yuzu Citrus 43gr</b></a></h4>
        <p class="description">0.04 Kg</p>
        <p class="right price"><b>2.67 €</b></p>
        <p class="right unitPrice">62.13 € per kg</p>
    </div>
    <div class="notAvailable">
    <a class="button bgDarkGrey white" href="../pasta-yuzu-citrus-43gr.html">Not available</a>
</div>
</div><div class="left product prod97"
        data-name="Samlip Udon W-o Single 200gr"
        data-price="1.18"
        data-id="26918"
        data-available="no"
        data-category="422"
        data-bestselling="">
    <a href="../samlip-udon-w-o-single-200gr.html">
        <div style="background-image: url('../../cdn.spesati.com/images/products/missing-image/missing-image.jpg')">
            <div class="hover"></div>
            
            <div class="stickers"></div>
        </div>
    </a>
    <div>
        <h4><a href="../samlip-udon-w-o-single-200gr.html"><b>Samlip Udon W-o Single 200gr</b></a></h4>
        <p class="description">0.2 Kg</p>
        <p class="right price"><b>1.18 €</b></p>
        <p class="right unitPrice">5.93 € per kg</p>
    </div>
    <div class="notAvailable">
    <a class="button bgDarkGrey white" href="../samlip-udon-w-o-single-200gr.html">Not available</a>
</div>
</div><div class="left product prod98"
        data-name="Yamasa Men Tsuyu 1.8lt"
        data-price="21.94"
        data-id="26919"
        data-available="no"
        data-category="422"
        data-bestselling="">
    <a href="../yamasa-men-tsuyu-18lt.html">
        <div style="background-image: url('../../cdn.spesati.com/images/products/missing-image/missing-image.jpg')">
            <div class="hover"></div>
            
            <div class="stickers"></div>
        </div>
    </a>
    <div>
        <h4><a href="../yamasa-men-tsuyu-18lt.html"><b>Yamasa Men Tsuyu 1.8lt</b></a></h4>
        <p class="description">1.8 Lt</p>
        <p class="right price"><b>21.94 €</b></p>
        <p class="right unitPrice">12.19 € per litre</p>
    </div>
    <div class="notAvailable">
    <a class="button bgDarkGrey white" href="../yamasa-men-tsuyu-18lt.html">Not available</a>
</div>
</div><div class="left product prod99"
        data-name="Salsa Kewpie Al Semamo 1lt"
        data-price="17.80"
        data-id="26920"
        data-available="no"
        data-category="422"
        data-bestselling="">
    <a href="../salsa-kewpie-al-semamo-1lt.html">
        <div style="background-image: url('../../cdn.spesati.com/images/products/missing-image/missing-image.jpg')">
            <div class="hover"></div>
            
            <div class="stickers"></div>
        </div>
    </a>
    <div>
        <h4><a href="../salsa-kewpie-al-semamo-1lt.html"><b>Salsa Kewpie Al Semamo 1lt</b></a></h4>
        <p class="description">1 Lt</p>
        <p class="right price"><b>17.80 €</b></p>
        <p class="right unitPrice">17.80 € per litre</p>
    </div>
    <div class="notAvailable">
    <a class="button bgDarkGrey white" href="../salsa-kewpie-al-semamo-1lt.html">Not available</a>
</div>
</div><div class="left product prod100"
        data-name="Olio Lkk Di Sesamo Puro 207ml"
        data-price="5.25"
        data-id="26933"
        data-available="no"
        data-category="422"
        data-bestselling="">
    <a href="../olio-lkk-di-sesamo-puro-207ml.html">
        <div style="background-image: url('../../cdn.spesati.com/images/products/missing-image/missing-image.jpg')">
            <div class="hover"></div>
            
            <div class="stickers"></div>
        </div>
    </a>
    <div>
        <h4><a href="../olio-lkk-di-sesamo-puro-207ml.html"><b>Olio Lkk Di Sesamo Puro 207ml</b></a></h4>
        <p class="description">0.21 Lt</p>
        <p class="right price"><b>5.25 €</b></p>
        <p class="right unitPrice">25.34 € per litre</p>
    </div>
    <div class="notAvailable">
    <a class="button bgDarkGrey white" href="../olio-lkk-di-sesamo-puro-207ml.html">Not available</a>
</div>
</div>        </div>
    </div>
</section>
<div class="footer">
    <div class="bgDarkGrey"></div>
    <footer>
        <div class="left bgDarkGrey">
            <a id="logoFooter" href="../index.html" class="estDynamic">
                <img src="../../cdn.spesati.com/images/layout/logo-eng.png" alt="Spesati.com" />
                <h2 class="red">Grocery Delivery</h2>
            </a>
            <a class="button bgRed white mobile" href="tel:390707968318">Phone order</a>
            <a class="button bgRed white desktop" href="../news/2020-04-07/news-on-spesati-the-telephone-order-service-is-active.html">Phone order</a>
            <a class="button bgRed white" href="../cdn-cgi/l/email-protection.html#c1a8afa7ae81b2b1a4b2a0b5a8efa2aeac">Send mail</a>
            <div id="social">
                <a class="left" href="https://www.facebook.com/spesati/" rel="external" target="_blank">
                    <span class="facebook bgRed fa-stack fa-lg">
                        <i class="fa fa-facebook fa-stack-1x "></i>
                    </span>
                </a>
                <a class="right" href="https://twitter.com/spesati" rel="external" target="_blank">
                    <span class="twitter bgRed fa-stack fa-lg">
                        <i class="fa fa-twitter fa-stack-1x "></i>
                    </span>
                </a>
            </div>
            <p>Copyright 2024 Spesati.com </p>
            
                    <p>All rights reserved</p>
                    <p>SPESATI SRL</p>
                    <p>Corso Vittorio Veneto 15/I, 07026, Olbia</p>
                    <p>CF e P.Iva: 02772380909</p>
                        </div>
        <div class="center bgRed">
            <div class="top">
                <h3>Categories</h3>
                <div class="col">
                    <ul>
                        <li>
                            <a href="#" class="estDynamic">On sale</a>
                        </li>
                        <li>
                            <a href="../fruit-and-vegetables.html" class="estDynamic">Fruit and vegetables</a>
                        </li>
                        <li>
                            <a href="../fresh-products.html" class="estDynamic">Fresh products</a>
                        </li>
                        <li>
                            <a href="../frozen-foods.html" class="estDynamic">Frozen foods</a>
                        </li>
                        <li>
                            <a href="../bread-and-pasta.html" class="estDynamic">Bread and pasta</a>
                        </li>
                        <li>
                            <a href="../meat.html" class="estDynamic">Meat</a>
                        </li>
                        <li>
                            <a href="../fish.html" class="estDynamic">Fish</a>
                        </li>
                    </ul>
                </div>
                <div class="col">
                    <ul>
                        <li>
                            <a href="../wine-beer-and-spirits.html" class="estDynamic">Wine beer and spirits</a>
                        </li>
                        <li>
                            <a href="../water-and-drinks.html" class="estDynamic">Water and drinks</a>
                        </li>
                        <li>
                            <a href="../sweets.html" class="estDynamic">Sweets</a>
                        </li>
                        <li>
                            <a href="../shelf.html" class="estDynamic">Cupboard</a>
                        </li>
                        <li>
                            <a href="../personal-care.html" class="estDynamic">Personal care</a>
                        </li>
                        <li>
                            <a href="../household-and-outdoors.html" class="estDynamic">Home and outdoors</a>
                        </li>
                        <li>
                            <a href="../pet.html" class="estDynamic">Pets</a>
                        </li>
                    </ul>
                </div>
                <div class="col">
                    <ul>
                        <li>
                            <a href="../technology.html" class="estDynamic">Technology</a>
                        </li>
                        <li>
                            <a href="../gluten-free.html" class="estDynamic">Gluten free</a>
                        </li>
                        <li>
                            <a href="../lactose-free.html" class="estDynamic">Lactose free</a>
                        </li>
                        <li>
                            <a href="../special.html" class="estDynamic">Special</a>
                        </li>
                        <li>
                            <a href="../sardinian-products.html" class="estDynamic">Sardinian products</a>
                        </li>
                    </ul>
                </div>
            </div>
            <div class="bottom bgRed">
                <div class="left">
                    <h3>Delivery payment</h3>
                    <div>
                        <i class="fa fa-money fa-3x" aria-hidden="true"></i>
                        <p>Cash</p>
                    </div>
                    <div>
                        <i class="fa fa-credit-card fa-3x" aria-hidden="true"></i>
                        <p>Bancomat or card</p>
                    </div>
                </div>
                <div class="right">
                    <h3>Online payment</h3>
                    <div>
                        <i class="fa fa-credit-card fa-3x" aria-hidden="true"></i>
                        <p>Credit or debit card <span class="red">online</span></p>
                    </div>
                    <div>
                        <i class="fa fa-paypal fa-3x" aria-hidden="true"></i>
                        <p>PayPal</p>
                    </div>
                    <div>
                        <i class="fa fa-university fa-3x" aria-hidden="true"></i>
                        <p>Bank transfer</p>
                    </div>
                </div>
            </div>
        </div>
        <div class="right bgRed">
            <div>
                <i class="fa fa-truck fa-flip-horizontal"></i>
                <a class="button bgYellow white" href="../delivery-prices.html">Delivery prices</a>
                
                    <h3>Home delivery:</h3>
                    <p><b>Monday to Saturday</b></p>
                    <p><b>9:00 to 20:00</b></p>
                    <p><b>Minimum order:</b> 29€</p>
                    <p><b>Delivery starting from:</b> 3,50€</p>
                            </div>
            <ul>
                <li>
                    <a href="../delivery-prices.html">Delivery prices</a>
                </li>
                <li>
                    <a href="../about.html">About</a>
                </li>
                <li>
                    <a href="../faq.html">Faq</a>
                </li>
                <li>
                    <a href="../customer-care.html">Support</a>
                </li>
                <li>
                    <a href="../news.html">Blog</a>
                </li>
                <li>
                    <a href="../terms-and-conditions.html">Conditions</a>
                </li>
                <li>
                    <a href="../privacy-policy.html">Privacy policy</a>
                </li>
                <li>
                    <a href="../legal-warranty.html">Legal guarantee</a>
                </li>
            </ul>
        </div>
    </footer>
    <div class="bgRed"></div>
</div>
<!--Start of Tawk.to Script-->
<script data-cfasync="false" src="../cdn-cgi/scripts/5c5dd728/cloudflare-static/email-decode.min.js"></script><script type="text/javascript">
var Tawk_API=Tawk_API||{}, Tawk_LoadStart=new Date();
(function(){
var s1=document.createElement("script"),s0=document.getElementsByTagName("script")[0];
s1.async=true;
s1.src='https://embed.tawk.to/59e86945c28eca75e4626ed9/default';
s1.charset='UTF-8';
s1.setAttribute('crossorigin','*');
s0.parentNode.insertBefore(s1,s0);
})();
</script>
<!--End of Tawk.to Script-->

<!-- Here are parked a few translatable strings, useful for Javascript rendering -->
<div id="js-texts" hidden>
    <input type="hidden" name="save_cart_notice" value="Saving your cart it will be possible to reload it next time you come for shopping">
    <input type="hidden" name="save_cart_notice_title" value="Want to save your cart?">
    <input type="hidden" name="save_cart_ok" value="Save">
    <input type="hidden" name="save_cart_ko" value="Don't Save">
    <input type="hidden" name="reload_cart" value="The Reload Order function allows you to top up your last cart to make a New Order. Warning: do not use this function to add products to the last order. At this time it is not possible to modify an order placed previously.">
</div>

<!-- new site and login popup -->
</body>
<!-- Mirrored from www.spesati.com/shelf/stock-cubes by HTTrack Website Copier/3.x [XR&CO'2014], Fri, 23 Feb 2024 18:48:44 GMT -->
</html>