<!DOCTYPE html><html lang="en">
<!-- Mirrored from www.spesati.com/shelf/tea-and-infusions by HTTrack Website Copier/3.x [XR&CO'2014], Fri, 23 Feb 2024 18:50:10 GMT -->
<!-- Added by HTTrack --><meta http-equiv="content-type" content="text/html;charset=utf-8" /><!-- /Added by HTTrack -->
<head>
    <title>Tea and infusions - Cupboard - Spesati.com</title>
    <meta http-equiv="Content-Type" content="text/html; charset=UTF-8" />
    <meta name="description" content="" />
    <meta name="keywords" content="" />
    <link href="https://www.spesati.com/images/favicon.ico" rel="shortcut icon" type="image/x-icon" />
    <meta name="author" content="www.dodify.com" /><link rel="canonical" href="https://www.spesati.com/shelf/tea-and-infusions" /><link rel="alternate" hreflang="en" href="https://www.spesati.com/shelf/tea-and-infusions" /><link rel="alternate" hreflang="it" href="https://www.spesati.it/scaffale/te-e-infusi" /><link href="https://cdnjs.cloudflare.com/ajax/libs/meyer-reset/2.0/reset.min.css" rel="stylesheet" type="text/css" /><link href="https://cdnjs.cloudflare.com/ajax/libs/font-awesome/6.5.1/css/all.min.css" rel="stylesheet" type="text/css" /><link href="https://fonts.googleapis.com/css?family=Montserrat:400,700" rel="stylesheet" type="text/css" /><link href="http://cdnjs.cloudflare.com/ajax/libs/fancybox/2.1.5/jquery.fancybox.min.css" rel="stylesheet" type="text/css" /><link href="https://www.spesati.com/style/main.css?v=7" rel="stylesheet" type="text/css" /><link href="https://www.spesati.com/style/lightslider.css" rel="stylesheet" type="text/css" /><link href="https://www.spesati.com/style/categories.css" rel="stylesheet" type="text/css" /><script src="https://cdnjs.cloudflare.com/ajax/libs/jquery/3.6.1/jquery.min.js" type="text/javascript"></script><script src="http://ajax.googleapis.com/ajax/libs/jquery/1.11.0/jquery.min.js" type="text/javascript"></script><script src="http://unpkg.com/@floating-ui/core@0.4.0" type="text/javascript"></script><script src="http://unpkg.com/@floating-ui/dom@0.2.0" type="text/javascript"></script><script src="http://cdnjs.cloudflare.com/ajax/libs/fancybox/2.1.5/jquery.fancybox.min.js" type="text/javascript"></script><script src="https://www.spesati.com/js/menu.js" type="text/javascript"></script><script src="https://www.spesati.com/js/interface.js?v=10" type="text/javascript"></script><script src="https://www.spesati.com/js/spesati.lightslider.min.js" type="text/javascript"></script><meta name="viewport" content="width=device-width, initial-scale=1, maximum-scale=1" /><meta name = "format-detection" content = "telephone=no">
<!-- Facebook Pixel Code -->
<script>
  !function(f,b,e,v,n,t,s)
  {if(f.fbq)return;n=f.fbq=function(){n.callMethod?
  n.callMethod.apply(n,arguments):n.queue.push(arguments)};
  if(!f._fbq)f._fbq=n;n.push=n;n.loaded=!0;n.version='2.0';
  n.queue=[];t=b.createElement(e);t.async=!0;
  t.src=v;s=b.getElementsByTagName(e)[0];
  s.parentNode.insertBefore(t,s)}(window, document,'script',
  'https://connect.facebook.net/en_US/fbevents.js');
  fbq('init', '792335014180667');
  fbq('track', 'PageView');
</script>
<noscript>
    <img height="1" width="1" style="display:none" src="https://www.facebook.com/tr?id=792335014180667&amp;ev=PageView&amp;noscript=1" />
</noscript>
<!-- End Facebook Pixel Code -->

<!-- GA4 -->
<script async src="https://www.googletagmanager.com/gtag/js?id=G-SSS6NRNXL0"></script>
<script>
  window.dataLayer = window.dataLayer || [];
  function gtag(){dataLayer.push(arguments);}
  gtag('js', new Date());
  gtag('config', 'AW-976671669');
  gtag('config', 'G-SSS6NRNXL0');
</script>
<!-- Elements for PWA deploy -->
<link rel="manifest" href="https://www.spesati.com/manifest.json">
<meta name="theme-color" media="(prefers-color-scheme: light)" content="white">
<meta name="theme-color" media="(prefers-color-scheme: dark)"  content="black">
<link href=https://www.spesati.com/images/icon-192.png rel=apple-touch-icon sizes="192x192">
<!-- Establishment logic -->
<script>var pageEstablishment = "Olbia"; var estDefaultPages = true</script>
    <!--[if lt IE 9]>
        <script src="https://cdnjs.cloudflare.com/ajax/libs/html5shiv/3.7.3/html5shiv.min.js" type="text/javascript"></script>
    <![endif]--><script type="text/javascript">
$(document).ready(function() {
    // Check if exists cookie
    if(document.cookie.indexOf("cookieAccepted") < 0) {
        var cookieText = '<div id=\"cookie\"><p>This site uses cookies. Cookies are used for ads personalisation. <a href=\"/privacy-policy\">More info</a></p><button id=\"cookieConsent\" type=\"button\">Accept</button></div>';
        $("body").append($(
            cookieText
        ));
        $('#cookie').css({
            'width'           : '100%',
            'text-align'      : 'center',
            'color'           : '#FFFFFF',
            'background-color': '#000000', 
            'opacity'         : '.8', 
            'position'        : 'fixed', 
            'bottom'          : '0',
            'padding'         : '.5em 0',
            'z-index'         : '999'
        });
        $('#cookie > *').css({
            'display': 'inline'
        });
        $('#cookie a').css({
            'color'          : '#FFFFFF',
            'text-decoration': 'underline',
            'margin-right'   : '2%'
        });
        $('#cookieConsent').click(function() {
            // Set cookie
            var expiry = new Date();
            expiry.setTime(expiry.getTime() + (365 * 24 * 60 * 60 * 1000));
            document.cookie = "cookieAccepted=yes; expires=" + expiry.toGMTString() + "; path=/; domain=.spesati.com";
            $('#cookie').css({'display': 'none'});
        });
    }
});
</script></head><body><script type="text/javascript">
    var addText = "Add";
    var slider  = null;
    $(document).ready(function() {
        slider = $('#cartSlider').lightSlider({
            controls: false,
            item:13,
            loop:false,
            slideMove:1,
            easing: 'cubic-bezier(0.25, 0, 0.25, 1)',
            speed:600,
            responsive : [
                {
                    breakpoint:1400,
                    settings: {
                        item:12,
                        slideMove:1,
                    }
                },
                {
                    breakpoint:1200,
                    settings: {
                        item:11,
                        slideMove:1,
                    }
                },
                {
                    breakpoint:1080,
                    settings: {
                        item:14,
                        slideMove:1,
                    }
                },
                {
                    breakpoint:800,
                    settings: {
                        item:12,
                        slideMove:1,
                    }
                }
            ]
        });
        $('.lSPager').css("display","none");
        $('.lSAction').css("display","block");
        $('#goToPrevSlide').on('click', function () {
            slider.goToPrevSlide();
        });
        $('#goToNextSlide').on('click', function () {
            slider.goToNextSlide();
        });
    });

</script>
<div id="header" class="bgYellow">
    <header>
        <a class="menu" href="#"><i class="fa red fa-bars fa-2x"></i></a>
        <a id="logo" class="colLeft estDynamic" href="https://www.spesati.com/">
            <img src="http://cdn.spesati.com/images/layout/logo-eng.png" alt="Spesati.com" />
            <h2 class="red">Grocery Delivery</h2>
        </a>
        <div class="colRight">
            <div id="controls" class="right">
                <p id="establishmentControls">
                    <span class="establishmentWarning"><i class="fa-solid fa-triangle-exclamation red" title="Stai visualizzando i prodotti disponibili in una zona diversa. Se vuoi cambiare zona, cliccan qui"></i>&nbsp;&nbsp;</span>
                    Shopping from <b><a id="establishment" href="#"></a></b> <span id="estAddress">for </span> <a href="https://www.spesati.com/change-establishment">(<i class="fa-solid fa-pencil"></i> Change)</a> <span class="establishmentWarning">but viewing <b>Olbia</b></span>
                </p>
                <p><a href="https://www.spesati.it/scaffale/te-e-infusi" class="black switch-site">Versione italiana</a></p>                
            </div>
            <div>
                <form id="search" action="https://www.spesati.com/search" method="post" class="left">
                    <fieldset>
                        <div>
                            <input type="text" name="searchBox" id="searchBox" placeholder="Search for a product"></input>
                            <input id="searchButton" type="submit" name="searchButton" class="button bgRed white left" value="Find" />
                        </div>
                    </fieldset>
                </form>
                <div class="center left">
                    <a class="button bgRed white log-in" href="https://www.spesati.com/login">Login</a>
                    <a class="button bgRed white sign-up" href="https://www.spesati.com/sign-up">Sign up</a>
                    <a class="button bgRed white profile" href="https://www.spesati.com/profile">Profile</a>
                    <a class="button bgRed white log-out" href="https://www.spesati.com/logout" data-endpoint-check-cart="https://api.spesati.com/cart/check">Logout</a>
                </div>
                <div class="right user-function-icons">
                    <a class="red left account"><i class="fa fa-user fa-3x"></i></a>
                    <div id="dropdown">
                        <a class="log-in button bgRed white" href="https://www.spesati.com/login">Login</a>
                        <a class="sign-up button bgRed white" href="https://www.spesati.com/sign-up">Sign up</a>
                        <a class="profile button bgRed white" href="https://www.spesati.com/profile">Profile</a>
                        <a class="log-out button bgRed white" href="https://www.spesati.com/logout">Logout</a>
                    </div>

                    <div class="cart left">
                        <i class="fa fa-sm fa-shopping-cart red" aria-hidden="true" id="shipping-cart-button"></i>
                        <p id="cartQuantity"></p>
                    </div>

                    <a class="right" href="https://www.spesati.com/cart"><p class="black" id="cartTotal"></p></a>
                </div>
            </div>
                            <div id="previewCart">
                    <i id="goToPrevSlide" class="yellow fa fa-angle-left fa-2x" aria-hidden="true"></i>
                    <div><ul id="cartSlider"></ul></div>
                    <i id="goToNextSlide" class="yellow fa fa-angle-right fa-2x" aria-hidden="true"></i>
                </div>
                    </div>
    </header>

    <div id="shipping-cart-options" data-inited="false">
        <a href="https://www.spesati.com/cart" class="goto-cart">checkout</a>
        <a href="#" data-endpoint-auth="https://api.spesati.com/cart/save" data-endpoint-noauth="/login" class="save-cart">save</a>
        <a href="#" data-endpoint-auth="https://api.spesati.com/cart/load" class="load-cart">load</a>
    </div>
</div>
<div id="menuCategoriesMobile" class="mobile bgRed">
    <div class="closeMenu">
        <i class="fa fa-times fa-2x white"></i>
        Close
    </div>
    <ul class="bgRed white">
        <div id="langMobile" class="right">
        <a href="https://www.spesati.it/scaffale/te-e-infusi" class="white switch-site"><p>Versione italiana</p></a>    </div>
        <li><a>Categories</a>
            <ul class="bgWhite">
                <li>
                    <img src="http://cdn.spesati.com/images/menu/on-sale.png"/>
                    On sale                    <i class="fa fa-angle-down" aria-hidden="true"></i>
                    <ul class="sub-menu">
                    <li>
    <a href="https://www.spesati.com/tacchino-fesa-a-fette">Tacchino Fesa A Fette</a>
</li><li>
    <a href="https://www.spesati.com/amaro-montenegro-15lt">Amaro Montenegro 1,5lt</a>
</li><li>
    <a href="https://www.spesati.com/carbone-di-legna-sacco-10kg">Carbone Di Legna Sacco 10Kg</a>
</li><li>
    <a href="https://www.spesati.com/filu-e-ferru-silvio-carta-70cl">Filu E Ferru Silvio Carta 70Cl</a>
</li><li>
    <a href="https://www.spesati.com/braciole-suino-con-cotenna">Braciole Suino Con Cotenna</a>
</li><li>
    <a href="https://www.spesati.com/bovino-adulto-polpa">Bovino Adulto Polpa</a>
</li><li>
    <a href="https://www.spesati.com/vino-la-palma-cannonau-le-bombarde">Vino La Palma Cannonau Le Bombarde</a>
</li><li>
    <a href="https://www.spesati.com/fettine-sceltissime-bovino-adulto">Fettine Sceltissime Bovino Adulto</a>
</li><li>
    <a href="https://www.spesati.com/suino-fettine-scelte">Suino Fettine Scelte</a>
</li><li>
    <a href="https://www.spesati.com/lavazza-caffe-qualita-rossa-2x250gr">Lavazza Caffé Qualità Rossa 2x250gr</a>
</li>                        <li>
                            <a class="estDynamic" href="https://www.spesati.com/on-offer">All products on sale</a>
                        </li>
                    </ul>
                </li>
                <li>
                    <img src="http://cdn.spesati.com/images/menu/gift.png"/>
                    Gifts                    <i class="fa fa-angle-down" aria-hidden="true"></i>
                    <ul class="sub-menu">
                        <li>
    <a href="https://www.spesati.com/gift-card-da-150">Gift Card Da 150</a>
</li><li>
    <a href="https://www.spesati.com/gift-card-da-100">Gift Card Da 100</a>
</li><li>
    <a href="https://www.spesati.com/gift-card-da-50">Gift Card Da 50</a>
</li><li>
    <a href="https://www.spesati.com/gift-card-da-25">Gift Card Da 25</a>
</li>                        <li>
                            <a class="estDynamic" href="https://www.spesati.com/gift">All products in the gifts category</a>
                        </li>
                    </ul>
                </li>
                <li>
                    <img src="http://cdn.spesati.com/images/menu/gift-card.png"/>
                    Gift card and discounts                    <i class="fa fa-angle-down" aria-hidden="true"></i>
                    <ul class="sub-menu">
                        <li>
    <a href="https://www.spesati.com/gift-card-da-150">Gift Card Da 150</a>
</li><li>
    <a href="https://www.spesati.com/gift-card-da-100">Gift Card Da 100</a>
</li><li>
    <a href="https://www.spesati.com/gift-card-da-50">Gift Card Da 50</a>
</li><li>
    <a href="https://www.spesati.com/gift-card-da-25">Gift Card Da 25</a>
</li>                    </ul>
                </li>
                <li>
                    <img src="http://cdn.spesati.com/images/menu/fuit-and-vegetables.png"/>
                    Fruit and vegetables                    <i class="fa fa-angle-down" aria-hidden="true"></i>
                    <ul class="sub-menu">
                        <li>
                            <a class="estDynamic" href="https://www.spesati.com/fruit-and-vegetables/pulses-and-beans">Cereals and pulses and beans</a>
                        </li>
                        <li>
                            <a class="estDynamic" href="https://www.spesati.com/fruit-and-vegetables/fruit">Fruit</a>
                        </li>
                        <li>
                            <a class="estDynamic" href="https://www.spesati.com/fruit-and-vegetables/canned-fruit">Canned fruit</a>
                        </li>
                        <li>
                            <a class="estDynamic" href="https://www.spesati.com/fruit-and-vegetables/dried-fruit">Dried fruit</a>
                        </li>
                        <li>
                            <a class="estDynamic" href="https://www.spesati.com/fruit-and-vegetables/ready-salads">Ready salads</a>
                        </li>
                        <li>
                            <a class="estDynamic" href="https://www.spesati.com/fruit-and-vegetables/fresh-spices">Fresh spices</a>
                        </li>
                        <li>
                            <a class="estDynamic" href="https://www.spesati.com/fruit-and-vegetables/vegetables">Vegetables and soy</a>
                        </li>
                    </ul>
                </li>
                <li>
                    <img src="http://cdn.spesati.com/images/menu/fresh-products.png"/>
                    Fresh products                    <i class="fa fa-angle-down" aria-hidden="true"></i>
                    <ul class="sub-menu">
                        <li>
                            <a class="estDynamic" href="https://www.spesati.com/fresh-products/margarine-and-butter">Butter and margarine</a>
                        </li>
                        <li>
                            <a class="estDynamic" href="https://www.spesati.com/fresh-products/danone">Danone</a>
                        </li>
                        <li>
                            <a class="estDynamic" href="https://www.spesati.com/fresh-products/dessert">Dessert</a>
                        </li>
                        <li>
                            <a class="estDynamic" href="https://www.spesati.com/fresh-products/sweets">Sweets</a>
                        </li>
                        <li>
                            <a class="estDynamic" href="https://www.spesati.com/fresh-products/dairy-products">Dairy product</a>
                        </li>
                        <li>
                            <a class="estDynamic" href="https://www.spesati.com/fresh-products/bakery">Yeast</a>
                        </li>
                        <li>
                            <a class="estDynamic" href="https://www.spesati.com/fresh-products/mascarpone">Mascarpone</a>
                        </li>
                        <li>
                            <a class="estDynamic" href="https://www.spesati.com/fresh-products/snacks">Snacks</a>
                        </li>
                        <li>
                            <a class="estDynamic" href="https://www.spesati.com/fresh-products/mozzarella">Mozzarella</a>
                        </li>
                        <li>
                            <a class="estDynamic" href="https://www.spesati.com/fresh-products/pasta">Pasta</a>
                        </li>
                        <li>
                            <a class="estDynamic" href="https://www.spesati.com/fresh-products/pesto-and-sauces">Pesto and sauces</a>
                        </li>
                        <li>
                            <a class="estDynamic" href="https://www.spesati.com/fresh-products/ricotta-and-cheese">Ricotta and cheese</a>
                        </li>
                        <li>
                            <a class="estDynamic" href="https://www.spesati.com/fresh-products/cured-meat">Cured meat</a>
                        </li>
                        <li>
                            <a class="estDynamic" href="https://www.spesati.com/fresh-products/wurstel">Würstel</a>
                        </li>
                        <li>
                            <a class="estDynamic" href="https://www.spesati.com/fresh-products/yogurt">Yogurt</a>
                        </li>
                    </ul>
                </li>
                <li>
                    <img src="http://cdn.spesati.com/images/menu/frozen-foods.png"/>
                    Frozen foods                    <i class="fa fa-angle-down" aria-hidden="true"></i>
                    <ul class="sub-menu">
                        <li>
                            <a class="estDynamic" href="https://www.spesati.com/frozen-foods/meat">Meat</a>
                        </li>
                        <li>
                            <a class="estDynamic" href="https://www.spesati.com/frozen-foods/ice-creams">Ice cream and sweet</a>
                        </li>
                        <li>
                            <a class="estDynamic" href="https://www.spesati.com/frozen-foods/pasta">Pasta</a>
                        </li>
                        <li>
                            <a class="estDynamic" href="https://www.spesati.com/frozen-foods/fish">Fish</a>
                        </li>
                        <li>
                            <a class="estDynamic" href="https://www.spesati.com/frozen-foods/ready-meals">Ready meals</a>
                        </li>
                        <li>
                            <a class="estDynamic" href="https://www.spesati.com/frozen-foods/pizzas">Pizzas</a>
                        </li>
                        <li>
                            <a class="estDynamic" href="https://www.spesati.com/frozen-foods/vegetables">Vegetables and soy</a>
                        </li>
                    </ul>
                </li>
                <li>
                    <img src="http://cdn.spesati.com/images/menu/bread-and-pasta.png"/>
                    Bread and pasta                    <i class="fa fa-angle-down" aria-hidden="true"></i>
                    <ul class="sub-menu">
                        <li>
                            <a class="estDynamic" href="https://www.spesati.com/bread-and-pasta/crackers">Crackers</a>
                        </li>
                        <li>
                            <a class="estDynamic" href="https://www.spesati.com/bread-and-pasta/rusks">Rusks</a>
                        </li>
                        <li>
                            <a class="estDynamic" href="https://www.spesati.com/bread-and-pasta/white-bread">White bread</a>
                        </li>
                        <li>
                            <a class="estDynamic" href="https://www.spesati.com/bread-and-pasta/local-bread">Local bread</a>
                        </li>
                        <li>
                            <a class="estDynamic" href="https://www.spesati.com/bread-and-pasta/soft-bread">Soft bread</a>
                        </li>
                        <li>
                            <a class="estDynamic" href="https://www.spesati.com/bread-and-pasta/sardinian-bread">Sardinian bread</a>
                        </li>
                        <li>
                            <a class="estDynamic" href="https://www.spesati.com/bread-and-pasta/bakery">Bakery</a>
                        </li>
                        <li>
                            <a class="estDynamic" href="https://www.spesati.com/bread-and-pasta/pasta">Pasta</a>
                        </li>
                        <li>
                            <a class="estDynamic" href="https://www.spesati.com/bread-and-pasta/fresh-pasta">Fresh pasta</a>
                        </li>
                    </ul>
                </li>
                <li>
                    <img src="http://cdn.spesati.com/images/menu/meat.png"/>
                    Meat                    <i class="fa fa-angle-down" aria-hidden="true"></i>
                    <ul class="sub-menu">
                        <li>
                            <a class="estDynamic" href="https://www.spesati.com/meat/beef">Beef</a>
                        </li>
                        <li>
                            <a class="estDynamic" href="https://www.spesati.com/meat/goat">Goat</a>
                        </li>
                        <li>
                            <a class="estDynamic" href="https://www.spesati.com/meat/packaged-meat">Packaged meat</a>
                        </li>
                        <li>
                            <a class="estDynamic" href="https://www.spesati.com/meat/rabbit">Rabbit</a>
                        </li>
                        <li>
                            <a class="estDynamic" href="https://www.spesati.com/meat/horse">Horse</a>
                        </li>
                        <li>
                            <a class="estDynamic" href="https://www.spesati.com/meat/pork">Pork</a>
                        </li>
                        <li>
                            <a class="estDynamic" href="https://www.spesati.com/meat/lamb">Lamb</a>
                        </li>
                        <li>
                            <a class="estDynamic" href="https://www.spesati.com/meat/poultry">Poultry</a>
                        </li>
                    </ul>
                </li>
                <li>
                    <img src="http://cdn.spesati.com/images/menu/fish.png"/>
                    Fish                    <i class="fa fa-angle-down" aria-hidden="true"></i>
                    <ul class="sub-menu">
                        <li>
                            <a class="estDynamic" href="https://www.spesati.com/fish/fresh-water">Fresh water</a>
                        </li>
                        <li>
                            <a class="estDynamic" href="https://www.spesati.com/fish/salt-water">Salt water</a>
                        </li>
                        <li>
                            <a class="estDynamic" href="https://www.spesati.com/fish/mussels">Mussels</a>
                        </li>
                        <li>
                            <a class="estDynamic" href="https://www.spesati.com/fish/dried-and-salted">Dried and salted</a>
                        </li>
                        <li>
                            <a class="estDynamic" href="https://www.spesati.com/fish/seafood-salad">Seafood salad</a>
                        </li>
                        <li>
                            <a class="estDynamic" href="https://www.spesati.com/fish/prepared">Prepared</a>
                        </li>
                        <li>
                            <a class="estDynamic" href="https://www.spesati.com/fish/specialty">Specialty</a>
                        </li>   
                        <li>
                            <a class="estDynamic" href="https://www.spesati.com/fish/tuna-and-salmon">Tuna and salmon</a>
                        </li>
                    </ul>
                </li>
                <li>
                    <img src="http://cdn.spesati.com/images/menu/alcohol.png"/>
                    Wine beer and spirits                    <i class="fa fa-angle-down" aria-hidden="true"></i>
                    <ul class="sub-menu">
                        <li>
                            <a class="estDynamic" href="https://www.spesati.com/wine-beer-and-spirits/spirits-and-liquors">Alcohol</a>
                        </li>
                        <li>
                            <a class="estDynamic" href="https://www.spesati.com/wine-beer-and-spirits/bitters">Bitters</a>
                        </li>
                        <li>
                            <a class="estDynamic" href="https://www.spesati.com/wine-beer-and-spirits/aperatif">Aperatifs</a>
                        </li>
                        <li>
                            <a class="estDynamic" href="https://www.spesati.com/wine-beer-and-spirits/beer">Beer</a>
                        </li>
                        <li>
                            <a class="estDynamic" href="https://www.spesati.com/wine-beer-and-spirits/creams">Creams</a>
                        </li>
                        <li>
                            <a class="estDynamic" href="https://www.spesati.com/wine-beer-and-spirits/spirits">Spirits</a>
                        </li>
                        <li>
                            <a class="estDynamic" href="https://www.spesati.com/wine-beer-and-spirits/liquors">Liquors</a>
                        </li>
                        <li>
                            <a class="estDynamic" href="https://www.spesati.com/wine-beer-and-spirits/white-wine">White wine</a>
                        </li>
                        <li>
                            <a class="estDynamic" href="https://www.spesati.com/wine-beer-and-spirits/prosecco-wine">Prosecco wine</a>
                        </li>
                        <li>
                            <a class="estDynamic" href="https://www.spesati.com/wine-beer-and-spirits/rose-wine">Rose wine</a>
                        </li>
                        <li>
                            <a class="estDynamic" href="https://www.spesati.com/wine-beer-and-spirits/red-wine">Red wine</a>
                        </li>
                        <li>
                            <a class="estDynamic" href="https://www.spesati.com/wine-beer-and-spirits/specialty-wine">Special wine</a>
                        </li>
                        <li>
                            <a class="estDynamic" href="https://www.spesati.com/wine-beer-and-spirits/sparkling-wine">Sparkling wine</a>
                        </li>
                        <li>
                            <a class="estDynamic" href="https://www.spesati.com/wine-beer-and-spirits/vermentino-wine">Vermentino wine</a>
                        </li>
                    </ul>
                </li>
                <li>
                    <img src="http://cdn.spesati.com/images/menu/water-and-drinks.png"/>
                    Water and drinks                    <i class="fa fa-angle-down" aria-hidden="true"></i>
                    <ul class="sub-menu">
                        <li>
                            <a class="estDynamic" href="https://www.spesati.com/water-and-drinks/san-martino">San Martino</a>
                        </li>
                        <li>
                            <a class="estDynamic" href="https://www.spesati.com/water-and-drinks/water">Water</a>
                        </li>
                        <li>
                            <a class="estDynamic" href="https://www.spesati.com/water-and-drinks/alpro">Alpro</a>
                        </li>
                        <li>
                            <a class="estDynamic" href="https://www.spesati.com/water-and-drinks/fizzy-drinks">Fizzy drinks</a>
                        </li>
                        <li>
                            <a class="estDynamic" href="https://www.spesati.com/water-and-drinks/coca-cola">Coca-Cola</a>
                        </li>
                        <li>
                            <a class="estDynamic" href="https://www.spesati.com/water-and-drinks/energy-drink">Energy drink</a>
                        </li>
                        <li>
                            <a class="estDynamic" href="https://www.spesati.com/water-and-drinks/syrups">Syrups</a>
                        </li>
                        <li>
                            <a class="estDynamic" href="https://www.spesati.com/water-and-drinks/supplements">Supplements</a>
                        </li>
                        <li>
                            <a class="estDynamic" href="https://www.spesati.com/water-and-drinks/instant-drinks">Instant drinks</a>
                        </li>
                        <li>
                            <a class="estDynamic" href="https://www.spesati.com/water-and-drinks/juice">Juice</a>
                        </li>
                        <li>
                            <a class="estDynamic" href="https://www.spesati.com/water-and-drinks/tea">Tea</a>
                        </li>
                    </ul>
                </li>
                <li>
                    <img src="http://cdn.spesati.com/images/menu/sweets.png"/>
                    Sweets                    <i class="fa fa-angle-down" aria-hidden="true"></i>
                    <ul class="sub-menu">
                        <li>
                            <a class="estDynamic" href="https://www.spesati.com/sweets/bars-and-snacks">Bars and snacks</a>
                        </li>
                        <li>
                            <a class="estDynamic" href="https://www.spesati.com/sweets/biscuits">Biscuits</a>
                        </li>
                        <li>
                            <a class="estDynamic" href="https://www.spesati.com/sweets/brioches">Brioches</a>
                        </li>
                        <li>
                            <a class="estDynamic" href="https://www.spesati.com/sweets/candy-and-chewing-gum">Candy and chewing gum</a>
                        </li>
                        <li>
                            <a class="estDynamic" href="https://www.spesati.com/sweets/cereals">Cereals</a>
                        </li>
                        <li>
                            <a class="estDynamic" href="https://www.spesati.com/sweets/chocolate">Chocolate</a>
                        </li>
                        <li>
                            <a class="estDynamic" href="https://www.spesati.com/sweets/spreadable-creams">Spreads</a>
                        </li>
                        <li>
                            <a class="estDynamic" href="https://www.spesati.com/sweets/dessert-toppings">Dessert toppings</a>
                        </li>
                        <li>
                            <a class="estDynamic" href="https://www.spesati.com/sweets/jam">Jam</a>
                        </li>
                        <li>
                            <a class="estDynamic" href="https://www.spesati.com/sweets/honey">Honey</a>
                        </li>
                        <li>
                            <a class="estDynamic" href="https://www.spesati.com/sweets/panettoni-and-pandoro">Panettone and pandoro</a>
                        </li>
                        <li>
                            <a class="estDynamic" href="https://www.spesati.com/sweets/pastry">Pastry</a>
                        </li>
                        <li>
                            <a class="estDynamic" href="https://www.spesati.com/sweets/instant-dessert">Prepared</a>
                        </li>
                        <li>
                            <a class="estDynamic" href="https://www.spesati.com/sweets/cakes-and-pies">Cakes and pies</a>
                        </li>
                        <li>
                            <a class="estDynamic" href="https://www.spesati.com/sweets/easter-eggs-and-doves">Easter eggs and doves</a>
                        </li>
                    </ul>
                </li>
                <li>
                    <img src="http://cdn.spesati.com/images/menu/shelf.png"/>
                    Cupboard                    <i class="fa fa-angle-down" aria-hidden="true"></i>
                    <ul class="sub-menu">
                        <li>
                            <a class="estDynamic" href="https://www.spesati.com/shelf/coffee">Coffee</a>
                        </li>
                        <li>
                            <a class="estDynamic" href="https://www.spesati.com/shelf/gift-baskets">Gift baskets</a>
                        </li>
                        <li>
                            <a class="estDynamic" href="https://www.spesati.com/shelf/stock-cubes">Nuts and preparations</a>
                        </li>
                        <li>
                            <a class="estDynamic" href="https://www.spesati.com/shelf/flour-and-baking">Flour and baking</a>
                        </li>
                        <li>
                            <a class="estDynamic" href="https://www.spesati.com/shelf/milk">Milk</a>
                        </li>
                        <li>
                            <a class="estDynamic" href="https://www.spesati.com/shelf/oil-salt-vinegar">Oil, vinegar and salt</a>
                        </li>
                        <li>
                            <a class="estDynamic" href="https://www.spesati.com/shelf/cream-and-bechamel">Cream and bechamel</a>
                        </li>
                        <li>
                            <a class="estDynamic" href="https://www.spesati.com/shelf/crisps-and-pretzels">Crisps and pretzels</a>
                        </li>
                        <li>
                            <a class="estDynamic" href="https://www.spesati.com/shelf/baby-and-infants-products">Early childhood products</a>
                        </li>
                        <li>
                            <a class="estDynamic" href="https://www.spesati.com/shelf/rice">Rice</a>
                        </li>
                        <li>
                            <a class="estDynamic" href="https://www.spesati.com/shelf/tins-and-preserves">Tins and Preserves</a>
                        </li>
                        <li>
                            <a class="estDynamic" href="https://www.spesati.com/shelf/spices">Spices</a>
                        </li>
                        <li>
                            <a class="estDynamic" href="https://www.spesati.com/shelf/sauces">Sauces</a>
                        </li>
                        <li>
                            <a class="estDynamic" href="https://www.spesati.com/shelf/tea-and-infusions">Tea and infusions</a>
                        </li>
                        <li>
                            <a class="estDynamic" href="https://www.spesati.com/shelf/eggs">Eggs</a>
                        </li>
                        <li>
                            <a class="estDynamic" href="https://www.spesati.com/shelf/sugar-and-sweeteners">Sugar and sweeteners</a>
                        </li>
                    </ul>
                </li>
                <li>
                    <img src="http://cdn.spesati.com/images/menu/personal-care.png"/>
                    Personal care                    <i class="fa fa-angle-down" aria-hidden="true"></i>
                    <ul class="sub-menu">
                        <li>
                            <a class="estDynamic" href="https://www.spesati.com/personal-care/accessories-and-cotton">Accessories and cotton</a>
                        </li>
                        <li>
                            <a class="estDynamic" href="https://www.spesati.com/personal-care/feminine-care-incontinence-and-baby-diapers">Feminine incontinence and diapers</a>
                        </li>
                        <li>
                            <a class="estDynamic" href="https://www.spesati.com/personal-care/shower-gel">Shower gel</a>
                        </li>
                        <li>
                            <a class="estDynamic" href="https://www.spesati.com/personal-care/creams">Creams</a>
                        </li>
                        <li>
                            <a class="estDynamic" href="https://www.spesati.com/personal-care/deodorant">Deodorant</a>
                        </li>
                        <li>
                            <a class="estDynamic" href="https://www.spesati.com/personal-care/hair-removal">Hair removal</a>
                        </li>
                        <li>
                            <a class="estDynamic" href="https://www.spesati.com/personal-care/disinfectants">Disinfectants</a>
                        </li>
                        <li>
                            <a class="estDynamic" href="https://www.spesati.com/personal-care/oral-hygiene">Oral hygiene</a>
                        </li>
                        <li>
                            <a class="estDynamic" href="https://www.spesati.com/personal-care/supplements-and-multivitamins">Supplements and multivitamins</a>
                        </li>
                        <li>
                            <a class="estDynamic" href="https://www.spesati.com/personal-care/first-aid">First aid label</a>
                        </li>
                        <li>
                            <a class="estDynamic" href="https://www.spesati.com/personal-care/beard-products">Beard products</a>
                        </li>
                        <li>
                            <a class="estDynamic" href="https://www.spesati.com/personal-care/hairs-products">Hair products</a>
                        </li>
                        <li>
                            <a class="estDynamic" href="https://www.spesati.com/personal-care/perfume">Perfumes</a>
                        </li>
                        <li>
                            <a class="estDynamic" href="https://www.spesati.com/personal-care/wipes">Wipes</a>
                        </li>
                        <li>
                            <a class="estDynamic" href="https://www.spesati.com/personal-care/soaps-and-body-wash">Soaps and body wash</a>
                        </li>
                        <li>
                            <a class="estDynamic" href="https://www.spesati.com/personal-care/shampoo-and-conditioner">Shampoo and conditioner</a>
                        </li>
                    </ul>
                </li>
                <li>
                    <img src="http://cdn.spesati.com/images/menu/pellet-and-home.png"/>
                    Home and outdoors                    <i class="fa fa-angle-down" aria-hidden="true"></i>
                    <ul class="sub-menu">
                        <li>
                            <a class="estDynamic" href="https://www.spesati.com/household-and-outdoors/distilled-water">Distilled water</a>
                        </li>
                        <li>
                            <a class="estDynamic" href="https://www.spesati.com/household-and-outdoors/car-products">Cars</a>
                        </li>
                        <li>
                            <a class="estDynamic" href="https://www.spesati.com/household-and-outdoors/bin-bags-and-buckets">Bin bags and buckets</a>
                        </li>
                        <li>
                            <a class="estDynamic" href="https://www.spesati.com/household-and-outdoors/bleach-and-stain-removers">Bleach and stain removers</a>
                        </li>
                        <li>
                            <a class="estDynamic" href="https://www.spesati.com/household-and-outdoors/candles">Candles</a>
                        </li>
                        <li>
                            <a class="estDynamic" href="https://www.spesati.com/household-and-outdoors/kitchen-roll">Kitchen roll</a>
                        </li>
                        <li>
                            <a class="estDynamic" href="https://www.spesati.com/household-and-outdoors/air-fresheners">Air fresheners</a>
                        </li>
                        <li>
                            <a class="estDynamic" href="https://www.spesati.com/household-and-outdoors/laundry-accessories-and-detergent">Laundry detergent</a>
                        </li>
                        <li>
                            <a class="estDynamic" href="https://www.spesati.com/household-and-outdoors/dishwasher-and-washing-up">Dishwasher and washing up</a>
                        </li>
                        <li>
                            <a class="estDynamic" href="https://www.spesati.com/household-and-outdoors/gardening">Gardening</a>
                        </li>
                        <li>
                            <a class="estDynamic" href="https://www.spesati.com/household-and-outdoors/light-bulbs-and-batteries">Lightbulbs and batteries</a>
                        </li>
                        <li>
                            <a class="estDynamic" href="https://www.spesati.com/household-and-outdoors/pellet-and-bbq">Pellet and BBQ</a>
                        </li>
                        <li>
                            <a class="estDynamic" href="https://www.spesati.com/household-and-outdoors/bathroom-products">Bathroom products</a>
                        </li>
                        <li>
                            <a class="estDynamic" href="https://www.spesati.com/household-and-outdoors/home-and-furniture-products">Home and furniture products</a>
                        </li>
                        <li>
                            <a class="estDynamic" href="https://www.spesati.com/household-and-outdoors/kitchen-products">Kitchen products</a>
                        </li>
                        <li>
                            <a class="estDynamic" href="https://www.spesati.com/household-and-outdoors/window-and-floor-cleaners">Window and floor cleaner</a>
                        </li>
                        <li>
                            <a class="estDynamic" href="https://www.spesati.com/household-and-outdoors/repellents">Repellents</a>
                        </li>
                        <li>
                            <a class="estDynamic" href="https://www.spesati.com/household-and-outdoors/disposable-tableware">Disposable tableware</a>
                        </li>
                    </ul>
                </li>
                <li>
                    <img src="http://cdn.spesati.com/images/menu/animals.png"/>
                    Pets                    <i class="fa fa-angle-down" aria-hidden="true"></i>
                    <ul class="sub-menu">
                        <li>
                            <a class="estDynamic" href="https://www.spesati.com/pets/pet-food-other-animals">Other animals pet food</a>
                        </li>
                        <li>
                            <a class="estDynamic" href="https://www.spesati.com/pets/pet-food-dogs">Pet food dogs</a>
                        </li>
                        <li>
                            <a class="estDynamic" href="https://www.spesati.com/pets/pet-food-cats">Pet food cats</a>
                        </li>
                        <li>
                            <a class="estDynamic" href="https://www.spesati.com/pets/hygiene-and-cleaning">Hygiene and cleaning</a>
                        </li>
                    </ul>
                </li>
                <li>
                    <img src="http://cdn.spesati.com/images/menu/technology.png"/>
                    Technology                    <i class="fa fa-angle-down" aria-hidden="true"></i>
                    <ul class="sub-menu">
                        <li>
                            <a class="estDynamic" href="https://www.spesati.com/technology/accessories">Accessories</a>
                        </li>
                        <li>
                            <a class="estDynamic" href="https://www.spesati.com/technology/computer">Computer</a>
                        </li>
                        <li>
                            <a class="estDynamic" href="https://www.spesati.com/technology/telephones">Telephones</a>
                        </li>
                        <li>
                            <a class="estDynamic" href="https://www.spesati.com/technology/tv">TV</a>
                        </li>
                    </ul>
                </li>
                <li>
                    <img src="http://cdn.spesati.com/images/menu/gluten-free.png"/>
                    Gluten free                    <i class="fa fa-angle-down" aria-hidden="true"></i>
                    <ul class="sub-menu">
                        <li>
                            <a class="estDynamic" href="https://www.spesati.com/gluten-free/frozen-foods">Frozen foods</a>
                        </li>
                        <li>
                            <a class="estDynamic" href="https://www.spesati.com/gluten-free/beer">Beer</a>
                        </li>
                        <li>
                            <a class="estDynamic" href="https://www.spesati.com/gluten-free/sweets">Sweets</a>
                        </li>
                        <li>
                            <a class="estDynamic" href="https://www.spesati.com/gluten-free/bread-and-pasta">Bread and pasta</a>
                        </li>
                        <li>
                            <a class="estDynamic" href="https://www.spesati.com/gluten-free/shelf">Cupboard</a>
                        </li>
                    </ul>
                </li>
                <li>
                    <img src="http://cdn.spesati.com/images/menu/lactose-free.png"/>
                    Lactose free                    <i class="fa fa-angle-down" aria-hidden="true"></i>
                    <ul class="sub-menu">
                        <li>
                            <a class="estDynamic" href="https://www.spesati.com/lactose-free/frozen-foods">Frozen foods</a>
                        </li>
                        <li>
                            <a class="estDynamic" href="https://www.spesati.com/lactose-free/sweets">Sweets</a>
                        </li>
                        <li>
                            <a class="estDynamic" href="https://www.spesati.com/lactose-free/dairy-product">Dairy product</a>
                        </li>
                        <li>
                            <a class="estDynamic" href="https://www.spesati.com/lactose-free/shelf">Cupboard</a>
                        </li>
                    </ul>
                </li>
                <li>
                    <img src="http://cdn.spesati.com/images/menu/special.png"/>
                    Special                    <i class="fa fa-angle-down" aria-hidden="true"></i>
                    <ul class="sub-menu">
                        <li>
                            <a class="estDynamic" href="https://www.spesati.com/special/alpro">Alpro</a>
                        </li>
                        <li>
                            <a class="estDynamic" href="https://www.spesati.com/special/organic">Biological</a>
                        </li>
                        <li>
                            <a class="estDynamic" href="https://www.spesati.com/special/meat">Meat</a>
                        </li>
                        <li>
                            <a class="estDynamic" href="https://www.spesati.com/special/wholegrain">Wholegrain</a>
                        </li>
                        <li>
                            <a class="estDynamic" href="https://www.spesati.com/special/bread-and-pasta">Bread and pasta</a>
                        </li>
                        <li>
                            <a class="estDynamic" href="https://www.spesati.com/special/vegan">Vegan</a>
                        </li>
                    </ul>
                </li>
                <li>
                    <img src="http://cdn.spesati.com/images/menu/sardinian-products.png"/>
                    Sardinian products                    <i class="fa fa-angle-down" aria-hidden="true"></i>
                    <ul class="sub-menu">
                        <li>
                            <a class="estDynamic" href="https://www.spesati.com/sardinian-products/drinks">Drinks</a>
                        </li>
                        <li>
                            <a class="estDynamic" href="https://www.spesati.com/sardinian-products/meat">Meat</a>
                        </li>
                        <li>
                            <a class="estDynamic" href="https://www.spesati.com/sardinian-products/sweets">Sweets</a>
                        </li>
                        <li>
                            <a class="estDynamic" href="https://www.spesati.com/sardinian-products/fruit-and-vegetables">Fruit and vegetables</a>
                        </li>
                        <li>
                            <a class="estDynamic" href="https://www.spesati.com/sardinian-products/ichnusa">Ichnusa</a>
                        </li>
                        <li>
                            <a class="estDynamic" href="https://www.spesati.com/sardinian-products/dairy-product">Dairy product</a>
                        </li>
                        <li>
                            <a class="estDynamic" href="https://www.spesati.com/sardinian-products/bread-and-pasta">Bread and pasta</a>
                        </li>
                        <li>
                            <a class="estDynamic" href="https://www.spesati.com/sardinian-products/fish">Fish</a>
                        </li>
                        <li>
                            <a class="estDynamic" href="https://www.spesati.com/sardinian-products/cured-meat">Cured meat</a>
                        </li>
                        <li>
                            <a class="estDynamic" href="https://www.spesati.com/sardinian-products/shelf">Cupboard</a>
                        </li>
                        <li>
                            <a class="estDynamic" href="https://www.spesati.com/sardinian-products/vermentino-wine">Vermentino wine</a>
                        </li>
                        <li>
                            <a class="estDynamic" href="https://www.spesati.com/sardinian-products/wine-beer-and-spirits">Wine beer and spirits</a>
                        </li>
                    </ul>
                </li>
            </ul>
        </li>
        <li>
            <a href="https://www.spesati.com/about">About</a>
        </li>
        <li>
            <a href="https://www.spesati.com/faq">Faq</a>
        </li>
        <li>
            <a href="https://www.spesati.com/customer-care">Support</a>
        </li>
        <li>
            <a href="https://www.spesati.com/news">Blog</a>
        </li>
        <li>
            <a href="https://www.spesati.com/terms-and-conditions">Conditions</a>
        </li>
        <li>
            <a href="https://www.spesati.com/privacy-policy">Privacy policy</a>
        </li>
        <li>
            <a href="https://www.spesati.com/login">Login</a>
        </li>
        <li>
             <a href="https://www.spesati.com/sign-up">Sign up</a>
        </li>
    </ul>
</div><section class="first">
    <div id="menuCategories" class="colLeft">
    <ul id="main_nav" >
        <li>
            <a class="estDynamic" href="https://www.spesati.com/on-offer">
               <img src="http://cdn.spesati.com/images/menu/on-sale.png"/>
               On sale            </a>
            <i class="fa fa-angle-right" aria-hidden="true"></i>
            <ul class="sub-menu">
                <li>
    <a href="https://www.spesati.com/tacchino-fesa-a-fette" class="estDynamic">Tacchino Fesa A Fette</a>
</li><li>
    <a href="https://www.spesati.com/amaro-montenegro-15lt" class="estDynamic">Amaro Montenegro 1,5lt</a>
</li><li>
    <a href="https://www.spesati.com/carbone-di-legna-sacco-10kg" class="estDynamic">Carbone Di Legna Sacco 10Kg</a>
</li><li>
    <a href="https://www.spesati.com/filu-e-ferru-silvio-carta-70cl" class="estDynamic">Filu E Ferru Silvio Carta 70Cl</a>
</li><li>
    <a href="https://www.spesati.com/braciole-suino-con-cotenna" class="estDynamic">Braciole Suino Con Cotenna</a>
</li><li>
    <a href="https://www.spesati.com/bovino-adulto-polpa" class="estDynamic">Bovino Adulto Polpa</a>
</li><li>
    <a href="https://www.spesati.com/vino-la-palma-cannonau-le-bombarde" class="estDynamic">Vino La Palma Cannonau Le Bombarde</a>
</li><li>
    <a href="https://www.spesati.com/fettine-sceltissime-bovino-adulto" class="estDynamic">Fettine Sceltissime Bovino Adulto</a>
</li><li>
    <a href="https://www.spesati.com/suino-fettine-scelte" class="estDynamic">Suino Fettine Scelte</a>
</li><li>
    <a href="https://www.spesati.com/lavazza-caffe-qualita-rossa-2x250gr" class="estDynamic">Lavazza Caffé Qualità Rossa 2x250gr</a>
</li>                <li>
                    <a class="estDynamic" href="https://www.spesati.com/on-offer">All products on sale</a>
                </li>
            </ul>
        </li>
        <li>
            <a class="estDynamic" href="https://www.spesati.com/gift">
               <img src="http://cdn.spesati.com/images/menu/gift.png"/>
               Gifts            </a>
            <i class="fa fa-angle-right" aria-hidden="true"></i>
            <ul class="sub-menu">
                <li>
    <a href="https://www.spesati.com/gift-card-da-150" class="estDynamic">Gift Card Da 150</a>
</li><li>
    <a href="https://www.spesati.com/gift-card-da-100" class="estDynamic">Gift Card Da 100</a>
</li><li>
    <a href="https://www.spesati.com/gift-card-da-50" class="estDynamic">Gift Card Da 50</a>
</li><li>
    <a href="https://www.spesati.com/gift-card-da-25" class="estDynamic">Gift Card Da 25</a>
</li>                <li>
                    <a class="estDynamic" href="https://www.spesati.com/gift">All products in the gifts category</a>
                </li>
            </ul>
        </li>
        <li>
            <a class="estDynamic" href="https://www.spesati.com/gift-card">
               <img src="http://cdn.spesati.com/images/menu/gift-card.png"/>
               Gift card and discounts            </a>
            <i class="fa fa-angle-right" aria-hidden="true"></i>
            <ul class="sub-menu">
                <li>
    <a href="https://www.spesati.com/gift-card-da-150">Gift Card Da 150</a>
</li><li>
    <a href="https://www.spesati.com/gift-card-da-100">Gift Card Da 100</a>
</li><li>
    <a href="https://www.spesati.com/gift-card-da-50">Gift Card Da 50</a>
</li><li>
    <a href="https://www.spesati.com/gift-card-da-25">Gift Card Da 25</a>
</li>            </ul>
        </li>
        <li>
            <a class="estDynamic" href="https://www.spesati.com/fruit-and-vegetables">
               <img src="http://cdn.spesati.com/images/menu/fuit-and-vegetables.png"/>
               Fruit and vegetables           </a>
            <i class="fa fa-angle-right" aria-hidden="true"></i>
            <ul class="sub-menu">
                <li>
                    <a class="estDynamic" href="https://www.spesati.com/fruit-and-vegetables/pulses-and-beans">Cereals and pulses and beans</a>
                </li>
                <li>
                    <a class="estDynamic" href="https://www.spesati.com/fruit-and-vegetables/fruit">Fruit</a>
                </li>
                <li>
                    <a class="estDynamic" href="https://www.spesati.com/fruit-and-vegetables/canned-fruit">Canned fruit</a>
                </li>
                <li>
                    <a class="estDynamic" href="https://www.spesati.com/fruit-and-vegetables/dried-fruit">Dried fruit</a>
                </li>
                <li>
                    <a class="estDynamic" href="https://www.spesati.com/fruit-and-vegetables/ready-salads">Ready salads</a>
                </li>
                <li>
                    <a class="estDynamic" href="https://www.spesati.com/fruit-and-vegetables/fresh-spices">Fresh spices</a>
                </li>
                <li>
                    <a class="estDynamic" href="https://www.spesati.com/fruit-and-vegetables/vegetables">Vegetables and soy</a>
                </li>
            </ul>
        </li>
        <li>
            <a class="estDynamic" href="https://www.spesati.com/fresh-products">
                <img src="http://cdn.spesati.com/images/menu/fresh-products.png"/>
                Fresh products            </a>
            <i class="fa fa-angle-right" aria-hidden="true"></i>
            <ul class="sub-menu">
                <li>
                    <a class="estDynamic" href="https://www.spesati.com/fresh-products/margarine-and-butter">Butter and margarine</a>
                </li>
                <li>
                    <a class="estDynamic" href="https://www.spesati.com/fresh-products/danone">Danone</a>
                </li>
                <li>
                    <a class="estDynamic" href="https://www.spesati.com/fresh-products/dessert">Dessert</a>
                </li>
                <li>
                    <a class="estDynamic" href="https://www.spesati.com/fresh-products/sweets">Sweets</a>
                </li>
                <li>
                    <a class="estDynamic" href="https://www.spesati.com/fresh-products/dairy-products">Dairy product</a>
                </li>
                <li>
                    <a class="estDynamic" href="https://www.spesati.com/fresh-products/bakery">Yeast</a>
                </li>
                <li>
                    <a class="estDynamic" href="https://www.spesati.com/fresh-products/mascarpone">Mascarpone</a>
                </li>
                <li>
                    <a class="estDynamic" href="https://www.spesati.com/fresh-products/snacks">Snacks</a>
                </li>
                <li>
                    <a class="estDynamic" href="https://www.spesati.com/fresh-products/mozzarella">Mozzarella</a>
                </li>
                <li>
                    <a class="estDynamic" href="https://www.spesati.com/fresh-products/pasta">Pasta</a>
                </li>
                <li>
                    <a class="estDynamic" href="https://www.spesati.com/fresh-products/pesto-and-sauces">Pesto and sauces</a>
                </li>
                <li>
                    <a class="estDynamic" href="https://www.spesati.com/fresh-products/ricotta-and-cheese">Ricotta and cheese</a>
                </li>
                <li>
                    <a class="estDynamic" href="https://www.spesati.com/fresh-products/cured-meat">Cured meat</a>
                </li>
                <li>
                    <a class="estDynamic" href="https://www.spesati.com/fresh-products/wurstel">Würstel</a>
                </li>
                <li>
                    <a class="estDynamic" href="https://www.spesati.com/fresh-products/yogurt">Yogurt</a>
                </li>
            </ul>
        </li>
        <li>
            <a class="estDynamic" href="https://www.spesati.com/frozen-foods">
                <img src="http://cdn.spesati.com/images/menu/frozen-foods.png"/>
                Frozen foods            </a>
            <i class="fa fa-angle-right" aria-hidden="true"></i>
            <ul class="sub-menu">
                <li>
                    <a class="estDynamic" href="https://www.spesati.com/frozen-foods/meat">Meat</a>
                </li>
                <li>
                    <a class="estDynamic" href="https://www.spesati.com/frozen-foods/ice-creams">Ice cream and sweet</a>
                </li>
                <li>
                    <a class="estDynamic" href="https://www.spesati.com/frozen-foods/pasta">Pasta</a>
                </li>
                <li>
                    <a class="estDynamic" href="https://www.spesati.com/frozen-foods/fish">Fish</a>
                </li>
                <li>
                    <a class="estDynamic" href="https://www.spesati.com/frozen-foods/ready-meals">Ready meals</a>
                </li>
                <li>
                    <a class="estDynamic" href="https://www.spesati.com/frozen-foods/pizzas">Pizzas</a>
                </li>
                <li>
                    <a class="estDynamic" href="https://www.spesati.com/frozen-foods/vegetables">Vegetables and soy</a>
                </li>
            </ul>
        </li>
        <li>
            <a class="estDynamic" href="https://www.spesati.com/bread-and-pasta">
                <img src="http://cdn.spesati.com/images/menu/bread-and-pasta.png"/>
                Bread and pasta            </a>
            <i class="fa fa-angle-right" aria-hidden="true"></i>
            <ul class="sub-menu">
                <li>
                    <a class="estDynamic" href="https://www.spesati.com/bread-and-pasta/crackers">Crackers</a>
                </li>
                <li>
                    <a class="estDynamic" href="https://www.spesati.com/bread-and-pasta/rusks">Rusks</a>
                </li>
                <li>
                    <a class="estDynamic" href="https://www.spesati.com/bread-and-pasta/white-bread">White bread</a>
                </li>
                <li>
                    <a class="estDynamic" href="https://www.spesati.com/bread-and-pasta/local-bread">Local bread</a>
                </li>
                <li>
                    <a class="estDynamic" href="https://www.spesati.com/bread-and-pasta/soft-bread">Soft bread</a>
                </li>
                <li>
                    <a class="estDynamic" href="https://www.spesati.com/bread-and-pasta/sardinian-bread">Sardinian bread</a>
                </li>
                <li>
                    <a class="estDynamic" href="https://www.spesati.com/bread-and-pasta/bakery">Bakery</a>
                </li>
                <li>
                    <a class="estDynamic" href="https://www.spesati.com/bread-and-pasta/pasta">Pasta</a>
                </li>
                <li>
                    <a class="estDynamic" href="https://www.spesati.com/bread-and-pasta/fresh-pasta">Fresh pasta</a>
                </li>
            </ul>
        </li>
        <li>
            <a class="estDynamic" href="https://www.spesati.com/meat">
                <img src="http://cdn.spesati.com/images/menu/meat.png"/>
                Meat            </a>
            <i class="fa fa-angle-right" aria-hidden="true"></i>
            <ul class="sub-menu">
                <li>
                    <a class="estDynamic" href="https://www.spesati.com/meat/beef">Beef</a>
                </li>
                <li>
                    <a class="estDynamic" href="https://www.spesati.com/meat/goat">Goat</a>
                </li>
                <li>
                    <a class="estDynamic" href="https://www.spesati.com/meat/packaged-meat">Packaged meat</a>
                </li>
                <li>
                    <a class="estDynamic" href="https://www.spesati.com/meat/rabbit">Rabbit</a>
                </li>
                <li>
                    <a class="estDynamic" href="https://www.spesati.com/meat/horse">Horse</a>
                </li>
                <li>
                    <a class="estDynamic" href="https://www.spesati.com/meat/pork">Pork</a>
                </li>
                <li>
                    <a class="estDynamic" href="https://www.spesati.com/meat/lamb">Lamb</a>
                </li>
                <li>
                    <a class="estDynamic" href="https://www.spesati.com/meat/poultry">Poultry</a>
                </li>
            </ul>
        </li>
        <li>
            <a class="estDynamic" href="https://www.spesati.com/fish">
                <img src="http://cdn.spesati.com/images/menu/fish.png"/>
                Fish            </a>
            <i class="fa fa-angle-right" aria-hidden="true"></i>
            <ul class="sub-menu">
                <li>
                    <a class="estDynamic" href="https://www.spesati.com/fish/fresh-water">Fresh water</a>
                </li>
                <li>
                    <a class="estDynamic" href="https://www.spesati.com/fish/salt-water">Salt water</a>
                </li>
                <li>
                    <a class="estDynamic" href="https://www.spesati.com/fish/mussels">Mussels</a>
                </li>
                <li>
                    <a class="estDynamic" href="https://www.spesati.com/fish/dried-and-salted">Dried and salted</a>
                </li>
                <li>
                    <a class="estDynamic" href="https://www.spesati.com/fish/seafood-salad">Seafood salad</a>
                </li>
                <li>
                    <a class="estDynamic" href="https://www.spesati.com/fish/prepared">Prepared</a>
                </li>
                <li>
                    <a class="estDynamic" href="https://www.spesati.com/fish/specialty">Specialty</a>
                </li>   
                <li>
                    <a class="estDynamic" href="https://www.spesati.com/fish/tuna-and-salmon">Tuna and salmon</a>
                </li>
            </ul>
        </li>
        <li>
            <a class="estDynamic" href="https://www.spesati.com/wine-beer-and-spirits">
                <img src="http://cdn.spesati.com/images/menu/alcohol.png"/>
                Wine beer and spirits            </a>
            <i class="fa fa-angle-right" aria-hidden="true"></i>
            <ul class="sub-menu">
                <li>
                    <a class="estDynamic" href="https://www.spesati.com/wine-beer-and-spirits/spirits-and-liquors">Alcohol</a>
                </li>
                <li>
                    <a class="estDynamic" href="https://www.spesati.com/wine-beer-and-spirits/bitters">Bitters</a>
                </li>
                <li>
                    <a class="estDynamic" href="https://www.spesati.com/wine-beer-and-spirits/aperatif">Aperatifs</a>
                </li>
                <li>
                    <a class="estDynamic" href="https://www.spesati.com/wine-beer-and-spirits/beer">Beer</a>
                </li>
                <li>
                    <a class="estDynamic" href="https://www.spesati.com/wine-beer-and-spirits/creams">Creams</a>
                </li>
                <li>
                    <a class="estDynamic" href="https://www.spesati.com/wine-beer-and-spirits/spirits">Spirits</a>
                </li>
                <li>
                    <a class="estDynamic" href="https://www.spesati.com/wine-beer-and-spirits/liquors">Liquors</a>
                </li>
                <li>
                    <a class="estDynamic" href="https://www.spesati.com/wine-beer-and-spirits/white-wine">White wine</a>
                </li>
                <li>
                    <a class="estDynamic" href="https://www.spesati.com/wine-beer-and-spirits/prosecco-wine">Prosecco wine</a>
                </li>
                <li>
                    <a class="estDynamic" href="https://www.spesati.com/wine-beer-and-spirits/rose-wine">Rose wine</a>
                </li>
                <li>
                    <a class="estDynamic" href="https://www.spesati.com/wine-beer-and-spirits/red-wine">Red wine</a>
                </li>
                <li>
                    <a class="estDynamic" href="https://www.spesati.com/wine-beer-and-spirits/specialty-wine">Special wine</a>
                </li>
                <li>
                    <a class="estDynamic" href="https://www.spesati.com/wine-beer-and-spirits/sparkling-wine">Sparkling wine</a>
                </li>
                <li>
                    <a class="estDynamic" href="https://www.spesati.com/wine-beer-and-spirits/vermentino-wine">Vermentino wine</a>
                </li>
            </ul>
        </li>
        <li>
            <a class="estDynamic" href="https://www.spesati.com/water-and-drinks">
                <img src="http://cdn.spesati.com/images/menu/water-and-drinks.png"/>
                Water and drinks            </a>
            <i class="fa fa-angle-right" aria-hidden="true"></i>
            <ul class="sub-menu">
                <li>
                    <a class="estDynamic" href="https://www.spesati.com/water-and-drinks/san-martino">San Martino</a>
                </li>
                <li>
                    <a class="estDynamic" href="https://www.spesati.com/water-and-drinks/water">Water</a>
                </li>
                <li>
                    <a class="estDynamic" href="https://www.spesati.com/water-and-drinks/alpro">Alpro</a>
                </li>
                <li>
                    <a class="estDynamic" href="https://www.spesati.com/water-and-drinks/fizzy-drinks">Fizzy drinks</a>
                </li>
                <li>
                    <a class="estDynamic" href="https://www.spesati.com/water-and-drinks/coca-cola">Coca-Cola</a>
                </li>
                <li>
                    <a class="estDynamic" href="https://www.spesati.com/water-and-drinks/energy-drink">Energy drink</a>
                </li>
                <li>
                    <a class="estDynamic" href="https://www.spesati.com/water-and-drinks/syrups">Syrups</a>
                </li>
                <li>
                    <a class="estDynamic" href="https://www.spesati.com/water-and-drinks/supplements">Supplements</a>
                </li>
                <li>
                    <a class="estDynamic" href="https://www.spesati.com/water-and-drinks/instant-drinks">Instant drinks</a>
                </li>
                <li>
                    <a class="estDynamic" href="https://www.spesati.com/water-and-drinks/juice">Juice</a>
                </li>
                <li>
                    <a class="estDynamic" href="https://www.spesati.com/water-and-drinks/tea">Tea</a>
                </li>
            </ul>
        </li>
        <li>
            <a class="estDynamic" href="https://www.spesati.com/sweets">
                <img src="http://cdn.spesati.com/images/menu/sweets.png"/>
                Sweets            </a>
            <i class="fa fa-angle-right" aria-hidden="true"></i>
            <ul class="sub-menu">
                <li>
                    <a class="estDynamic" href="https://www.spesati.com/sweets/bars-and-snacks">Bars and snacks</a>
                </li>
                <li>
                    <a class="estDynamic" href="https://www.spesati.com/sweets/biscuits">Biscuits</a>
                </li>
                <li>
                    <a class="estDynamic" href="https://www.spesati.com/sweets/brioches">Brioches</a>
                </li>
                <li>
                    <a class="estDynamic" href="https://www.spesati.com/sweets/candy-and-chewing-gum">Candy and chewing gum</a>
                </li>
                <li>
                    <a class="estDynamic" href="https://www.spesati.com/sweets/cereals">Cereals</a>
                </li>
                <li>
                    <a class="estDynamic" href="https://www.spesati.com/sweets/chocolate">Chocolate</a>
                </li>
                <li>
                    <a class="estDynamic" href="https://www.spesati.com/sweets/spreadable-creams">Spreads</a>
                </li>
                <li>
                    <a class="estDynamic" href="https://www.spesati.com/sweets/dessert-toppings">Dessert toppings</a>
                </li>
                <li>
                    <a class="estDynamic" href="https://www.spesati.com/sweets/jam">Jam</a>
                </li>
                <li>
                    <a class="estDynamic" href="https://www.spesati.com/sweets/honey">Honey</a>
                </li>
                <li>
                    <a class="estDynamic" href="https://www.spesati.com/sweets/panettoni-and-pandoro">Panettone and pandoro</a>
                </li>
                <li>
                    <a class="estDynamic" href="https://www.spesati.com/sweets/pastry">Pastry</a>
                </li>
                <li>
                    <a class="estDynamic" href="https://www.spesati.com/sweets/instant-dessert">Prepared</a>
                </li>
                <li>
                    <a class="estDynamic" href="https://www.spesati.com/sweets/cakes-and-pies">Cakes and pies</a>
                </li>
                <li>
                    <a class="estDynamic" href="https://www.spesati.com/sweets/easter-eggs-and-doves">Easter eggs and doves</a>
                </li>
            </ul>
        </li>
        <li>
            <a class="estDynamic" href="https://www.spesati.com/shelf">
                <img src="http://cdn.spesati.com/images/menu/shelf.png"/>
                Cupboard            </a>
            <i class="fa fa-angle-right" aria-hidden="true"></i>
            <ul class="sub-menu">
                <li>
                    <a class="estDynamic" href="https://www.spesati.com/shelf/coffee">Coffee</a>
                </li>
                <li>
                    <a class="estDynamic" href="https://www.spesati.com/shelf/gift-baskets">Gift baskets</a>
                </li>
                <li>
                    <a class="estDynamic" href="https://www.spesati.com/shelf/stock-cubes">Nuts and preparations</a>
                </li>
                <li>
                    <a class="estDynamic" href="https://www.spesati.com/shelf/flour-and-baking">Flour and baking</a>
                </li>
                <li>
                    <a class="estDynamic" href="https://www.spesati.com/shelf/milk">Milk</a>
                </li>
                <li>
                    <a class="estDynamic" href="https://www.spesati.com/shelf/oil-salt-vinegar">Oil, vinegar and salt</a>
                </li>
                <li>
                    <a class="estDynamic" href="https://www.spesati.com/shelf/cream-and-bechamel">Cream and bechamel</a>
                </li>
                <li>
                    <a class="estDynamic" href="https://www.spesati.com/shelf/crisps-and-pretzels">Crisps and pretzels</a>
                </li>
                <li>
                    <a class="estDynamic" href="https://www.spesati.com/shelf/baby-and-infants-products">Early childhood products</a>
                </li>
                <li>
                    <a class="estDynamic" href="https://www.spesati.com/shelf/rice">Rice</a>
                </li>
                <li>
                    <a class="estDynamic" href="https://www.spesati.com/shelf/tins-and-preserves">Tins and Preserves</a>
                </li>
                <li>
                    <a class="estDynamic" href="https://www.spesati.com/shelf/spices">Spices</a>
                </li>
                <li>
                    <a class="estDynamic" href="https://www.spesati.com/shelf/sauces">Sauces</a>
                </li>
                <li>
                    <a class="estDynamic" href="https://www.spesati.com/shelf/tea-and-infusions">Tea and infusions</a>
                </li>
                <li>
                    <a class="estDynamic" href="https://www.spesati.com/shelf/eggs">Eggs</a>
                </li>
                <li>
                    <a class="estDynamic" href="https://www.spesati.com/shelf/sugar-and-sweeteners">Sugar and sweeteners</a>
                </li>
            </ul>
        </li>
        <li>
            <a class="estDynamic" href="https://www.spesati.com/personal-care">
                <img src="http://cdn.spesati.com/images/menu/personal-care.png"/>
                Personal care            </a>
            <i class="fa fa-angle-right" aria-hidden="true"></i>
            <ul class="sub-menu">
                <li>
                    <a class="estDynamic" href="https://www.spesati.com/personal-care/accessories-and-cotton">Accessories and cotton</a>
                </li>
                <li>
                    <a class="estDynamic" href="https://www.spesati.com/personal-care/feminine-care-incontinence-and-baby-diapers">Feminine incontinence and diapers</a>
                </li>
                <li>
                    <a class="estDynamic" href="https://www.spesati.com/personal-care/shower-gel">Shower gel</a>
                </li>
                <li>
                    <a class="estDynamic" href="https://www.spesati.com/personal-care/creams">Creams</a>
                </li>
                <li>
                    <a class="estDynamic" href="https://www.spesati.com/personal-care/deodorant">Deodorant</a>
                </li>
                <li>
                    <a class="estDynamic" href="https://www.spesati.com/personal-care/hair-removal">Hair removal</a>
                </li>
                <li>
                    <a class="estDynamic" href="https://www.spesati.com/personal-care/disinfectants">Disinfectants</a>
                </li>
                <li>
                    <a class="estDynamic" href="https://www.spesati.com/personal-care/oral-hygiene">Oral hygiene</a>
                </li>
                <li>
                    <a class="estDynamic" href="https://www.spesati.com/personal-care/supplements-and-multivitamins">Supplements and multivitamins</a>
                </li>
                <li>
                    <a class="estDynamic" href="https://www.spesati.com/personal-care/first-aid">First aid label</a>
                </li>
                <li>
                    <a class="estDynamic" href="https://www.spesati.com/personal-care/beard-products">Beard products</a>
                </li>
                <li>
                    <a class="estDynamic" href="https://www.spesati.com/personal-care/hairs-products">Hair products</a>
                </li>
                <li>
                    <a class="estDynamic" href="https://www.spesati.com/personal-care/perfume">Perfumes</a>
                </li>
                <li>
                    <a class="estDynamic" href="https://www.spesati.com/personal-care/wipes">Wipes</a>
                </li>
                <li>
                    <a class="estDynamic" href="https://www.spesati.com/personal-care/soaps-and-body-wash">Soaps and body wash</a>
                </li>
                <li>
                    <a class="estDynamic" href="https://www.spesati.com/personal-care/shampoo-and-conditioner">Shampoo and conditioner</a>
                </li>
            </ul>
        </li>
        <li>
            <a class="estDynamic" href="https://www.spesati.com/household-and-outdoors">
                <img src="http://cdn.spesati.com/images/menu/pellet-and-home.png"/>
                Home and outdoors 
            </a>
            <i class="fa fa-angle-right" aria-hidden="true"></i>
            <ul class="sub-menu">
                <li>
                    <a class="estDynamic" href="https://www.spesati.com/household-and-outdoors/distilled-water">Distilled water</a>
                </li>
                <li>
                    <a class="estDynamic" href="https://www.spesati.com/household-and-outdoors/car-products">Cars</a>
                </li>
                <li>
                    <a class="estDynamic" href="https://www.spesati.com/household-and-outdoors/bin-bags-and-buckets">Bin bags and buckets</a>
                </li>
                <li>
                    <a class="estDynamic" href="https://www.spesati.com/household-and-outdoors/bleach-and-stain-removers">Bleach and stain removers</a>
                </li>
                <li>
                    <a class="estDynamic" href="https://www.spesati.com/household-and-outdoors/candles">Candles</a>
                </li>
                <li>
                    <a class="estDynamic" href="https://www.spesati.com/household-and-outdoors/kitchen-roll">Kitchen roll</a>
                </li>
                <li>
                    <a class="estDynamic" href="https://www.spesati.com/household-and-outdoors/air-fresheners">Air fresheners</a>
                </li>
                <li>
                    <a class="estDynamic" href="https://www.spesati.com/household-and-outdoors/laundry-accessories-and-detergent">Laundry detergent</a>
                </li>
                <li>
                    <a class="estDynamic" href="https://www.spesati.com/household-and-outdoors/dishwasher-and-washing-up">Dishwasher and washing up</a>
                </li>
                <li>
                    <a class="estDynamic" href="https://www.spesati.com/household-and-outdoors/gardening">Gardening</a>
                </li>
                <li>
                    <a class="estDynamic" href="https://www.spesati.com/household-and-outdoors/light-bulbs-and-batteries">Lightbulbs and batteries</a>
                </li>
                <li>
                    <a class="estDynamic" href="https://www.spesati.com/household-and-outdoors/pellet-and-bbq">Pellet and BBQ</a>
                </li>
                <li>
                    <a class="estDynamic" href="https://www.spesati.com/household-and-outdoors/bathroom-products">Bathroom products</a>
                </li>
                <li>
                    <a class="estDynamic" href="https://www.spesati.com/household-and-outdoors/home-and-furniture-products">Home and furniture products</a>
                </li>
                <li>
                    <a class="estDynamic" href="https://www.spesati.com/household-and-outdoors/kitchen-products">Kitchen products</a>
                </li>
                <li>
                    <a class="estDynamic" href="https://www.spesati.com/household-and-outdoors/window-and-floor-cleaners">Window and floor cleaner</a>
                </li>
                <li>
                    <a class="estDynamic" href="https://www.spesati.com/household-and-outdoors/repellents">Repellents</a>
                </li>
                <li>
                    <a class="estDynamic" href="https://www.spesati.com/household-and-outdoors/disposable-tableware">Disposable tableware</a>
                </li>
            </ul>
        </li>
        <li>
            <a class="estDynamic" href="https://www.spesati.com/pet">
                <img src="http://cdn.spesati.com/images/menu/animals.png"/>
                Pets            </a>
            <i class="fa fa-angle-right" aria-hidden="true"></i>
            <ul class="sub-menu">
                <li>
                    <a class="estDynamic" href="https://www.spesati.com/pets/pet-food-other-animals">Other animals pet food</a>
                </li>
                <li>
                    <a class="estDynamic" href="https://www.spesati.com/pets/pet-food-dogs">Pet food dogs</a>
                </li>
                <li>
                    <a class="estDynamic" href="https://www.spesati.com/pets/pet-food-cats">Pet food cats</a>
                </li>
                <li>
                    <a class="estDynamic" href="https://www.spesati.com/pets/hygiene-and-cleaning">Hygiene and cleaning</a>
                </li>
            </ul>
        </li>
        <li>
            <a class="estDynamic" href="https://www.spesati.com/technology">
                <img src="http://cdn.spesati.com/images/menu/technology.png"/>
                Technology            </a>
            <i class="fa fa-angle-right" aria-hidden="true"></i>
            <ul class="sub-menu">
                <li>
                    <a class="estDynamic" href="https://www.spesati.com/technology/accessories">Accessories</a>
                </li>
                <li>
                    <a class="estDynamic" href="https://www.spesati.com/technology/computer">Computer</a>
                </li>
                <li>
                    <a class="estDynamic" href="https://www.spesati.com/technology/telephones">Telephones</a>
                </li>
                <li>
                    <a class="estDynamic" href="https://www.spesati.com/technology/tv">TV</a>
                </li>
            </ul>
        </li>
        <li>
            <a class="estDynamic" href="https://www.spesati.com/gluten-free">
                <img src="http://cdn.spesati.com/images/menu/gluten-free.png"/>
                Gluten free            </a>
            <i class="fa fa-angle-right" aria-hidden="true"></i>
            <ul class="sub-menu">
                <li>
                    <a class="estDynamic" href="https://www.spesati.com/gluten-free/frozen-foods">Frozen foods</a>
                </li>
                <li>
                    <a class="estDynamic" href="https://www.spesati.com/gluten-free/beer">Beer</a>
                </li>
                <li>
                    <a class="estDynamic" href="https://www.spesati.com/gluten-free/sweets">Sweets</a>
                </li>
                <li>
                    <a class="estDynamic" href="https://www.spesati.com/gluten-free/bread-and-pasta">Bread and pasta</a>
                </li>
                <li>
                    <a class="estDynamic" href="https://www.spesati.com/gluten-free/shelf">Cupboard</a>
                </li>
            </ul>
        </li>
        <li>
            <a class="estDynamic" href="https://www.spesati.com/lactose-free">
                <img src="http://cdn.spesati.com/images/menu/lactose-free.png"/>
                Lactose free            </a>
            <i class="fa fa-angle-right" aria-hidden="true"></i>
            <ul class="sub-menu">
                <li>
                    <a class="estDynamic" href="https://www.spesati.com/lactose-free/frozen-foods">Frozen foods</a>
                </li>
                <li>
                    <a class="estDynamic" href="https://www.spesati.com/lactose-free/sweets">Sweets</a>
                </li>
                <li>
                    <a class="estDynamic" href="https://www.spesati.com/lactose-free/dairy-product">Dairy product</a>
                </li>
                <li>
                    <a class="estDynamic" href="https://www.spesati.com/lactose-free/shelf">Cupboard</a>
                </li>
            </ul>
        </li>
        <li>
            <a class="estDynamic" href="https://www.spesati.com/special">
                <img src="http://cdn.spesati.com/images/menu/special.png"/>
                Special            </a>
            <i class="fa fa-angle-right" aria-hidden="true"></i>
            <ul class="sub-menu">
                <li>
                    <a class="estDynamic" href="https://www.spesati.com/special/alpro">Alpro</a>
                </li>
                <li>
                    <a class="estDynamic" href="https://www.spesati.com/special/organic">Biological</a>
                </li>
                <li>
                    <a class="estDynamic" href="https://www.spesati.com/special/meat">Meat</a>
                </li>
                <li>
                    <a class="estDynamic" href="https://www.spesati.com/special/wholegrain">Wholegrain</a>
                </li>
                <li>
                    <a class="estDynamic" href="https://www.spesati.com/special/bread-and-pasta">Bread and pasta</a>
                </li>
                <li>
                    <a class="estDynamic" href="https://www.spesati.com/special/vegan">Vegan</a>
                </li>
            </ul>
        </li>
        <li>
            <a class="estDynamic" href="https://www.spesati.com/sardinian-products">
                <img src="http://cdn.spesati.com/images/menu/sardinian-products.png"/>
                Sardinian products            </a>
            <i class="fa fa-angle-right" aria-hidden="true"></i>
            <ul class="sub-menu">
                <li>
                    <a class="estDynamic" href="https://www.spesati.com/sardinian-products/drinks">Drinks</a>
                </li>
                <li>
                    <a class="estDynamic" href="https://www.spesati.com/sardinian-products/meat">Meat</a>
                </li>
                <li>
                    <a class="estDynamic" href="https://www.spesati.com/sardinian-products/sweets">Sweets</a>
                </li>
                <li>
                    <a class="estDynamic" href="https://www.spesati.com/sardinian-products/fruit-and-vegetables">Fruit and vegetables</a>
                </li>
                <li>
                    <a class="estDynamic" href="https://www.spesati.com/sardinian-products/ichnusa">Ichnusa</a>
                </li>
                <li>
                    <a class="estDynamic" href="https://www.spesati.com/sardinian-products/dairy-product">Dairy product</a>
                </li>
                <li>
                    <a class="estDynamic" href="https://www.spesati.com/sardinian-products/bread-and-pasta">Bread and pasta</a>
                </li>
                <li>
                    <a class="estDynamic" href="https://www.spesati.com/sardinian-products/fish">Fish</a>
                </li>
                <li>
                    <a class="estDynamic" href="https://www.spesati.com/sardinian-products/cured-meat">Cured meat</a>
                </li>
                <li>
                    <a class="estDynamic" href="https://www.spesati.com/sardinian-products/shelf">Cupboard</a>
                </li>
                <li>
                    <a class="estDynamic" href="https://www.spesati.com/sardinian-products/vermentino-wine">Vermentino wine</a>
                </li>
                <li>
                    <a class="estDynamic" href="https://www.spesati.com/sardinian-products/wine-beer-and-spirits">Wine beer and spirits</a>
                </li>
            </ul>
        </li>
    </ul>
</div>    <div class="colRight">
        <div class="title mobile">
	<a href="https://www.spesati.com/shelf"><i class="fa red fa-angle-left fa-3x mobile" aria-hidden="true"></i></a>
	<h2>
		<b>
			tea and infusions		</b>
	</h2>
</div>

<div class="breadcrumb bgGrey internal">
	<p>
		<b>
			<a href="https://www.spesati.com/">Home</a>
												&gt; <a href="https://www.spesati.com/shelf">Cupboard</a>
																&gt; Tea and infusions									</b>
	</p>
	<div>
		<p>Order by</p>
		<select name="orderProd" id="orderProd">
			<option disabled="disabled" selected="selected">- Choose -</option>
			<option value="nameAsc">Name (A - Z)</option>
			<option value="nameDes">Name (Z - A)</option>
			<option value="priceHigh">Price - High to low</option>
			<option value="priceLow">Price - Low to high</option>
			<option value="soldAsc">Best Selling</option>
			<option value="available">Availability</option>
		</select>
	</div>
</div>
        <div class="containerProduct">
            <script type='text/javascript'>var track = '{"event":"ViewContent", "type":"category", "id":"Scaffale", "subids":["The-Infusi"], "url":"https://www.spesati.com/shelf/tea-and-infusions"}';</script>
<script>
gtag('event', 'select_content', {content_type: 'category', item_id: 'Scaffale'});gtag('event', 'select_content', {content_type: 'category', item_id: 'The-Infusi'});
</script>
<div class="left product prod1"
        data-name="Tia Maria Canapa Sativa 2 Grammi"
        data-price="13.20"
        data-id="60264"
        data-available="yes"
        data-category="2073"
        data-bestselling="">
    <a href="https://www.spesati.com/tia-maria-canapa-sativa-2-grammi">
        <div style="background-image: url('https://cdn.spesati.com/images/products/171822/tia-maria-canapa-01.jpg')">
            <div class="hover"></div>
            
            <div class="stickers"></div>
        </div>
    </a>
    <div>
        <h4><a href="https://www.spesati.com/tia-maria-canapa-sativa-2-grammi"><b>Tia Maria Canapa Sativa 2 Grammi</b></a></h4>
        <p class="description">0.002 Kg</p>
        <p class="right price"><b>13.20 €</b></p>
        <p class="right unitPrice">6.10 € per kg</p>
    </div>
    <div class="contButton">
    <a class="button bgRed white addToCart" href="#">Add</a>
</div>
</div><div class="left product prod2"
        data-name="Infuso Fred Pomp Mang/anan 18f"
        data-price="3.88"
        data-id="78726"
        data-available="yes"
        data-category="2073"
        data-bestselling="">
    <a href="https://www.spesati.com/infuso-fred-pomp-manganan-18f">
        <div style="background-image: url('https://cdn.spesati.com/images/products/000472886/pompadour-fredde-infusioni-mango-e-ananas-18-x-25-g-01.png')">
            <div class="hover"></div>
            
            <div class="stickers"></div>
        </div>
    </a>
    <div>
        <h4><a href="https://www.spesati.com/infuso-fred-pomp-manganan-18f"><b>Infuso Fred Pomp Mang/anan 18f</b></a></h4>
        <p class="description">Pompadour Fredde Infusioni Mango e Ananas 18 x 2,5 g</p>
        <p class="right price"><b>3.88 €</b></p>
        <p class="right unitPrice">77.58 € per kg</p>
    </div>
    <div class="contButton">
    <a class="button bgRed white addToCart" href="#">Add</a>
</div>
</div><div class="left product prod3"
        data-name="Inf Pompad F Rossi 10 Vitam 20"
        data-price="2.79"
        data-id="78958"
        data-available="yes"
        data-category="2073"
        data-bestselling="">
    <a href="https://www.spesati.com/inf-pompad-f-rossi-10-vitam-20">
        <div style="background-image: url('https://cdn.spesati.com/images/products/000472288/pompadour-infuso-frutti-rossi-a-colazione-bustine-20-x-25-g-01.png')">
            <div class="hover"></div>
            
            <div class="stickers"></div>
        </div>
    </a>
    <div>
        <h4><a href="https://www.spesati.com/inf-pompad-f-rossi-10-vitam-20"><b>Inf Pompad F Rossi 10 Vitam 20</b></a></h4>
        <p class="description">Pompadour Infuso Frutti Rossi a Colazione bustine 20 x 2,5 g</p>
        <p class="right price"><b>2.79 €</b></p>
        <p class="right unitPrice">55.79 € per kg</p>
    </div>
    <div class="contButton">
    <a class="button bgRed white addToCart" href="#">Add</a>
</div>
</div><div class="left product prod4"
        data-name="Camom Sog D'or Doppio Fior 14f"
        data-price="4.28"
        data-id="64869"
        data-available="yes"
        data-category="2073"
        data-bestselling="">
    <a href="https://www.spesati.com/camom-sog-dor-doppio-fior-14f">
        <div style="background-image: url('https://cdn.spesati.com/images/products/000438100/sognidoro-la-camomilla-doppiofiore-14-x-18-g-01.png')">
            <div class="hover"></div>
            
            <div class="stickers"></div>
        </div>
    </a>
    <div>
        <h4><a href="https://www.spesati.com/camom-sog-dor-doppio-fior-14f"><b>Camom Sog D'or Doppio Fior 14f</b></a></h4>
        <p class="description">Sognid'oro La Camomilla DoppioFiore 14 x 1,8 g</p>
        <p class="right price"><b>4.28 €</b></p>
        <p class="right unitPrice">85.64 € per kg</p>
    </div>
    <div class="contButton">
    <a class="button bgRed white addToCart" href="#">Add</a>
</div>
</div><div class="left product prod5"
        data-name="Tisana Pompad Buonanot Bio 15f"
        data-price="3.54"
        data-id="63525"
        data-available="yes"
        data-category="2073"
        data-bestselling="">
    <a href="https://www.spesati.com/tisana-pompad-buonanot-bio-15f">
        <div style="background-image: url('https://cdn.spesati.com/images/products/000437861/pompadour-le-tisane-buona-notte-con-passiflora-e-canapa-15-x-2-g-01.png')">
            <div class="hover"></div>
            
            <div class="stickers"></div>
        </div>
    </a>
    <div>
        <h4><a href="https://www.spesati.com/tisana-pompad-buonanot-bio-15f"><b>Tisana Pompad Buonanot Bio 15f</b></a></h4>
        <p class="description">Pompadour Le Tisane Buona Notte con Passiflora e Canapa* 15 x 2 g</p>
        <p class="right price"><b>3.54 €</b></p>
        <p class="right unitPrice">117.98 € per kg</p>
    </div>
    <div class="contButton">
    <a class="button bgRed white addToCart" href="#">Add</a>
</div>
</div><div class="left product prod6"
        data-name="Tisana Pompad Antioss Bio 15f"
        data-price="3.53"
        data-id="63522"
        data-available="yes"
        data-category="2073"
        data-bestselling="1">
    <a href="https://www.spesati.com/tisana-pompad-antioss-bio-15f">
        <div style="background-image: url('https://cdn.spesati.com/images/products/000437860/pompadour-le-tisane-antiossidante-con-rosa-canina-e-acerola-15-x-3-g-01.png')">
            <div class="hover"></div>
            <p class="arrow bgRed white">Best Seller</p>
            <div class="stickers"></div>
        </div>
    </a>
    <div>
        <h4><a href="https://www.spesati.com/tisana-pompad-antioss-bio-15f"><b>Tisana Pompad Antioss Bio 15f</b></a></h4>
        <p class="description">Pompadour Le Tisane Antiossidante con Rosa Canina e Acerola 15 x 3 g</p>
        <p class="right price"><b>3.53 €</b></p>
        <p class="right unitPrice">117.54 € per kg</p>
    </div>
    <div class="contButton">
    <a class="button bgRed white addToCart" href="#">Add</a>
</div>
</div><div class="left product prod7"
        data-name="Tisana Pompad Digestiv Bio 15f"
        data-price="3.54"
        data-id="63519"
        data-available="yes"
        data-category="2073"
        data-bestselling="">
    <a href="https://www.spesati.com/tisana-pompad-digestiv-bio-15f">
        <div style="background-image: url('https://cdn.spesati.com/images/products/000437859/pompadour-le-tisane-digestiva-con-camomilla-e-finocchio-15-x-2-g-01.png')">
            <div class="hover"></div>
            
            <div class="stickers"></div>
        </div>
    </a>
    <div>
        <h4><a href="https://www.spesati.com/tisana-pompad-digestiv-bio-15f"><b>Tisana Pompad Digestiv Bio 15f</b></a></h4>
        <p class="description">Pompadour Le Tisane Digestiva con Camomilla e Finocchio 15 x 2 g</p>
        <p class="right price"><b>3.54 €</b></p>
        <p class="right unitPrice">117.98 € per kg</p>
    </div>
    <div class="contButton">
    <a class="button bgRed white addToCart" href="#">Add</a>
</div>
</div><div class="left product prod8"
        data-name="Tisana Pompad Depurat Bio 15f"
        data-price="3.52"
        data-id="63516"
        data-available="yes"
        data-category="2073"
        data-bestselling="">
    <a href="https://www.spesati.com/tisana-pompad-depurat-bio-15f">
        <div style="background-image: url('https://cdn.spesati.com/images/products/000437858/pompadour-le-tisane-depurativa-con-tarassaco-e-curcuma-15-x-2-g-01.png')">
            <div class="hover"></div>
            
            <div class="stickers"></div>
        </div>
    </a>
    <div>
        <h4><a href="https://www.spesati.com/tisana-pompad-depurat-bio-15f"><b>Tisana Pompad Depurat Bio 15f</b></a></h4>
        <p class="description">Pompadour Le Tisane Depurativa con Tarassaco e Curcuma 15 x 2 g</p>
        <p class="right price"><b>3.52 €</b></p>
        <p class="right unitPrice">117.26 € per kg</p>
    </div>
    <div class="contButton">
    <a class="button bgRed white addToCart" href="#">Add</a>
</div>
</div><div class="left product prod9"
        data-name="Tisana Pompad Relax Bio 15f"
        data-price="3.49"
        data-id="63513"
        data-available="yes"
        data-category="2073"
        data-bestselling="">
    <a href="https://www.spesati.com/tisana-pompad-relax-bio-15f">
        <div style="background-image: url('https://cdn.spesati.com/images/products/000437857/pompadour-le-tisane-relax-con-valeriana-e-melissa-15-x-2-g-01.png')">
            <div class="hover"></div>
            
            <div class="stickers"></div>
        </div>
    </a>
    <div>
        <h4><a href="https://www.spesati.com/tisana-pompad-relax-bio-15f"><b>Tisana Pompad Relax Bio 15f</b></a></h4>
        <p class="description">Pompadour Le Tisane Relax con Valeriana e Melissa 15 x 2 g</p>
        <p class="right price"><b>3.49 €</b></p>
        <p class="right unitPrice">116.35 € per kg</p>
    </div>
    <div class="contButton">
    <a class="button bgRed white addToCart" href="#">Add</a>
</div>
</div><div class="left product prod10"
        data-name="Camom Solub Sog D'or C/mel 16f"
        data-price="4.47"
        data-id="64374"
        data-available="yes"
        data-category="2073"
        data-bestselling="">
    <a href="https://www.spesati.com/camom-solub-sog-dor-cmel-16f">
        <div style="background-image: url('https://cdn.spesati.com/images/products/000119730/sognidoro-plus-le-camomille-melatonina-bustine-16-x-4-g-01.png')">
            <div class="hover"></div>
            
            <div class="stickers"></div>
        </div>
    </a>
    <div>
        <h4><a href="https://www.spesati.com/camom-solub-sog-dor-cmel-16f"><b>Camom Solub Sog D'or C/mel 16f</b></a></h4>
        <p class="description">Sognid'oro Plus le Camomille Melatonina bustine 16 x 4 g</p>
        <p class="right price"><b>4.47 €</b></p>
        <p class="right unitPrice">74.45 € per kg</p>
    </div>
    <div class="contButton">
    <a class="button bgRed white addToCart" href="#">Add</a>
</div>
</div><div class="left product prod11"
        data-name="Te'lipton 50 Filtri"
        data-price="4.09"
        data-id="26873"
        data-available="yes"
        data-category="2073"
        data-bestselling="">
    <a href="https://www.spesati.com/telipton-50-filtri">
        <div style="background-image: url('https://cdn.spesati.com/images/products/000119217/lipton-te-verde-classico-50-filtri-65-g-01.png')">
            <div class="hover"></div>
            
            <div class="stickers"></div>
        </div>
    </a>
    <div>
        <h4><a href="https://www.spesati.com/telipton-50-filtri"><b>Te'lipton 50 Filtri</b></a></h4>
        <p class="description">Lipton Tè Verde Classico 50 Filtri 65 g</p>
        <p class="right price"><b>4.09 €</b></p>
        <p class="right unitPrice">54.53 € per kg</p>
    </div>
    <div class="contButton">
    <a class="button bgRed white addToCart" href="#">Add</a>
</div>
</div><div class="left product prod12"
        data-name="Tè Twining Verde Zenzero 25 Filtri"
        data-price="4.70"
        data-id="6409"
        data-available="yes"
        data-category="2073"
        data-bestselling="">
    <a href="https://www.spesati.com/te-twining-verde-zenzero-25-filtri">
        <div style="background-image: url('https://cdn.spesati.com/images/products/000117335/twinings-te-verde-aromatizzato-zenzero-e-lemongrass-25-x-2-g-01.png')">
            <div class="hover"></div>
            
            <div class="stickers"></div>
        </div>
    </a>
    <div>
        <h4><a href="https://www.spesati.com/te-twining-verde-zenzero-25-filtri"><b>Tè Twining Verde Zenzero 25 Filtri</b></a></h4>
        <p class="description">Twinings Tè Verde Aromatizzato Zenzero e Lemongrass 25 x 2 g</p>
        <p class="right price"><b>4.70 €</b></p>
        <p class="right unitPrice">0.19 € per piece</p>
    </div>
    <div class="contButton">
    <a class="button bgRed white addToCart" href="#">Add</a>
</div>
</div><div class="left product prod13"
        data-name="Te twinings earl grey tea latta 100 gr"
        data-price="6.53"
        data-id="5090"
        data-available="yes"
        data-category="2073"
        data-bestselling="">
    <a href="https://www.spesati.com/te-twinings-earl-grey-tea-latta-100-gr">
        <div style="background-image: url('https://cdn.spesati.com/images/products/000117309/twinings-earl-grey-tea-100-g-01.png')">
            <div class="hover"></div>
            
            <div class="stickers"></div>
        </div>
    </a>
    <div>
        <h4><a href="https://www.spesati.com/te-twinings-earl-grey-tea-latta-100-gr"><b>Te twinings earl grey tea latta 100 gr</b></a></h4>
        <p class="description">Twinings Earl Grey Tea 100 g</p>
        <p class="right price"><b>6.53 €</b></p>
        <p class="right unitPrice">65.33 € per kg</p>
    </div>
    <div class="contButton">
    <a class="button bgRed white addToCart" href="#">Add</a>
</div>
</div><div class="left product prod14"
        data-name="Te'twin Engl Break Latta 100gr"
        data-price="5.89"
        data-id="26589"
        data-available="yes"
        data-category="2073"
        data-bestselling="">
    <a href="https://www.spesati.com/tetwin-engl-break-latta-100gr">
        <div style="background-image: url('https://cdn.spesati.com/images/products/000117308/twinings-english-breakfast-tea-100-g-01.png')">
            <div class="hover"></div>
            
            <div class="stickers"></div>
        </div>
    </a>
    <div>
        <h4><a href="https://www.spesati.com/tetwin-engl-break-latta-100gr"><b>Te'twin Engl Break Latta 100gr</b></a></h4>
        <p class="description">Twinings English Breakfast Tea 100 g</p>
        <p class="right price"><b>5.89 €</b></p>
        <p class="right unitPrice">58.91 € per kg</p>
    </div>
    <div class="contButton">
    <a class="button bgRed white addToCart" href="#">Add</a>
</div>
</div><div class="left product prod15"
        data-name="Te'twining Special White 25fl"
        data-price="7.37"
        data-id="26534"
        data-available="yes"
        data-category="2073"
        data-bestselling="">
    <a href="https://www.spesati.com/tetwining-special-white-25fl">
        <div style="background-image: url('https://cdn.spesati.com/images/products/000117069/twinings-speciality-pure-white-tea-375-g-01.png')">
            <div class="hover"></div>
            
            <div class="stickers"></div>
        </div>
    </a>
    <div>
        <h4><a href="https://www.spesati.com/tetwining-special-white-25fl"><b>Te'twining Special White 25fl</b></a></h4>
        <p class="description">Twinings Speciality Pure White Tea 37,5 g</p>
        <p class="right price"><b>7.37 €</b></p>
        <p class="right unitPrice">199.07 € per kg</p>
    </div>
    <div class="contButton">
    <a class="button bgRed white addToCart" href="#">Add</a>
</div>
</div><div class="left product prod16"
        data-name="Te'twining Verde Pure Green 50"
        data-price="9.01"
        data-id="26492"
        data-available="yes"
        data-category="2073"
        data-bestselling="">
    <a href="https://www.spesati.com/tetwining-verde-pure-green-50">
        <div style="background-image: url('https://cdn.spesati.com/images/products/000116861/twinings-te-verde-pure-green-tea-50-x-2g-01.png')">
            <div class="hover"></div>
            
            <div class="stickers"></div>
        </div>
    </a>
    <div>
        <h4><a href="https://www.spesati.com/tetwining-verde-pure-green-50"><b>Te'twining Verde Pure Green 50</b></a></h4>
        <p class="description">Twinings Tè Verde Pure Green Tea 50 x 2g</p>
        <p class="right price"><b>9.01 €</b></p>
        <p class="right unitPrice">90.12 € per kg</p>
    </div>
    <div class="contButton">
    <a class="button bgRed white addToCart" href="#">Add</a>
</div>
</div><div class="left product prod17"
        data-name="Te'star Verde 25 Filtri"
        data-price="2.38"
        data-id="26441"
        data-available="yes"
        data-category="2073"
        data-bestselling="">
    <a href="https://www.spesati.com/testar-verde-25-filtri">
        <div style="background-image: url('https://cdn.spesati.com/images/products/000116444/star-tea-verde-25-x-16-g-01.png')">
            <div class="hover"></div>
            
            <div class="stickers"></div>
        </div>
    </a>
    <div>
        <h4><a href="https://www.spesati.com/testar-verde-25-filtri"><b>Te'star Verde 25 Filtri</b></a></h4>
        <p class="description">Star Tea Verde 25 x 1,6 g</p>
        <p class="right price"><b>2.38 €</b></p>
        <p class="right unitPrice">2.38 € per piece</p>
    </div>
    <div class="contButton">
    <a class="button bgRed white addToCart" href="#">Add</a>
</div>
</div><div class="left product prod18"
        data-name="Star The Deteinato"
        data-price="3.17"
        data-id="4154"
        data-available="yes"
        data-category="2073"
        data-bestselling="">
    <a href="https://www.spesati.com/star-the-deteinato">
        <div style="background-image: url('https://cdn.spesati.com/images/products/000116439/star-tea-deteinato-25-x-15-g-01.png')">
            <div class="hover"></div>
            
            <div class="stickers"></div>
        </div>
    </a>
    <div>
        <h4><a href="https://www.spesati.com/star-the-deteinato"><b>Star The Deteinato</b></a></h4>
        <p class="description">Star Tea Deteinato 25 x 1,5 g</p>
        <p class="right price"><b>3.17 €</b></p>
        <p class="right unitPrice">3.17 € per piece</p>
    </div>
    <div class="contButton">
    <a class="button bgRed white addToCart" href="#">Add</a>
</div>
</div><div class="left product prod19"
        data-name="Star The Miscela Classica"
        data-price="1.71"
        data-id="3137"
        data-available="yes"
        data-category="2073"
        data-bestselling="1">
    <a href="https://www.spesati.com/star-the-miscela-classica">
        <div style="background-image: url('https://cdn.spesati.com/images/products/000116434/star-tea-classico-25-x-15-g-01.png')">
            <div class="hover"></div>
            <p class="arrow bgRed white">Best Seller</p>
            <div class="stickers"></div>
        </div>
    </a>
    <div>
        <h4><a href="https://www.spesati.com/star-the-miscela-classica"><b>Star The Miscela Classica</b></a></h4>
        <p class="description">Star Tea Classico 25 x 1,5 g</p>
        <p class="right price"><b>1.71 €</b></p>
        <p class="right unitPrice">0.07 € per kg</p>
    </div>
    <div class="contButton">
    <a class="button bgRed white addToCart" href="#">Add</a>
</div>
</div><div class="left product prod20"
        data-name="Twining The Verde Pure X25 Filtri"
        data-price="4.01"
        data-id="4967"
        data-available="yes"
        data-category="2073"
        data-bestselling="">
    <a href="https://www.spesati.com/twining-the-verde-pure-x25-filtri">
        <div style="background-image: url('https://cdn.spesati.com/images/products/000116410/twinings-te-verde-pure-green-tea-25-x-2-g-01.png')">
            <div class="hover"></div>
            
            <div class="stickers"></div>
        </div>
    </a>
    <div>
        <h4><a href="https://www.spesati.com/twining-the-verde-pure-x25-filtri"><b>Twining The Verde Pure X25 Filtri</b></a></h4>
        <p class="description">Twinings Tè Verde Pure Green Tea 25 x 2 g</p>
        <p class="right price"><b>4.01 €</b></p>
        <p class="right unitPrice">4.02 € per piece</p>
    </div>
    <div class="contButton">
    <a class="button bgRed white addToCart" href="#">Add</a>
</div>
</div><div class="left product prod21"
        data-name="Te'twining Earl Grey 100ft"
        data-price="16.86"
        data-id="26434"
        data-available="yes"
        data-category="2073"
        data-bestselling="">
    <a href="https://www.spesati.com/tetwining-earl-grey-100ft">
        <div style="background-image: url('https://cdn.spesati.com/images/products/000116409/twinings-earl-grey-tea-200-g-01.png')">
            <div class="hover"></div>
            
            <div class="stickers"></div>
        </div>
    </a>
    <div>
        <h4><a href="https://www.spesati.com/tetwining-earl-grey-100ft"><b>Te'twining Earl Grey 100ft</b></a></h4>
        <p class="description">Twinings Earl Grey Tea 200 g</p>
        <p class="right price"><b>16.86 €</b></p>
        <p class="right unitPrice">42.14 € per kg</p>
    </div>
    <div class="contButton">
    <a class="button bgRed white addToCart" href="#">Add</a>
</div>
</div><div class="left product prod22"
        data-name="Te'twining English Break 100fl"
        data-price="16.86"
        data-id="26433"
        data-available="yes"
        data-category="2073"
        data-bestselling="">
    <a href="https://www.spesati.com/tetwining-english-break-100fl">
        <div style="background-image: url('https://cdn.spesati.com/images/products/000116408/twinings-english-breakfast-tea-200-g-01.png')">
            <div class="hover"></div>
            
            <div class="stickers"></div>
        </div>
    </a>
    <div>
        <h4><a href="https://www.spesati.com/tetwining-english-break-100fl"><b>Te'twining English Break 100fl</b></a></h4>
        <p class="description">Twinings English Breakfast Tea 200 g</p>
        <p class="right price"><b>16.86 €</b></p>
        <p class="right unitPrice">134.85 € per kg</p>
    </div>
    <div class="contButton">
    <a class="button bgRed white addToCart" href="#">Add</a>
</div>
</div><div class="left product prod23"
        data-name="Te'twining Lemon Tea Scent 25f"
        data-price="4.29"
        data-id="26432"
        data-available="yes"
        data-category="2073"
        data-bestselling="">
    <a href="https://www.spesati.com/tetwining-lemon-tea-scent-25f">
        <div style="background-image: url('https://cdn.spesati.com/images/products/000116406/twinings-classics-lemon-scented-tea-50-g-01.png')">
            <div class="hover"></div>
            
            <div class="stickers"></div>
        </div>
    </a>
    <div>
        <h4><a href="https://www.spesati.com/tetwining-lemon-tea-scent-25f"><b>Te'twining Lemon Tea Scent 25f</b></a></h4>
        <p class="description">Twinings Classics Lemon Scented Tea 50 g</p>
        <p class="right price"><b>4.29 €</b></p>
        <p class="right unitPrice">4.29 € per piece</p>
    </div>
    <div class="contButton">
    <a class="button bgRed white addToCart" href="#">Add</a>
</div>
</div><div class="left product prod24"
        data-name="The Twinings Nero Aroma Pesca"
        data-price="5.64"
        data-id="22948"
        data-available="yes"
        data-category="2073"
        data-bestselling="">
    <a href="https://www.spesati.com/the-twinings-nero-aroma-pesca">
        <div style="background-image: url('https://cdn.spesati.com/images/products/000116405/twinings-peach-tea-50-g-01.png')">
            <div class="hover"></div>
            
            <div class="stickers"></div>
        </div>
    </a>
    <div>
        <h4><a href="https://www.spesati.com/the-twinings-nero-aroma-pesca"><b>The Twinings Nero Aroma Pesca</b></a></h4>
        <p class="description">Twinings Peach Tea 50 g</p>
        <p class="right price"><b>5.64 €</b></p>
        <p class="right unitPrice">5.64 € per piece</p>
    </div>
    <div class="contButton">
    <a class="button bgRed white addToCart" href="#">Add</a>
</div>
</div><div class="left product prod25"
        data-name="Te'twining Nero Arom Fr Rossi"
        data-price="4.79"
        data-id="26431"
        data-available="yes"
        data-category="2073"
        data-bestselling="">
    <a href="https://www.spesati.com/tetwining-nero-arom-fr-rossi">
        <div style="background-image: url('https://cdn.spesati.com/images/products/000116404/twinings-te-nero-aromatizzato-frutti-rossi-25-x-2-g-01.png')">
            <div class="hover"></div>
            
            <div class="stickers"></div>
        </div>
    </a>
    <div>
        <h4><a href="https://www.spesati.com/tetwining-nero-arom-fr-rossi"><b>Te'twining Nero Arom Fr Rossi</b></a></h4>
        <p class="description">Twinings Tè nero aromatizzato Frutti Rossi 25 x 2 g</p>
        <p class="right price"><b>4.79 €</b></p>
        <p class="right unitPrice">4.80 € per piece</p>
    </div>
    <div class="contButton">
    <a class="button bgRed white addToCart" href="#">Add</a>
</div>
</div><div class="left product prod26"
        data-name="Twining The English Break X25 F"
        data-price="4.29"
        data-id="4966"
        data-available="yes"
        data-category="2073"
        data-bestselling="1">
    <a href="https://www.spesati.com/twining-the-english-break-x25-f">
        <div style="background-image: url('https://cdn.spesati.com/images/products/000116403/twinings-classics-english-breakfast-tea-50-g-01.png')">
            <div class="hover"></div>
            <p class="arrow bgRed white">Best Seller</p>
            <div class="stickers"></div>
        </div>
    </a>
    <div>
        <h4><a href="https://www.spesati.com/twining-the-english-break-x25-f"><b>Twining The English Break X25 F</b></a></h4>
        <p class="description">Twinings Classics English Breakfast Tea 50 g</p>
        <p class="right price"><b>4.29 €</b></p>
        <p class="right unitPrice">4.29 € per piece</p>
    </div>
    <div class="contButton">
    <a class="button bgRed white addToCart" href="#">Add</a>
</div>
</div><div class="left product prod27"
        data-name="Twining The Early Grey X25 Filtri"
        data-price="4.29"
        data-id="4965"
        data-available="yes"
        data-category="2073"
        data-bestselling="">
    <a href="https://www.spesati.com/twining-the-early-grey-x25-filtri">
        <div style="background-image: url('https://cdn.spesati.com/images/products/000116402/twinings-classics-earl-grey-tea-50-g-01.png')">
            <div class="hover"></div>
            
            <div class="stickers"></div>
        </div>
    </a>
    <div>
        <h4><a href="https://www.spesati.com/twining-the-early-grey-x25-filtri"><b>Twining The Early Grey X25 Filtri</b></a></h4>
        <p class="description">Twinings Classics Earl Grey Tea 50 g</p>
        <p class="right price"><b>4.29 €</b></p>
        <p class="right unitPrice">4.29 € per piece</p>
    </div>
    <div class="contButton">
    <a class="button bgRed white addToCart" href="#">Add</a>
</div>
</div><div class="left product prod28"
        data-name="Te'maraviglia Clas Bst 100 Fil"
        data-price="4.83"
        data-id="86200"
        data-available="yes"
        data-category="2073"
        data-bestselling="">
    <a href="https://www.spesati.com/temaraviglia-clas-bst-100-fil">
        <div style="background-image: url('https://cdn.spesati.com/images/products/000116356/maraviglia-fine-classic-tea-buste-filtro-100-x-15-g-01.png')">
            <div class="hover"></div>
            
            <div class="stickers"></div>
        </div>
    </a>
    <div>
        <h4><a href="https://www.spesati.com/temaraviglia-clas-bst-100-fil"><b>Te'maraviglia Clas Bst 100 Fil</b></a></h4>
        <p class="description">Maraviglia Fine Classic Tea Buste Filtro 100 x 1,5 g</p>
        <p class="right price"><b>4.83 €</b></p>
        <p class="right unitPrice">16.64 € per kg</p>
    </div>
    <div class="contButton">
    <a class="button bgRed white addToCart" href="#">Add</a>
</div>
</div><div class="left product prod29"
        data-name="Te'lipton Verde 25 Filtri"
        data-price="2.35"
        data-id="26406"
        data-available="yes"
        data-category="2073"
        data-bestselling="">
    <a href="https://www.spesati.com/telipton-verde-25-filtri">
        <div style="background-image: url('https://cdn.spesati.com/images/products/000116343/lipton-te-verde-classico-25-filtri-325-g-01.png')">
            <div class="hover"></div>
            
            <div class="stickers"></div>
        </div>
    </a>
    <div>
        <h4><a href="https://www.spesati.com/telipton-verde-25-filtri"><b>Te'lipton Verde 25 Filtri</b></a></h4>
        <p class="description">Lipton Tè Verde Classico 25 Filtri 32,5 g</p>
        <p class="right price"><b>2.35 €</b></p>
        <p class="right unitPrice">2.35 € per piece</p>
    </div>
    <div class="contButton">
    <a class="button bgRed white addToCart" href="#">Add</a>
</div>
</div><div class="left product prod30"
        data-name="Te'lipton Deteinato 25f"
        data-price="2.99"
        data-id="26405"
        data-available="yes"
        data-category="2073"
        data-bestselling="">
    <a href="https://www.spesati.com/telipton-deteinato-25f">
        <div style="background-image: url('https://cdn.spesati.com/images/products/000116342/lipton-yellow-label-deteinato-25-filtri-375-g-01.png')">
            <div class="hover"></div>
            
            <div class="stickers"></div>
        </div>
    </a>
    <div>
        <h4><a href="https://www.spesati.com/telipton-deteinato-25f"><b>Te'lipton Deteinato 25f</b></a></h4>
        <p class="description">Lipton Yellow Label Deteinato 25 Filtri 37,5 g</p>
        <p class="right price"><b>2.99 €</b></p>
        <p class="right unitPrice">2.99 € per piece</p>
    </div>
    <div class="contButton">
    <a class="button bgRed white addToCart" href="#">Add</a>
</div>
</div><div class="left product prod31"
        data-name="Lipton The Yellow Label Squeezable"
        data-price="2.35"
        data-id="3134"
        data-available="yes"
        data-category="2073"
        data-bestselling="">
    <a href="https://www.spesati.com/lipton-the-yellow-label-squeezable">
        <div style="background-image: url('https://cdn.spesati.com/images/products/000116340/lipton-yellow-label-25-filtri-375-g-01.png')">
            <div class="hover"></div>
            
            <div class="stickers"></div>
        </div>
    </a>
    <div>
        <h4><a href="https://www.spesati.com/lipton-the-yellow-label-squeezable"><b>Lipton The Yellow Label Squeezable</b></a></h4>
        <p class="description">Lipton Yellow Label 25 Filtri 37,5 g</p>
        <p class="right price"><b>2.35 €</b></p>
        <p class="right unitPrice">0.10 € per piece</p>
    </div>
    <div class="contButton">
    <a class="button bgRed white addToCart" href="#">Add</a>
</div>
</div><div class="left product prod32"
        data-name="Infuso Star Sog D'or Finoc 20f"
        data-price="3.25"
        data-id="26394"
        data-available="yes"
        data-category="2073"
        data-bestselling="">
    <a href="https://www.spesati.com/infuso-star-sog-dor-finoc-20f">
        <div style="background-image: url('https://cdn.spesati.com/images/products/000116299/sognidoro-le-tisane-finocchio-bustine-20-x-2-g-01.png')">
            <div class="hover"></div>
            
            <div class="stickers"></div>
        </div>
    </a>
    <div>
        <h4><a href="https://www.spesati.com/infuso-star-sog-dor-finoc-20f"><b>Infuso Star Sog D'or Finoc 20f</b></a></h4>
        <p class="description">Sognid'oro le Tisane Finocchio bustine 20 x 2 g</p>
        <p class="right price"><b>3.25 €</b></p>
        <p class="right unitPrice">81.27 € per kg</p>
    </div>
    <div class="contButton">
    <a class="button bgRed white addToCart" href="#">Add</a>
</div>
</div><div class="left product prod33"
        data-name="Camomilla Sogni d'Oro 20 Bustine 100Gr"
        data-price="2.35"
        data-id="5606"
        data-available="yes"
        data-category="2073"
        data-bestselling="1">
    <a href="https://www.spesati.com/camomilla-sogni-doro-20-bustine-100gr">
        <div style="background-image: url('https://cdn.spesati.com/images/products/000114279/sognidoro-la-camomilla-solubile-20-x-5-g-01.png')">
            <div class="hover"></div>
            <p class="arrow bgRed white">Best Seller</p>
            <div class="stickers"></div>
        </div>
    </a>
    <div>
        <h4><a href="https://www.spesati.com/camomilla-sogni-doro-20-bustine-100gr"><b>Camomilla Sogni d'Oro 20 Bustine 100Gr</b></a></h4>
        <p class="description">Sognid'oro La Camomilla Solubile 20 x 5 g</p>
        <p class="right price"><b>2.35 €</b></p>
        <p class="right unitPrice">23.50 € per kg</p>
    </div>
    <div class="contButton">
    <a class="button bgRed white addToCart" href="#">Add</a>
</div>
</div><div class="left product prod34"
        data-name="Star Camomilla Setacciata 20 bustine"
        data-price="2.35"
        data-id="4156"
        data-available="yes"
        data-category="2073"
        data-bestselling="1">
    <a href="https://www.spesati.com/star-camomilla-setacciata-20-bustine">
        <div style="background-image: url('https://cdn.spesati.com/images/products/000114278/sognidoro-le-camomille-setacciata-bustine-20-x-167-g-01.png')">
            <div class="hover"></div>
            <p class="arrow bgRed white">Best Seller</p>
            <div class="stickers"></div>
        </div>
    </a>
    <div>
        <h4><a href="https://www.spesati.com/star-camomilla-setacciata-20-bustine"><b>Star Camomilla Setacciata 20 bustine</b></a></h4>
        <p class="description">Sognid'oro le Camomille Setacciata bustine 20 x 1,67 g</p>
        <p class="right price"><b>2.35 €</b></p>
        <p class="right unitPrice">2.35 € per piece</p>
    </div>
    <div class="contButton">
    <a class="button bgRed white addToCart" href="#">Add</a>
</div>
</div><div class="left product prod35"
        data-name="Infuso Pomp Zenz-mango Thai 10"
        data-price="2.59"
        data-id="25973"
        data-available="yes"
        data-category="2073"
        data-bestselling="">
    <a href="https://www.spesati.com/infuso-pomp-zenz-mango-thai-10">
        <div style="background-image: url('https://cdn.spesati.com/images/products/000112538/pompadour-zenzero-mango-thai-10-x-225-g-01.png')">
            <div class="hover"></div>
            
            <div class="stickers"></div>
        </div>
    </a>
    <div>
        <h4><a href="https://www.spesati.com/infuso-pomp-zenz-mango-thai-10"><b>Infuso Pomp Zenz-mango Thai 10</b></a></h4>
        <p class="description">Pompadour Zenzero Mango Thai 10 x 2,25 g</p>
        <p class="right price"><b>2.59 €</b></p>
        <p class="right unitPrice">117.76 € per kg</p>
    </div>
    <div class="contButton">
    <a class="button bgRed white addToCart" href="#">Add</a>
</div>
</div><div class="left product prod36"
        data-name="Infuso Pomp Zenz Curcum 20 Fil"
        data-price="3.19"
        data-id="25967"
        data-available="yes"
        data-category="2073"
        data-bestselling="">
    <a href="https://www.spesati.com/infuso-pomp-zenz-curcum-20-fil">
        <div style="background-image: url('https://cdn.spesati.com/images/products/000112512/pompadour-infuso-zenzero-curcuma-bustine-20-x-18-g-01.png')">
            <div class="hover"></div>
            
            <div class="stickers"></div>
        </div>
    </a>
    <div>
        <h4><a href="https://www.spesati.com/infuso-pomp-zenz-curcum-20-fil"><b>Infuso Pomp Zenz Curcum 20 Fil</b></a></h4>
        <p class="description">Pompadour Infuso Zenzero Curcuma bustine 20 x 1,8 g</p>
        <p class="right price"><b>3.19 €</b></p>
        <p class="right unitPrice">44.94 € per kg</p>
    </div>
    <div class="contButton">
    <a class="button bgRed white addToCart" href="#">Add</a>
</div>
</div><div class="left product prod37"
        data-name="Infuso Pomp Mela D'orien 10fil"
        data-price="2.59"
        data-id="25961"
        data-available="yes"
        data-category="2073"
        data-bestselling="">
    <a href="https://www.spesati.com/infuso-pomp-mela-dorien-10fil">
        <div style="background-image: url('https://cdn.spesati.com/images/products/000112505/pompadour-mela-doriente-10-x-275-g-01.png')">
            <div class="hover"></div>
            
            <div class="stickers"></div>
        </div>
    </a>
    <div>
        <h4><a href="https://www.spesati.com/infuso-pomp-mela-dorien-10fil"><b>Infuso Pomp Mela D'orien 10fil</b></a></h4>
        <p class="description">Pompadour Mela d'Oriente 10 x 2,75 g</p>
        <p class="right price"><b>2.59 €</b></p>
        <p class="right unitPrice">63.18 € per kg</p>
    </div>
    <div class="contButton">
    <a class="button bgRed white addToCart" href="#">Add</a>
</div>
</div><div class="left product prod38"
        data-name="Infuso Pomp Melogr Di Pers 10f"
        data-price="2.59"
        data-id="25960"
        data-available="yes"
        data-category="2073"
        data-bestselling="">
    <a href="https://www.spesati.com/infuso-pomp-melogr-di-pers-10f">
        <div style="background-image: url('https://cdn.spesati.com/images/products/000112504/pompadour-melograno-di-persia-10-x-225-g-01.png')">
            <div class="hover"></div>
            
            <div class="stickers"></div>
        </div>
    </a>
    <div>
        <h4><a href="https://www.spesati.com/infuso-pomp-melogr-di-pers-10f"><b>Infuso Pomp Melogr Di Pers 10f</b></a></h4>
        <p class="description">Pompadour Melograno di Persia 10 x 2,25 g</p>
        <p class="right price"><b>2.59 €</b></p>
        <p class="right unitPrice">71.96 € per kg</p>
    </div>
    <div class="contButton">
    <a class="button bgRed white addToCart" href="#">Add</a>
</div>
</div><div class="left product prod39"
        data-name="Te Verde Winston Matcha 20fil"
        data-price="2.55"
        data-id="25959"
        data-available="yes"
        data-category="2073"
        data-bestselling="">
    <a href="https://www.spesati.com/te-verde-winston-matcha-20fil">
        <div style="background-image: url('https://cdn.spesati.com/images/products/000112501/sir-winston-tea-te-verde-con-matcha-20-x-175-g-01.png')">
            <div class="hover"></div>
            
            <div class="stickers"></div>
        </div>
    </a>
    <div>
        <h4><a href="https://www.spesati.com/te-verde-winston-matcha-20fil"><b>Te Verde Winston Matcha 20fil</b></a></h4>
        <p class="description">Sir Winston Tea Tè Verde con Matcha 20 x 1,75 g</p>
        <p class="right price"><b>2.55 €</b></p>
        <p class="right unitPrice">36.42 € per kg</p>
    </div>
    <div class="contButton">
    <a class="button bgRed white addToCart" href="#">Add</a>
</div>
</div><div class="left product prod40"
        data-name="Infuso Fred Pomp Lamp-limo 18f"
        data-price="3.88"
        data-id="25958"
        data-available="yes"
        data-category="2073"
        data-bestselling="">
    <a href="https://www.spesati.com/infuso-fred-pomp-lamp-limo-18f">
        <div style="background-image: url('https://cdn.spesati.com/images/products/000112495/pompadour-fredde-infusioni-lampone-e-limone-18-x-25-g-01.png')">
            <div class="hover"></div>
            
            <div class="stickers"></div>
        </div>
    </a>
    <div>
        <h4><a href="https://www.spesati.com/infuso-fred-pomp-lamp-limo-18f"><b>Infuso Fred Pomp Lamp-limo 18f</b></a></h4>
        <p class="description">Pompadour Fredde Infusioni Lampone e Limone 18 x 2,5 g</p>
        <p class="right price"><b>3.88 €</b></p>
        <p class="right unitPrice">86.21 € per kg</p>
    </div>
    <div class="contButton">
    <a class="button bgRed white addToCart" href="#">Add</a>
</div>
</div><div class="left product prod41"
        data-name="Te'nero Winston Zenz Limone 20"
        data-price="2.44"
        data-id="25922"
        data-available="yes"
        data-category="2073"
        data-bestselling="">
    <a href="https://www.spesati.com/tenero-winston-zenz-limone-20">
        <div style="background-image: url('https://cdn.spesati.com/images/products/000112288/sir-winston-tea-zenzero-e-limone-te-nero-35-g-01.png')">
            <div class="hover"></div>
            
            <div class="stickers"></div>
        </div>
    </a>
    <div>
        <h4><a href="https://www.spesati.com/tenero-winston-zenz-limone-20"><b>Te'nero Winston Zenz Limone 20</b></a></h4>
        <p class="description">Sir Winston Tea Zenzero e limone tè nero 35 g</p>
        <p class="right price"><b>2.44 €</b></p>
        <p class="right unitPrice">34.82 € per kg</p>
    </div>
    <div class="contButton">
    <a class="button bgRed white addToCart" href="#">Add</a>
</div>
</div><div class="left product prod42"
        data-name="Infuso Pompadour Zenzero E Limone 36 Gr"
        data-price="3.19"
        data-id="5609"
        data-available="yes"
        data-category="2073"
        data-bestselling="">
    <a href="https://www.spesati.com/infuso-pompadour-zenzero-e-limone-36-gr">
        <div style="background-image: url('https://cdn.spesati.com/images/products/000112203/pompadour-infuso-zenzero-limone-20-x-18-g-01.png')">
            <div class="hover"></div>
            
            <div class="stickers"></div>
        </div>
    </a>
    <div>
        <h4><a href="https://www.spesati.com/infuso-pompadour-zenzero-e-limone-36-gr"><b>Infuso Pompadour Zenzero E Limone 36 Gr</b></a></h4>
        <p class="description">Pompadour Infuso Zenzero Limone 20 x 1,8 g</p>
        <p class="right price"><b>3.19 €</b></p>
        <p class="right unitPrice">88.62 € per kg</p>
    </div>
    <div class="contButton">
    <a class="button bgRed white addToCart" href="#">Add</a>
</div>
</div><div class="left product prod43"
        data-name="Infuso Pompadour More E Lamponi 60 Gr"
        data-price="3.43"
        data-id="5610"
        data-available="yes"
        data-category="2073"
        data-bestselling="">
    <a href="https://www.spesati.com/infuso-pompadour-more-e-lamponi-60-gr">
        <div style="background-image: url('https://cdn.spesati.com/images/products/000112198/pompadour-infuso-mora-lampone-bustine-20-x-3-g-01.png')">
            <div class="hover"></div>
            
            <div class="stickers"></div>
        </div>
    </a>
    <div>
        <h4><a href="https://www.spesati.com/infuso-pompadour-more-e-lamponi-60-gr"><b>Infuso Pompadour More E Lamponi 60 Gr</b></a></h4>
        <p class="description">Pompadour Infuso Mora Lampone bustine 20 x 3 g</p>
        <p class="right price"><b>3.43 €</b></p>
        <p class="right unitPrice">57.23 € per kg</p>
    </div>
    <div class="contButton">
    <a class="button bgRed white addToCart" href="#">Add</a>
</div>
</div><div class="left product prod44"
        data-name="Infuso Pompadour Mirtillo 60Gr"
        data-price="3.43"
        data-id="5607"
        data-available="yes"
        data-category="2073"
        data-bestselling="">
    <a href="https://www.spesati.com/infuso-pompadour-mirtillo-60gr">
        <div style="background-image: url('https://cdn.spesati.com/images/products/000112197/pompadour-infuso-tentazioni-al-mirtillo-bustine-20-x-3-g-01.png')">
            <div class="hover"></div>
            
            <div class="stickers"></div>
        </div>
    </a>
    <div>
        <h4><a href="https://www.spesati.com/infuso-pompadour-mirtillo-60gr"><b>Infuso Pompadour Mirtillo 60Gr</b></a></h4>
        <p class="description">Pompadour Infuso Tentazioni al Mirtillo bustine 20 x 3 g</p>
        <p class="right price"><b>3.43 €</b></p>
        <p class="right unitPrice">57.23 € per kg</p>
    </div>
    <div class="contButton">
    <a class="button bgRed white addToCart" href="#">Add</a>
</div>
</div><div class="left product prod45"
        data-name="The Winst Nero Van-can-zen 20f"
        data-price="2.44"
        data-id="25907"
        data-available="yes"
        data-category="2073"
        data-bestselling="">
    <a href="https://www.spesati.com/the-winst-nero-van-can-zen-20f">
        <div style="background-image: url('https://cdn.spesati.com/images/products/000112196/sir-winston-tea-vaniglia-cannella-e-zenzero-te-nero-speziato-20-x-2-g-01.png')">
            <div class="hover"></div>
            
            <div class="stickers"></div>
        </div>
    </a>
    <div>
        <h4><a href="https://www.spesati.com/the-winst-nero-van-can-zen-20f"><b>The Winst Nero Van-can-zen 20f</b></a></h4>
        <p class="description">Sir Winston Tea Vaniglia Cannella e Zenzero Tè Nero Speziato 20 x 2 g</p>
        <p class="right price"><b>2.44 €</b></p>
        <p class="right unitPrice">60.93 € per kg</p>
    </div>
    <div class="contButton">
    <a class="button bgRed white addToCart" href="#">Add</a>
</div>
</div><div class="left product prod46"
        data-name="Infuso Pompadour Melissa 20f"
        data-price="3.19"
        data-id="25905"
        data-available="yes"
        data-category="2073"
        data-bestselling="">
    <a href="https://www.spesati.com/infuso-pompadour-melissa-20f">
        <div style="background-image: url('https://cdn.spesati.com/images/products/000112194/pompadour-infuso-melissa-20-x-18-g-01.png')">
            <div class="hover"></div>
            
            <div class="stickers"></div>
        </div>
    </a>
    <div>
        <h4><a href="https://www.spesati.com/infuso-pompadour-melissa-20f"><b>Infuso Pompadour Melissa 20f</b></a></h4>
        <p class="description">Pompadour Infuso Melissa 20 x 1,8 g</p>
        <p class="right price"><b>3.19 €</b></p>
        <p class="right unitPrice">45.57 € per kg</p>
    </div>
    <div class="contButton">
    <a class="button bgRed white addToCart" href="#">Add</a>
</div>
</div><div class="left product prod47"
        data-name="Te'verde Winston Zenz Aranc 20"
        data-price="3.09"
        data-id="25904"
        data-available="yes"
        data-category="2073"
        data-bestselling="">
    <a href="https://www.spesati.com/teverde-winston-zenz-aranc-20">
        <div style="background-image: url('https://cdn.spesati.com/images/products/000112193/sir-winston-tea-zenzero-e-arancia-te-verde-20-x-175-g-01.png')">
            <div class="hover"></div>
            
            <div class="stickers"></div>
        </div>
    </a>
    <div>
        <h4><a href="https://www.spesati.com/teverde-winston-zenz-aranc-20"><b>Te'verde Winston Zenz Aranc 20</b></a></h4>
        <p class="description">Sir Winston Tea Zenzero e Arancia Tè Verde 20 x 1,75 g</p>
        <p class="right price"><b>3.09 €</b></p>
        <p class="right unitPrice">44.14 € per kg</p>
    </div>
    <div class="contButton">
    <a class="button bgRed white addToCart" href="#">Add</a>
</div>
</div><div class="left product prod48"
        data-name="Infuso Pompadour Karkade 40 Gr"
        data-price="3.43"
        data-id="5608"
        data-available="yes"
        data-category="2073"
        data-bestselling="">
    <a href="https://www.spesati.com/infuso-pompadour-karkade-40-gr">
        <div style="background-image: url('https://cdn.spesati.com/images/products/000111601/pompadour-infuso-karkade-bustine-20-x-2-g-01.png')">
            <div class="hover"></div>
            
            <div class="stickers"></div>
        </div>
    </a>
    <div>
        <h4><a href="https://www.spesati.com/infuso-pompadour-karkade-40-gr"><b>Infuso Pompadour Karkade 40 Gr</b></a></h4>
        <p class="description">Pompadour Infuso Karkadé bustine 20 x 2 g</p>
        <p class="right price"><b>3.43 €</b></p>
        <p class="right unitPrice">85.84 € per kg</p>
    </div>
    <div class="contButton">
    <a class="button bgRed white addToCart" href="#">Add</a>
</div>
</div><div class="left product prod49"
        data-name="Infuso Pompadour Frutti Misti 60 Gr"
        data-price="3.43"
        data-id="5611"
        data-available="yes"
        data-category="2073"
        data-bestselling="">
    <a href="https://www.spesati.com/infuso-pompadour-frutti-misti-60-gr">
        <div style="background-image: url('https://cdn.spesati.com/images/products/000111589/pompadour-infuso-frutti-misti-bustine-20-x-3-g-01.png')">
            <div class="hover"></div>
            
            <div class="stickers"></div>
        </div>
    </a>
    <div>
        <h4><a href="https://www.spesati.com/infuso-pompadour-frutti-misti-60-gr"><b>Infuso Pompadour Frutti Misti 60 Gr</b></a></h4>
        <p class="description">Pompadour Infuso Frutti Misti bustine 20 x 3 g</p>
        <p class="right price"><b>3.43 €</b></p>
        <p class="right unitPrice">57.23 € per kg</p>
    </div>
    <div class="contButton">
    <a class="button bgRed white addToCart" href="#">Add</a>
</div>
</div><div class="left product prod50"
        data-name="Inf.pompadour Collec Frutti 20"
        data-price="5.19"
        data-id="25731"
        data-available="yes"
        data-category="2073"
        data-bestselling="">
    <a href="https://www.spesati.com/infpompadour-collec-frutti-20">
        <div style="background-image: url('https://cdn.spesati.com/images/products/000111586/pompadour-infusi-collection-5-gusti-assortiti-25-x-275-g-01.png')">
            <div class="hover"></div>
            
            <div class="stickers"></div>
        </div>
    </a>
    <div>
        <h4><a href="https://www.spesati.com/infpompadour-collec-frutti-20"><b>Inf.pompadour Collec Frutti 20</b></a></h4>
        <p class="description">Pompadour Infusi Collection 5 Gusti Assortiti 25 x 2,75 g</p>
        <p class="right price"><b>5.19 €</b></p>
        <p class="right unitPrice">5.19 € per piece</p>
    </div>
    <div class="contButton">
    <a class="button bgRed white addToCart" href="#">Add</a>
</div>
</div><div class="left product prod51"
        data-name="Infuso Pompadour Frutti Di Bosco 60 Gr"
        data-price="3.40"
        data-id="5692"
        data-available="yes"
        data-category="2073"
        data-bestselling="">
    <a href="https://www.spesati.com/infuso-pompadour-frutti-di-bosco-60-gr">
        <div style="background-image: url('https://cdn.spesati.com/images/products/000111585/pompadour-infuso-frutti-di-bosco-e-vitamine-bustine-20-x-3-g-01.png')">
            <div class="hover"></div>
            
            <div class="stickers"></div>
        </div>
    </a>
    <div>
        <h4><a href="https://www.spesati.com/infuso-pompadour-frutti-di-bosco-60-gr"><b>Infuso Pompadour Frutti Di Bosco 60 Gr</b></a></h4>
        <p class="description">Pompadour Infuso Frutti di Bosco e Vitamine bustine 20 x 3 g</p>
        <p class="right price"><b>3.40 €</b></p>
        <p class="right unitPrice">56.68 € per kg</p>
    </div>
    <div class="contButton">
    <a class="button bgRed white addToCart" href="#">Add</a>
</div>
</div><div class="left product prod52"
        data-name="Infuso Pompadour Finocchio 40Gr"
        data-price="3.39"
        data-id="5612"
        data-available="yes"
        data-category="2073"
        data-bestselling="">
    <a href="https://www.spesati.com/infuso-pompadour-finocchio-40gr">
        <div style="background-image: url('https://cdn.spesati.com/images/products/000111584/pompadour-infuso-finocchio-20-x-2-g-01.png')">
            <div class="hover"></div>
            
            <div class="stickers"></div>
        </div>
    </a>
    <div>
        <h4><a href="https://www.spesati.com/infuso-pompadour-finocchio-40gr"><b>Infuso Pompadour Finocchio 40Gr</b></a></h4>
        <p class="description">Pompadour Infuso Finocchio 20 x 2 g</p>
        <p class="right price"><b>3.39 €</b></p>
        <p class="right unitPrice">84.85 € per kg</p>
    </div>
    <div class="contButton">
    <a class="button bgRed white addToCart" href="#">Add</a>
</div>
</div><div class="left product prod53"
        data-name="Te'verde Winston Detein 20 Fil"
        data-price="2.55"
        data-id="25730"
        data-available="yes"
        data-category="2073"
        data-bestselling="">
    <a href="https://www.spesati.com/teverde-winston-detein-20-fil">
        <div style="background-image: url('https://cdn.spesati.com/images/products/000111581/sir-winston-tea-te-verde-deteinato-20-x-175-g-01.png')">
            <div class="hover"></div>
            
            <div class="stickers"></div>
        </div>
    </a>
    <div>
        <h4><a href="https://www.spesati.com/teverde-winston-detein-20-fil"><b>Te'verde Winston Detein 20 Fil</b></a></h4>
        <p class="description">Sir Winston Tea Tè Verde Deteinato 20 x 1,75 g</p>
        <p class="right price"><b>2.55 €</b></p>
        <p class="right unitPrice">36.42 € per kg</p>
    </div>
    <div class="contButton">
    <a class="button bgRed white addToCart" href="#">Add</a>
</div>
</div><div class="left product prod54"
        data-name="Te'ristora Pesca Solub Cald 1k"
        data-price="6.43"
        data-id="25134"
        data-available="yes"
        data-category="2073"
        data-bestselling="">
    <a href="https://www.spesati.com/teristora-pesca-solub-cald-1k">
        <div style="background-image: url('https://cdn.spesati.com/images/products/000108020/ristora-preparato-solubile-per-bevanda-di-te-alla-pesca-istantaneo-1-kg-01.png')">
            <div class="hover"></div>
            
            <div class="stickers"></div>
        </div>
    </a>
    <div>
        <h4><a href="https://www.spesati.com/teristora-pesca-solub-cald-1k"><b>Te'ristora Pesca Solub Cald 1k</b></a></h4>
        <p class="description">ristora preparato solubile per bevanda di Tè alla Pesca istantaneo 1 kg</p>
        <p class="right price"><b>6.43 €</b></p>
        <p class="right unitPrice">6.42 € per kg</p>
    </div>
    <div class="contButton">
    <a class="button bgRed white addToCart" href="#">Add</a>
</div>
</div><div class="left product prod55"
        data-name="Te Ristora Lim Solub Caldo 1kg"
        data-price="6.43"
        data-id="25133"
        data-available="yes"
        data-category="2073"
        data-bestselling="">
    <a href="https://www.spesati.com/te-ristora-lim-solub-caldo-1kg">
        <div style="background-image: url('https://cdn.spesati.com/images/products/000108019/ristora-preparato-solubile-per-bevanda-di-te-al-limone-istantaneo-1-kg-01.png')">
            <div class="hover"></div>
            
            <div class="stickers"></div>
        </div>
    </a>
    <div>
        <h4><a href="https://www.spesati.com/te-ristora-lim-solub-caldo-1kg"><b>Te Ristora Lim Solub Caldo 1kg</b></a></h4>
        <p class="description">ristora preparato solubile per bevanda di Tè al Limone istantaneo 1 kg</p>
        <p class="right price"><b>6.43 €</b></p>
        <p class="right unitPrice">6.42 € per kg</p>
    </div>
    <div class="contButton">
    <a class="button bgRed white addToCart" href="#">Add</a>
</div>
</div><div class="left product prod56"
        data-name="Te Winst Bianco Mango-lim 20f"
        data-price="4.49"
        data-id="24651"
        data-available="yes"
        data-category="2073"
        data-bestselling="">
    <a href="https://www.spesati.com/te-winst-bianco-mango-lim-20f">
        <div style="background-image: url('https://cdn.spesati.com/images/products/000104856/sir-winston-tea-te-bianco-con-mango-e-limone-20-x-125-g-01.png')">
            <div class="hover"></div>
            
            <div class="stickers"></div>
        </div>
    </a>
    <div>
        <h4><a href="https://www.spesati.com/te-winst-bianco-mango-lim-20f"><b>Te Winst Bianco Mango-lim 20f</b></a></h4>
        <p class="description">Sir Winston Tea Tè Bianco con Mango e Limone 20 x 1,25 g</p>
        <p class="right price"><b>4.49 €</b></p>
        <p class="right unitPrice">179.61 € per kg</p>
    </div>
    <div class="contButton">
    <a class="button bgRed white addToCart" href="#">Add</a>
</div>
</div><div class="left product prod57"
        data-name="Te Winst Verde C-curcuma 20fl"
        data-price="3.49"
        data-id="24650"
        data-available="yes"
        data-category="2073"
        data-bestselling="">
    <a href="https://www.spesati.com/te-winst-verde-c-curcuma-20fl">
        <div style="background-image: url('https://cdn.spesati.com/images/products/000104855/sir-winston-tea-te-verde-curcuma-e-miele-20-x-175-g-01.png')">
            <div class="hover"></div>
            
            <div class="stickers"></div>
        </div>
    </a>
    <div>
        <h4><a href="https://www.spesati.com/te-winst-verde-c-curcuma-20fl"><b>Te Winst Verde C-curcuma 20fl</b></a></h4>
        <p class="description">Sir Winston Tea Tè Verde Curcuma e Miele 20 x 1,75 g</p>
        <p class="right price"><b>3.49 €</b></p>
        <p class="right unitPrice">99.66 € per kg</p>
    </div>
    <div class="contButton">
    <a class="button bgRed white addToCart" href="#">Add</a>
</div>
</div><div class="left product prod58"
        data-name="Camomil Pompad Finocc Bio 18fl"
        data-price="3.89"
        data-id="24648"
        data-available="yes"
        data-category="2073"
        data-bestselling="">
    <a href="https://www.spesati.com/camomil-pompad-finocc-bio-18fl">
        <div style="background-image: url('https://cdn.spesati.com/images/products/000104853/pompadour-camomilla-finocchio-da-agricoltura-biologica-bustine-18-x-2-g-01.png')">
            <div class="hover"></div>
            
            <div class="stickers"></div>
        </div>
    </a>
    <div>
        <h4><a href="https://www.spesati.com/camomil-pompad-finocc-bio-18fl"><b>Camomil Pompad Finocc Bio 18fl</b></a></h4>
        <p class="description">Pompadour Camomilla Finocchio da Agricoltura Biologica bustine 18 x 2 g</p>
        <p class="right price"><b>3.89 €</b></p>
        <p class="right unitPrice">108.04 € per kg</p>
    </div>
    <div class="contButton">
    <a class="button bgRed white addToCart" href="#">Add</a>
</div>
</div><div class="left product prod59"
        data-name="Camomilla Bonomem Filtrof 14f"
        data-price="4.55"
        data-id="60513"
        data-available="no"
        data-category="2073"
        data-bestselling="">
    <a href="https://www.spesati.com/camomilla-bonomem-filtrof-14f">
        <div style="background-image: url('https://cdn.spesati.com/images/products/000437360/bonomelli-filtrofiore-camomilla-14-filtri-28-g-01.png')">
            <div class="hover"></div>
            
            <div class="stickers"></div>
        </div>
    </a>
    <div>
        <h4><a href="https://www.spesati.com/camomilla-bonomem-filtrof-14f"><b>Camomilla Bonomem Filtrof 14f</b></a></h4>
        <p class="description">Bonomelli Filtrofiore Camomilla 14 filtri 28 g</p>
        <p class="right price"><b>4.55 €</b></p>
        <p class="right unitPrice">4.55 € per piece</p>
    </div>
    <div class="notAvailable">
    <a class="button bgDarkGrey white" href="https://www.spesati.com/camomilla-bonomem-filtrof-14f">Not available</a>
</div>
</div><div class="left product prod60"
        data-name="Te twinings prince of wales latta 100 gr"
        data-price="8.52"
        data-id="5091"
        data-available="no"
        data-category="2073"
        data-bestselling="">
    <a href="https://www.spesati.com/te-twinings-prince-of-wales-latta-100-gr">
        <div style="background-image: url('https://cdn.spesati.com/images/products/000117313/twinings-prince-of-wales-tea-100-g-01.png')">
            <div class="hover"></div>
            
            <div class="stickers"></div>
        </div>
    </a>
    <div>
        <h4><a href="https://www.spesati.com/te-twinings-prince-of-wales-latta-100-gr"><b>Te twinings prince of wales latta 100 gr</b></a></h4>
        <p class="description">Twinings Prince of Wales Tea 100 g</p>
        <p class="right price"><b>8.52 €</b></p>
        <p class="right unitPrice">85.17 € per kg</p>
    </div>
    <div class="notAvailable">
    <a class="button bgDarkGrey white" href="https://www.spesati.com/te-twinings-prince-of-wales-latta-100-gr">Not available</a>
</div>
</div><div class="left product prod61"
        data-name="Te twinings lady gray latta 100 gr"
        data-price="7.56"
        data-id="5092"
        data-available="no"
        data-category="2073"
        data-bestselling="">
    <a href="https://www.spesati.com/te-twinings-lady-gray-latta-100-gr">
        <div style="background-image: url('https://cdn.spesati.com/images/products/000117312/twinings-lady-grey-tea-100-g-01.png')">
            <div class="hover"></div>
            
            <div class="stickers"></div>
        </div>
    </a>
    <div>
        <h4><a href="https://www.spesati.com/te-twinings-lady-gray-latta-100-gr"><b>Te twinings lady gray latta 100 gr</b></a></h4>
        <p class="description">Twinings Lady Grey Tea 100 g</p>
        <p class="right price"><b>7.56 €</b></p>
        <p class="right unitPrice">75.64 € per kg</p>
    </div>
    <div class="notAvailable">
    <a class="button bgDarkGrey white" href="https://www.spesati.com/te-twinings-lady-gray-latta-100-gr">Not available</a>
</div>
</div><div class="left product prod62"
        data-name="Camomilla Maravig Set 100f Bst"
        data-price="6.72"
        data-id="60837"
        data-available="no"
        data-category="2073"
        data-bestselling="">
    <a href="https://www.spesati.com/camomilla-maravig-set-100f-bst">
        <div style="background-image: url('https://cdn.spesati.com/images/products/000116358/maraviglia-notte-stellata-camomilla-setacciata-buste-filtro-100-x-13-g-01.png')">
            <div class="hover"></div>
            
            <div class="stickers"></div>
        </div>
    </a>
    <div>
        <h4><a href="https://www.spesati.com/camomilla-maravig-set-100f-bst"><b>Camomilla Maravig Set 100f Bst</b></a></h4>
        <p class="description">Maraviglia Notte Stellata Camomilla setacciata Buste Filtro 100 x 1,3 g</p>
        <p class="right price"><b>6.72 €</b></p>
        <p class="right unitPrice">51.72 € per kg</p>
    </div>
    <div class="notAvailable">
    <a class="button bgDarkGrey white" href="https://www.spesati.com/camomilla-maravig-set-100f-bst">Not available</a>
</div>
</div><div class="left product prod63"
        data-name="Te'ati 25 Filtri"
        data-price="1.39"
        data-id="26407"
        data-available="no"
        data-category="2073"
        data-bestselling="">
    <a href="https://www.spesati.com/teati-25-filtri">
        <div style="background-image: url('https://cdn.spesati.com/images/products/000116355/teati-te-classico-25-filtri-375-g-01.png')">
            <div class="hover"></div>
            
            <div class="stickers"></div>
        </div>
    </a>
    <div>
        <h4><a href="https://www.spesati.com/teati-25-filtri"><b>Te'ati 25 Filtri</b></a></h4>
        <p class="description">TèAti Tè classico 25 filtri 37,5 g</p>
        <p class="right price"><b>1.39 €</b></p>
        <p class="right unitPrice">19.05 € per kg</p>
    </div>
    <div class="notAvailable">
    <a class="button bgDarkGrey white" href="https://www.spesati.com/teati-25-filtri">Not available</a>
</div>
</div><div class="left product prod64"
        data-name="Camomilla Bonomelli Setacc 18f"
        data-price="2.29"
        data-id="26067"
        data-available="no"
        data-category="2073"
        data-bestselling="">
    <a href="https://www.spesati.com/camomilla-bonomelli-setacc-18f">
        <div style="background-image: url('https://cdn.spesati.com/images/products/000114288/bonomelli-notti-calme-camomilla-setacciata-18-filtri-27-g-01.png')">
            <div class="hover"></div>
            
            <div class="stickers"></div>
        </div>
    </a>
    <div>
        <h4><a href="https://www.spesati.com/camomilla-bonomelli-setacc-18f"><b>Camomilla Bonomelli Setacc 18f</b></a></h4>
        <p class="description">Bonomelli Notti calme Camomilla Setacciata 18 Filtri 27 g</p>
        <p class="right price"><b>2.29 €</b></p>
        <p class="right unitPrice">2.28 € per piece</p>
    </div>
    <div class="notAvailable">
    <a class="button bgDarkGrey white" href="https://www.spesati.com/camomilla-bonomelli-setacc-18f">Not available</a>
</div>
</div><div class="left product prod65"
        data-name="Te'winston Pesca Detein 20 Fil"
        data-price="3.97"
        data-id="25729"
        data-available="no"
        data-category="2073"
        data-bestselling="">
    <a href="https://www.spesati.com/tewinston-pesca-detein-20-fil">
        <div style="background-image: url('https://cdn.spesati.com/images/products/000111580/sir-winston-tea-te-alla-pesca-deteinato-20-x-15-g-01.png')">
            <div class="hover"></div>
            
            <div class="stickers"></div>
        </div>
    </a>
    <div>
        <h4><a href="https://www.spesati.com/tewinston-pesca-detein-20-fil"><b>Te'winston Pesca Detein 20 Fil</b></a></h4>
        <p class="description">Sir Winston Tea Tè alla Pesca Deteinato 20 x 1,5 g</p>
        <p class="right price"><b>3.97 €</b></p>
        <p class="right unitPrice">60.15 € per kg</p>
    </div>
    <div class="notAvailable">
    <a class="button bgDarkGrey white" href="https://www.spesati.com/tewinston-pesca-detein-20-fil">Not available</a>
</div>
</div><div class="left product prod66"
        data-name="Infuso Winter Co Pompadour 30f"
        data-price="5.85"
        data-id="89090"
        data-available="no"
        data-category="2073"
        data-bestselling="">
    <a href="https://www.spesati.com/infuso-winter-co-pompadour-30f">
        <div style="background-image: url('https://cdn.spesati.com/images/products/missing-image/missing-image.jpg')">
            <div class="hover"></div>
            
            <div class="stickers"></div>
        </div>
    </a>
    <div>
        <h4><a href="https://www.spesati.com/infuso-winter-co-pompadour-30f"><b>Infuso Winter Co Pompadour 30f</b></a></h4>
        <p class="description">0.17 Kg</p>
        <p class="right price"><b>5.85 €</b></p>
        <p class="right unitPrice">34.42 € per kg</p>
    </div>
    <div class="notAvailable">
    <a class="button bgDarkGrey white" href="https://www.spesati.com/infuso-winter-co-pompadour-30f">Not available</a>
</div>
</div>        </div>
    </div>
</section>
<div class="footer">
    <div class="bgDarkGrey"></div>
    <footer>
        <div class="left bgDarkGrey">
            <a id="logoFooter" href="https://www.spesati.com/" class="estDynamic">
                <img src="http://cdn.spesati.com/images/layout/logo-eng.png" alt="Spesati.com" />
                <h2 class="red">Grocery Delivery</h2>
            </a>
            <a class="button bgRed white mobile" href="tel:390707968318">Phone order</a>
            <a class="button bgRed white desktop" href="https://www.spesati.com/news/2020-04-07/news-on-spesati-the-telephone-order-service-is-active">Phone order</a>
            <a class="button bgRed white" href="https://www.spesati.com/cdn-cgi/l/email-protection#b2dbdcd4ddf2c1c2d7c1d3c6db9cd1dddf">Send mail</a>
            <div id="social">
                <a class="left" href="https://www.facebook.com/spesati/" rel="external" target="_blank">
                    <span class="facebook bgRed fa-stack fa-lg">
                        <i class="fa fa-facebook fa-stack-1x "></i>
                    </span>
                </a>
                <a class="right" href="https://twitter.com/spesati" rel="external" target="_blank">
                    <span class="twitter bgRed fa-stack fa-lg">
                        <i class="fa fa-twitter fa-stack-1x "></i>
                    </span>
                </a>
            </div>
            <p>Copyright 2024 Spesati.com </p>
            
                    <p>All rights reserved</p>
                    <p>SPESATI SRL</p>
                    <p>Corso Vittorio Veneto 15/I, 07026, Olbia</p>
                    <p>CF e P.Iva: 02772380909</p>
                        </div>
        <div class="center bgRed">
            <div class="top">
                <h3>Categories</h3>
                <div class="col">
                    <ul>
                        <li>
                            <a href="#" class="estDynamic">On sale</a>
                        </li>
                        <li>
                            <a href="https://www.spesati.com/fruit-and-vegetables" class="estDynamic">Fruit and vegetables</a>
                        </li>
                        <li>
                            <a href="https://www.spesati.com/fresh-products" class="estDynamic">Fresh products</a>
                        </li>
                        <li>
                            <a href="https://www.spesati.com/frozen-foods" class="estDynamic">Frozen foods</a>
                        </li>
                        <li>
                            <a href="https://www.spesati.com/bread-and-pasta" class="estDynamic">Bread and pasta</a>
                        </li>
                        <li>
                            <a href="https://www.spesati.com/meat" class="estDynamic">Meat</a>
                        </li>
                        <li>
                            <a href="https://www.spesati.com/fish" class="estDynamic">Fish</a>
                        </li>
                    </ul>
                </div>
                <div class="col">
                    <ul>
                        <li>
                            <a href="https://www.spesati.com/wine-beer-and-spirits" class="estDynamic">Wine beer and spirits</a>
                        </li>
                        <li>
                            <a href="https://www.spesati.com/water-and-drinks" class="estDynamic">Water and drinks</a>
                        </li>
                        <li>
                            <a href="https://www.spesati.com/sweets" class="estDynamic">Sweets</a>
                        </li>
                        <li>
                            <a href="https://www.spesati.com/shelf" class="estDynamic">Cupboard</a>
                        </li>
                        <li>
                            <a href="https://www.spesati.com/personal-care" class="estDynamic">Personal care</a>
                        </li>
                        <li>
                            <a href="https://www.spesati.com/household-and-outdoors" class="estDynamic">Home and outdoors</a>
                        </li>
                        <li>
                            <a href="https://www.spesati.com/pet" class="estDynamic">Pets</a>
                        </li>
                    </ul>
                </div>
                <div class="col">
                    <ul>
                        <li>
                            <a href="https://www.spesati.com/technology" class="estDynamic">Technology</a>
                        </li>
                        <li>
                            <a href="https://www.spesati.com/gluten-free" class="estDynamic">Gluten free</a>
                        </li>
                        <li>
                            <a href="https://www.spesati.com/lactose-free" class="estDynamic">Lactose free</a>
                        </li>
                        <li>
                            <a href="https://www.spesati.com/special" class="estDynamic">Special</a>
                        </li>
                        <li>
                            <a href="https://www.spesati.com/sardinian-products" class="estDynamic">Sardinian products</a>
                        </li>
                    </ul>
                </div>
            </div>
            <div class="bottom bgRed">
                <div class="left">
                    <h3>Delivery payment</h3>
                    <div>
                        <i class="fa fa-money fa-3x" aria-hidden="true"></i>
                        <p>Cash</p>
                    </div>
                    <div>
                        <i class="fa fa-credit-card fa-3x" aria-hidden="true"></i>
                        <p>Bancomat or card</p>
                    </div>
                </div>
                <div class="right">
                    <h3>Online payment</h3>
                    <div>
                        <i class="fa fa-credit-card fa-3x" aria-hidden="true"></i>
                        <p>Credit or debit card <span class="red">online</span></p>
                    </div>
                    <div>
                        <i class="fa fa-paypal fa-3x" aria-hidden="true"></i>
                        <p>PayPal</p>
                    </div>
                    <div>
                        <i class="fa fa-university fa-3x" aria-hidden="true"></i>
                        <p>Bank transfer</p>
                    </div>
                </div>
            </div>
        </div>
        <div class="right bgRed">
            <div>
                <i class="fa fa-truck fa-flip-horizontal"></i>
                <a class="button bgYellow white" href="https://www.spesati.com/delivery-prices">Delivery prices</a>
                
                    <h3>Home delivery:</h3>
                    <p><b>Monday to Saturday</b></p>
                    <p><b>9:00 to 20:00</b></p>
                    <p><b>Minimum order:</b> 29€</p>
                    <p><b>Delivery starting from:</b> 3,50€</p>
                            </div>
            <ul>
                <li>
                    <a href="https://www.spesati.com/delivery-prices">Delivery prices</a>
                </li>
                <li>
                    <a href="https://www.spesati.com/about">About</a>
                </li>
                <li>
                    <a href="https://www.spesati.com/faq">Faq</a>
                </li>
                <li>
                    <a href="https://www.spesati.com/customer-care">Support</a>
                </li>
                <li>
                    <a href="https://www.spesati.com/news">Blog</a>
                </li>
                <li>
                    <a href="https://www.spesati.com/terms-and-conditions">Conditions</a>
                </li>
                <li>
                    <a href="https://www.spesati.com/privacy-policy">Privacy policy</a>
                </li>
                <li>
                    <a href="https://www.spesati.com/legal-warranty">Legal guarantee</a>
                </li>
            </ul>
        </div>
    </footer>
    <div class="bgRed"></div>
</div>
<!--Start of Tawk.to Script-->
<script data-cfasync="false" src="https://www.spesati.com/cdn-cgi/scripts/5c5dd728/cloudflare-static/email-decode.min.js"></script><script type="text/javascript">
var Tawk_API=Tawk_API||{}, Tawk_LoadStart=new Date();
(function(){
var s1=document.createElement("script"),s0=document.getElementsByTagName("script")[0];
s1.async=true;
s1.src='https://embed.tawk.to/59e86945c28eca75e4626ed9/default';
s1.charset='UTF-8';
s1.setAttribute('crossorigin','*');
s0.parentNode.insertBefore(s1,s0);
})();
</script>
<!--End of Tawk.to Script-->

<!-- Here are parked a few translatable strings, useful for Javascript rendering -->
<div id="js-texts" hidden>
    <input type="hidden" name="save_cart_notice" value="Saving your cart it will be possible to reload it next time you come for shopping">
    <input type="hidden" name="save_cart_notice_title" value="Want to save your cart?">
    <input type="hidden" name="save_cart_ok" value="Save">
    <input type="hidden" name="save_cart_ko" value="Don't Save">
    <input type="hidden" name="reload_cart" value="The Reload Order function allows you to top up your last cart to make a New Order. Warning: do not use this function to add products to the last order. At this time it is not possible to modify an order placed previously.">
</div>

<!-- new site and login popup -->
</body>
<!-- Mirrored from www.spesati.com/shelf/tea-and-infusions by HTTrack Website Copier/3.x [XR&CO'2014], Fri, 23 Feb 2024 18:50:10 GMT -->
</html>