<!DOCTYPE html><html lang="en">
<!-- Mirrored from www.spesati.com/shelf/tins-and-preserves by HTTrack Website Copier/3.x [XR&CO'2014], Fri, 23 Feb 2024 18:50:09 GMT -->
<!-- Added by HTTrack --><meta http-equiv="content-type" content="text/html;charset=utf-8" /><!-- /Added by HTTrack -->
<head>
    <title>Tins and Preserves - Cupboard - Spesati.com</title>
    <meta http-equiv="Content-Type" content="text/html; charset=UTF-8" />
    <meta name="description" content="" />
    <meta name="keywords" content="" />
    <link href="https://www.spesati.com/images/favicon.ico" rel="shortcut icon" type="image/x-icon" />
    <meta name="author" content="www.dodify.com" /><link rel="canonical" href="https://www.spesati.com/shelf/tins-and-preserves" /><link rel="alternate" hreflang="en" href="https://www.spesati.com/shelf/tins-and-preserves" /><link rel="alternate" hreflang="it" href="https://www.spesati.it/scaffale/scatolette-e-conserve" /><link href="https://cdnjs.cloudflare.com/ajax/libs/meyer-reset/2.0/reset.min.css" rel="stylesheet" type="text/css" /><link href="https://cdnjs.cloudflare.com/ajax/libs/font-awesome/6.5.1/css/all.min.css" rel="stylesheet" type="text/css" /><link href="https://fonts.googleapis.com/css?family=Montserrat:400,700" rel="stylesheet" type="text/css" /><link href="http://cdnjs.cloudflare.com/ajax/libs/fancybox/2.1.5/jquery.fancybox.min.css" rel="stylesheet" type="text/css" /><link href="https://www.spesati.com/style/main.css?v=7" rel="stylesheet" type="text/css" /><link href="https://www.spesati.com/style/lightslider.css" rel="stylesheet" type="text/css" /><link href="https://www.spesati.com/style/categories.css" rel="stylesheet" type="text/css" /><script src="https://cdnjs.cloudflare.com/ajax/libs/jquery/3.6.1/jquery.min.js" type="text/javascript"></script><script src="http://ajax.googleapis.com/ajax/libs/jquery/1.11.0/jquery.min.js" type="text/javascript"></script><script src="http://unpkg.com/@floating-ui/core@0.4.0" type="text/javascript"></script><script src="http://unpkg.com/@floating-ui/dom@0.2.0" type="text/javascript"></script><script src="http://cdnjs.cloudflare.com/ajax/libs/fancybox/2.1.5/jquery.fancybox.min.js" type="text/javascript"></script><script src="https://www.spesati.com/js/menu.js" type="text/javascript"></script><script src="https://www.spesati.com/js/interface.js?v=10" type="text/javascript"></script><script src="https://www.spesati.com/js/spesati.lightslider.min.js" type="text/javascript"></script><meta name="viewport" content="width=device-width, initial-scale=1, maximum-scale=1" /><meta name = "format-detection" content = "telephone=no">
<!-- Facebook Pixel Code -->
<script>
  !function(f,b,e,v,n,t,s)
  {if(f.fbq)return;n=f.fbq=function(){n.callMethod?
  n.callMethod.apply(n,arguments):n.queue.push(arguments)};
  if(!f._fbq)f._fbq=n;n.push=n;n.loaded=!0;n.version='2.0';
  n.queue=[];t=b.createElement(e);t.async=!0;
  t.src=v;s=b.getElementsByTagName(e)[0];
  s.parentNode.insertBefore(t,s)}(window, document,'script',
  'https://connect.facebook.net/en_US/fbevents.js');
  fbq('init', '792335014180667');
  fbq('track', 'PageView');
</script>
<noscript>
    <img height="1" width="1" style="display:none" src="https://www.facebook.com/tr?id=792335014180667&amp;ev=PageView&amp;noscript=1" />
</noscript>
<!-- End Facebook Pixel Code -->

<!-- GA4 -->
<script async src="https://www.googletagmanager.com/gtag/js?id=G-SSS6NRNXL0"></script>
<script>
  window.dataLayer = window.dataLayer || [];
  function gtag(){dataLayer.push(arguments);}
  gtag('js', new Date());
  gtag('config', 'AW-976671669');
  gtag('config', 'G-SSS6NRNXL0');
</script>
<!-- Elements for PWA deploy -->
<link rel="manifest" href="https://www.spesati.com/manifest.json">
<meta name="theme-color" media="(prefers-color-scheme: light)" content="white">
<meta name="theme-color" media="(prefers-color-scheme: dark)"  content="black">
<link href=https://www.spesati.com/images/icon-192.png rel=apple-touch-icon sizes="192x192">
<!-- Establishment logic -->
<script>var pageEstablishment = "Olbia"; var estDefaultPages = true</script>
    <!--[if lt IE 9]>
        <script src="https://cdnjs.cloudflare.com/ajax/libs/html5shiv/3.7.3/html5shiv.min.js" type="text/javascript"></script>
    <![endif]--><script type="text/javascript">
$(document).ready(function() {
    // Check if exists cookie
    if(document.cookie.indexOf("cookieAccepted") < 0) {
        var cookieText = '<div id=\"cookie\"><p>This site uses cookies. Cookies are used for ads personalisation. <a href=\"/privacy-policy\">More info</a></p><button id=\"cookieConsent\" type=\"button\">Accept</button></div>';
        $("body").append($(
            cookieText
        ));
        $('#cookie').css({
            'width'           : '100%',
            'text-align'      : 'center',
            'color'           : '#FFFFFF',
            'background-color': '#000000', 
            'opacity'         : '.8', 
            'position'        : 'fixed', 
            'bottom'          : '0',
            'padding'         : '.5em 0',
            'z-index'         : '999'
        });
        $('#cookie > *').css({
            'display': 'inline'
        });
        $('#cookie a').css({
            'color'          : '#FFFFFF',
            'text-decoration': 'underline',
            'margin-right'   : '2%'
        });
        $('#cookieConsent').click(function() {
            // Set cookie
            var expiry = new Date();
            expiry.setTime(expiry.getTime() + (365 * 24 * 60 * 60 * 1000));
            document.cookie = "cookieAccepted=yes; expires=" + expiry.toGMTString() + "; path=/; domain=.spesati.com";
            $('#cookie').css({'display': 'none'});
        });
    }
});
</script></head><body><script type="text/javascript">
    var addText = "Add";
    var slider  = null;
    $(document).ready(function() {
        slider = $('#cartSlider').lightSlider({
            controls: false,
            item:13,
            loop:false,
            slideMove:1,
            easing: 'cubic-bezier(0.25, 0, 0.25, 1)',
            speed:600,
            responsive : [
                {
                    breakpoint:1400,
                    settings: {
                        item:12,
                        slideMove:1,
                    }
                },
                {
                    breakpoint:1200,
                    settings: {
                        item:11,
                        slideMove:1,
                    }
                },
                {
                    breakpoint:1080,
                    settings: {
                        item:14,
                        slideMove:1,
                    }
                },
                {
                    breakpoint:800,
                    settings: {
                        item:12,
                        slideMove:1,
                    }
                }
            ]
        });
        $('.lSPager').css("display","none");
        $('.lSAction').css("display","block");
        $('#goToPrevSlide').on('click', function () {
            slider.goToPrevSlide();
        });
        $('#goToNextSlide').on('click', function () {
            slider.goToNextSlide();
        });
    });

</script>
<div id="header" class="bgYellow">
    <header>
        <a class="menu" href="#"><i class="fa red fa-bars fa-2x"></i></a>
        <a id="logo" class="colLeft estDynamic" href="https://www.spesati.com/">
            <img src="http://cdn.spesati.com/images/layout/logo-eng.png" alt="Spesati.com" />
            <h2 class="red">Grocery Delivery</h2>
        </a>
        <div class="colRight">
            <div id="controls" class="right">
                <p id="establishmentControls">
                    <span class="establishmentWarning"><i class="fa-solid fa-triangle-exclamation red" title="Stai visualizzando i prodotti disponibili in una zona diversa. Se vuoi cambiare zona, cliccan qui"></i>&nbsp;&nbsp;</span>
                    Shopping from <b><a id="establishment" href="#"></a></b> <span id="estAddress">for </span> <a href="https://www.spesati.com/change-establishment">(<i class="fa-solid fa-pencil"></i> Change)</a> <span class="establishmentWarning">but viewing <b>Olbia</b></span>
                </p>
                <p><a href="https://www.spesati.it/scaffale/scatolette-e-conserve" class="black switch-site">Versione italiana</a></p>                
            </div>
            <div>
                <form id="search" action="https://www.spesati.com/search" method="post" class="left">
                    <fieldset>
                        <div>
                            <input type="text" name="searchBox" id="searchBox" placeholder="Search for a product"></input>
                            <input id="searchButton" type="submit" name="searchButton" class="button bgRed white left" value="Find" />
                        </div>
                    </fieldset>
                </form>
                <div class="center left">
                    <a class="button bgRed white log-in" href="https://www.spesati.com/login">Login</a>
                    <a class="button bgRed white sign-up" href="https://www.spesati.com/sign-up">Sign up</a>
                    <a class="button bgRed white profile" href="https://www.spesati.com/profile">Profile</a>
                    <a class="button bgRed white log-out" href="https://www.spesati.com/logout" data-endpoint-check-cart="https://api.spesati.com/cart/check">Logout</a>
                </div>
                <div class="right user-function-icons">
                    <a class="red left account"><i class="fa fa-user fa-3x"></i></a>
                    <div id="dropdown">
                        <a class="log-in button bgRed white" href="https://www.spesati.com/login">Login</a>
                        <a class="sign-up button bgRed white" href="https://www.spesati.com/sign-up">Sign up</a>
                        <a class="profile button bgRed white" href="https://www.spesati.com/profile">Profile</a>
                        <a class="log-out button bgRed white" href="https://www.spesati.com/logout">Logout</a>
                    </div>

                    <div class="cart left">
                        <i class="fa fa-sm fa-shopping-cart red" aria-hidden="true" id="shipping-cart-button"></i>
                        <p id="cartQuantity"></p>
                    </div>

                    <a class="right" href="https://www.spesati.com/cart"><p class="black" id="cartTotal"></p></a>
                </div>
            </div>
                            <div id="previewCart">
                    <i id="goToPrevSlide" class="yellow fa fa-angle-left fa-2x" aria-hidden="true"></i>
                    <div><ul id="cartSlider"></ul></div>
                    <i id="goToNextSlide" class="yellow fa fa-angle-right fa-2x" aria-hidden="true"></i>
                </div>
                    </div>
    </header>

    <div id="shipping-cart-options" data-inited="false">
        <a href="https://www.spesati.com/cart" class="goto-cart">checkout</a>
        <a href="#" data-endpoint-auth="https://api.spesati.com/cart/save" data-endpoint-noauth="/login" class="save-cart">save</a>
        <a href="#" data-endpoint-auth="https://api.spesati.com/cart/load" class="load-cart">load</a>
    </div>
</div>
<div id="menuCategoriesMobile" class="mobile bgRed">
    <div class="closeMenu">
        <i class="fa fa-times fa-2x white"></i>
        Close
    </div>
    <ul class="bgRed white">
        <div id="langMobile" class="right">
        <a href="https://www.spesati.it/scaffale/scatolette-e-conserve" class="white switch-site"><p>Versione italiana</p></a>    </div>
        <li><a>Categories</a>
            <ul class="bgWhite">
                <li>
                    <img src="http://cdn.spesati.com/images/menu/on-sale.png"/>
                    On sale                    <i class="fa fa-angle-down" aria-hidden="true"></i>
                    <ul class="sub-menu">
                    <li>
    <a href="https://www.spesati.com/tacchino-fesa-a-fette">Tacchino Fesa A Fette</a>
</li><li>
    <a href="https://www.spesati.com/amaro-montenegro-15lt">Amaro Montenegro 1,5lt</a>
</li><li>
    <a href="https://www.spesati.com/carbone-di-legna-sacco-10kg">Carbone Di Legna Sacco 10Kg</a>
</li><li>
    <a href="https://www.spesati.com/filu-e-ferru-silvio-carta-70cl">Filu E Ferru Silvio Carta 70Cl</a>
</li><li>
    <a href="https://www.spesati.com/braciole-suino-con-cotenna">Braciole Suino Con Cotenna</a>
</li><li>
    <a href="https://www.spesati.com/bovino-adulto-polpa">Bovino Adulto Polpa</a>
</li><li>
    <a href="https://www.spesati.com/vino-la-palma-cannonau-le-bombarde">Vino La Palma Cannonau Le Bombarde</a>
</li><li>
    <a href="https://www.spesati.com/fettine-sceltissime-bovino-adulto">Fettine Sceltissime Bovino Adulto</a>
</li><li>
    <a href="https://www.spesati.com/suino-fettine-scelte">Suino Fettine Scelte</a>
</li><li>
    <a href="https://www.spesati.com/lavazza-caffe-qualita-rossa-2x250gr">Lavazza Caffé Qualità Rossa 2x250gr</a>
</li>                        <li>
                            <a class="estDynamic" href="https://www.spesati.com/on-offer">All products on sale</a>
                        </li>
                    </ul>
                </li>
                <li>
                    <img src="http://cdn.spesati.com/images/menu/gift.png"/>
                    Gifts                    <i class="fa fa-angle-down" aria-hidden="true"></i>
                    <ul class="sub-menu">
                        <li>
    <a href="https://www.spesati.com/gift-card-da-150">Gift Card Da 150</a>
</li><li>
    <a href="https://www.spesati.com/gift-card-da-100">Gift Card Da 100</a>
</li><li>
    <a href="https://www.spesati.com/gift-card-da-50">Gift Card Da 50</a>
</li><li>
    <a href="https://www.spesati.com/gift-card-da-25">Gift Card Da 25</a>
</li>                        <li>
                            <a class="estDynamic" href="https://www.spesati.com/gift">All products in the gifts category</a>
                        </li>
                    </ul>
                </li>
                <li>
                    <img src="http://cdn.spesati.com/images/menu/gift-card.png"/>
                    Gift card and discounts                    <i class="fa fa-angle-down" aria-hidden="true"></i>
                    <ul class="sub-menu">
                        <li>
    <a href="https://www.spesati.com/gift-card-da-150">Gift Card Da 150</a>
</li><li>
    <a href="https://www.spesati.com/gift-card-da-100">Gift Card Da 100</a>
</li><li>
    <a href="https://www.spesati.com/gift-card-da-50">Gift Card Da 50</a>
</li><li>
    <a href="https://www.spesati.com/gift-card-da-25">Gift Card Da 25</a>
</li>                    </ul>
                </li>
                <li>
                    <img src="http://cdn.spesati.com/images/menu/fuit-and-vegetables.png"/>
                    Fruit and vegetables                    <i class="fa fa-angle-down" aria-hidden="true"></i>
                    <ul class="sub-menu">
                        <li>
                            <a class="estDynamic" href="https://www.spesati.com/fruit-and-vegetables/pulses-and-beans">Cereals and pulses and beans</a>
                        </li>
                        <li>
                            <a class="estDynamic" href="https://www.spesati.com/fruit-and-vegetables/fruit">Fruit</a>
                        </li>
                        <li>
                            <a class="estDynamic" href="https://www.spesati.com/fruit-and-vegetables/canned-fruit">Canned fruit</a>
                        </li>
                        <li>
                            <a class="estDynamic" href="https://www.spesati.com/fruit-and-vegetables/dried-fruit">Dried fruit</a>
                        </li>
                        <li>
                            <a class="estDynamic" href="https://www.spesati.com/fruit-and-vegetables/ready-salads">Ready salads</a>
                        </li>
                        <li>
                            <a class="estDynamic" href="https://www.spesati.com/fruit-and-vegetables/fresh-spices">Fresh spices</a>
                        </li>
                        <li>
                            <a class="estDynamic" href="https://www.spesati.com/fruit-and-vegetables/vegetables">Vegetables and soy</a>
                        </li>
                    </ul>
                </li>
                <li>
                    <img src="http://cdn.spesati.com/images/menu/fresh-products.png"/>
                    Fresh products                    <i class="fa fa-angle-down" aria-hidden="true"></i>
                    <ul class="sub-menu">
                        <li>
                            <a class="estDynamic" href="https://www.spesati.com/fresh-products/margarine-and-butter">Butter and margarine</a>
                        </li>
                        <li>
                            <a class="estDynamic" href="https://www.spesati.com/fresh-products/danone">Danone</a>
                        </li>
                        <li>
                            <a class="estDynamic" href="https://www.spesati.com/fresh-products/dessert">Dessert</a>
                        </li>
                        <li>
                            <a class="estDynamic" href="https://www.spesati.com/fresh-products/sweets">Sweets</a>
                        </li>
                        <li>
                            <a class="estDynamic" href="https://www.spesati.com/fresh-products/dairy-products">Dairy product</a>
                        </li>
                        <li>
                            <a class="estDynamic" href="https://www.spesati.com/fresh-products/bakery">Yeast</a>
                        </li>
                        <li>
                            <a class="estDynamic" href="https://www.spesati.com/fresh-products/mascarpone">Mascarpone</a>
                        </li>
                        <li>
                            <a class="estDynamic" href="https://www.spesati.com/fresh-products/snacks">Snacks</a>
                        </li>
                        <li>
                            <a class="estDynamic" href="https://www.spesati.com/fresh-products/mozzarella">Mozzarella</a>
                        </li>
                        <li>
                            <a class="estDynamic" href="https://www.spesati.com/fresh-products/pasta">Pasta</a>
                        </li>
                        <li>
                            <a class="estDynamic" href="https://www.spesati.com/fresh-products/pesto-and-sauces">Pesto and sauces</a>
                        </li>
                        <li>
                            <a class="estDynamic" href="https://www.spesati.com/fresh-products/ricotta-and-cheese">Ricotta and cheese</a>
                        </li>
                        <li>
                            <a class="estDynamic" href="https://www.spesati.com/fresh-products/cured-meat">Cured meat</a>
                        </li>
                        <li>
                            <a class="estDynamic" href="https://www.spesati.com/fresh-products/wurstel">Würstel</a>
                        </li>
                        <li>
                            <a class="estDynamic" href="https://www.spesati.com/fresh-products/yogurt">Yogurt</a>
                        </li>
                    </ul>
                </li>
                <li>
                    <img src="http://cdn.spesati.com/images/menu/frozen-foods.png"/>
                    Frozen foods                    <i class="fa fa-angle-down" aria-hidden="true"></i>
                    <ul class="sub-menu">
                        <li>
                            <a class="estDynamic" href="https://www.spesati.com/frozen-foods/meat">Meat</a>
                        </li>
                        <li>
                            <a class="estDynamic" href="https://www.spesati.com/frozen-foods/ice-creams">Ice cream and sweet</a>
                        </li>
                        <li>
                            <a class="estDynamic" href="https://www.spesati.com/frozen-foods/pasta">Pasta</a>
                        </li>
                        <li>
                            <a class="estDynamic" href="https://www.spesati.com/frozen-foods/fish">Fish</a>
                        </li>
                        <li>
                            <a class="estDynamic" href="https://www.spesati.com/frozen-foods/ready-meals">Ready meals</a>
                        </li>
                        <li>
                            <a class="estDynamic" href="https://www.spesati.com/frozen-foods/pizzas">Pizzas</a>
                        </li>
                        <li>
                            <a class="estDynamic" href="https://www.spesati.com/frozen-foods/vegetables">Vegetables and soy</a>
                        </li>
                    </ul>
                </li>
                <li>
                    <img src="http://cdn.spesati.com/images/menu/bread-and-pasta.png"/>
                    Bread and pasta                    <i class="fa fa-angle-down" aria-hidden="true"></i>
                    <ul class="sub-menu">
                        <li>
                            <a class="estDynamic" href="https://www.spesati.com/bread-and-pasta/crackers">Crackers</a>
                        </li>
                        <li>
                            <a class="estDynamic" href="https://www.spesati.com/bread-and-pasta/rusks">Rusks</a>
                        </li>
                        <li>
                            <a class="estDynamic" href="https://www.spesati.com/bread-and-pasta/white-bread">White bread</a>
                        </li>
                        <li>
                            <a class="estDynamic" href="https://www.spesati.com/bread-and-pasta/local-bread">Local bread</a>
                        </li>
                        <li>
                            <a class="estDynamic" href="https://www.spesati.com/bread-and-pasta/soft-bread">Soft bread</a>
                        </li>
                        <li>
                            <a class="estDynamic" href="https://www.spesati.com/bread-and-pasta/sardinian-bread">Sardinian bread</a>
                        </li>
                        <li>
                            <a class="estDynamic" href="https://www.spesati.com/bread-and-pasta/bakery">Bakery</a>
                        </li>
                        <li>
                            <a class="estDynamic" href="https://www.spesati.com/bread-and-pasta/pasta">Pasta</a>
                        </li>
                        <li>
                            <a class="estDynamic" href="https://www.spesati.com/bread-and-pasta/fresh-pasta">Fresh pasta</a>
                        </li>
                    </ul>
                </li>
                <li>
                    <img src="http://cdn.spesati.com/images/menu/meat.png"/>
                    Meat                    <i class="fa fa-angle-down" aria-hidden="true"></i>
                    <ul class="sub-menu">
                        <li>
                            <a class="estDynamic" href="https://www.spesati.com/meat/beef">Beef</a>
                        </li>
                        <li>
                            <a class="estDynamic" href="https://www.spesati.com/meat/goat">Goat</a>
                        </li>
                        <li>
                            <a class="estDynamic" href="https://www.spesati.com/meat/packaged-meat">Packaged meat</a>
                        </li>
                        <li>
                            <a class="estDynamic" href="https://www.spesati.com/meat/rabbit">Rabbit</a>
                        </li>
                        <li>
                            <a class="estDynamic" href="https://www.spesati.com/meat/horse">Horse</a>
                        </li>
                        <li>
                            <a class="estDynamic" href="https://www.spesati.com/meat/pork">Pork</a>
                        </li>
                        <li>
                            <a class="estDynamic" href="https://www.spesati.com/meat/lamb">Lamb</a>
                        </li>
                        <li>
                            <a class="estDynamic" href="https://www.spesati.com/meat/poultry">Poultry</a>
                        </li>
                    </ul>
                </li>
                <li>
                    <img src="http://cdn.spesati.com/images/menu/fish.png"/>
                    Fish                    <i class="fa fa-angle-down" aria-hidden="true"></i>
                    <ul class="sub-menu">
                        <li>
                            <a class="estDynamic" href="https://www.spesati.com/fish/fresh-water">Fresh water</a>
                        </li>
                        <li>
                            <a class="estDynamic" href="https://www.spesati.com/fish/salt-water">Salt water</a>
                        </li>
                        <li>
                            <a class="estDynamic" href="https://www.spesati.com/fish/mussels">Mussels</a>
                        </li>
                        <li>
                            <a class="estDynamic" href="https://www.spesati.com/fish/dried-and-salted">Dried and salted</a>
                        </li>
                        <li>
                            <a class="estDynamic" href="https://www.spesati.com/fish/seafood-salad">Seafood salad</a>
                        </li>
                        <li>
                            <a class="estDynamic" href="https://www.spesati.com/fish/prepared">Prepared</a>
                        </li>
                        <li>
                            <a class="estDynamic" href="https://www.spesati.com/fish/specialty">Specialty</a>
                        </li>   
                        <li>
                            <a class="estDynamic" href="https://www.spesati.com/fish/tuna-and-salmon">Tuna and salmon</a>
                        </li>
                    </ul>
                </li>
                <li>
                    <img src="http://cdn.spesati.com/images/menu/alcohol.png"/>
                    Wine beer and spirits                    <i class="fa fa-angle-down" aria-hidden="true"></i>
                    <ul class="sub-menu">
                        <li>
                            <a class="estDynamic" href="https://www.spesati.com/wine-beer-and-spirits/spirits-and-liquors">Alcohol</a>
                        </li>
                        <li>
                            <a class="estDynamic" href="https://www.spesati.com/wine-beer-and-spirits/bitters">Bitters</a>
                        </li>
                        <li>
                            <a class="estDynamic" href="https://www.spesati.com/wine-beer-and-spirits/aperatif">Aperatifs</a>
                        </li>
                        <li>
                            <a class="estDynamic" href="https://www.spesati.com/wine-beer-and-spirits/beer">Beer</a>
                        </li>
                        <li>
                            <a class="estDynamic" href="https://www.spesati.com/wine-beer-and-spirits/creams">Creams</a>
                        </li>
                        <li>
                            <a class="estDynamic" href="https://www.spesati.com/wine-beer-and-spirits/spirits">Spirits</a>
                        </li>
                        <li>
                            <a class="estDynamic" href="https://www.spesati.com/wine-beer-and-spirits/liquors">Liquors</a>
                        </li>
                        <li>
                            <a class="estDynamic" href="https://www.spesati.com/wine-beer-and-spirits/white-wine">White wine</a>
                        </li>
                        <li>
                            <a class="estDynamic" href="https://www.spesati.com/wine-beer-and-spirits/prosecco-wine">Prosecco wine</a>
                        </li>
                        <li>
                            <a class="estDynamic" href="https://www.spesati.com/wine-beer-and-spirits/rose-wine">Rose wine</a>
                        </li>
                        <li>
                            <a class="estDynamic" href="https://www.spesati.com/wine-beer-and-spirits/red-wine">Red wine</a>
                        </li>
                        <li>
                            <a class="estDynamic" href="https://www.spesati.com/wine-beer-and-spirits/specialty-wine">Special wine</a>
                        </li>
                        <li>
                            <a class="estDynamic" href="https://www.spesati.com/wine-beer-and-spirits/sparkling-wine">Sparkling wine</a>
                        </li>
                        <li>
                            <a class="estDynamic" href="https://www.spesati.com/wine-beer-and-spirits/vermentino-wine">Vermentino wine</a>
                        </li>
                    </ul>
                </li>
                <li>
                    <img src="http://cdn.spesati.com/images/menu/water-and-drinks.png"/>
                    Water and drinks                    <i class="fa fa-angle-down" aria-hidden="true"></i>
                    <ul class="sub-menu">
                        <li>
                            <a class="estDynamic" href="https://www.spesati.com/water-and-drinks/san-martino">San Martino</a>
                        </li>
                        <li>
                            <a class="estDynamic" href="https://www.spesati.com/water-and-drinks/water">Water</a>
                        </li>
                        <li>
                            <a class="estDynamic" href="https://www.spesati.com/water-and-drinks/alpro">Alpro</a>
                        </li>
                        <li>
                            <a class="estDynamic" href="https://www.spesati.com/water-and-drinks/fizzy-drinks">Fizzy drinks</a>
                        </li>
                        <li>
                            <a class="estDynamic" href="https://www.spesati.com/water-and-drinks/coca-cola">Coca-Cola</a>
                        </li>
                        <li>
                            <a class="estDynamic" href="https://www.spesati.com/water-and-drinks/energy-drink">Energy drink</a>
                        </li>
                        <li>
                            <a class="estDynamic" href="https://www.spesati.com/water-and-drinks/syrups">Syrups</a>
                        </li>
                        <li>
                            <a class="estDynamic" href="https://www.spesati.com/water-and-drinks/supplements">Supplements</a>
                        </li>
                        <li>
                            <a class="estDynamic" href="https://www.spesati.com/water-and-drinks/instant-drinks">Instant drinks</a>
                        </li>
                        <li>
                            <a class="estDynamic" href="https://www.spesati.com/water-and-drinks/juice">Juice</a>
                        </li>
                        <li>
                            <a class="estDynamic" href="https://www.spesati.com/water-and-drinks/tea">Tea</a>
                        </li>
                    </ul>
                </li>
                <li>
                    <img src="http://cdn.spesati.com/images/menu/sweets.png"/>
                    Sweets                    <i class="fa fa-angle-down" aria-hidden="true"></i>
                    <ul class="sub-menu">
                        <li>
                            <a class="estDynamic" href="https://www.spesati.com/sweets/bars-and-snacks">Bars and snacks</a>
                        </li>
                        <li>
                            <a class="estDynamic" href="https://www.spesati.com/sweets/biscuits">Biscuits</a>
                        </li>
                        <li>
                            <a class="estDynamic" href="https://www.spesati.com/sweets/brioches">Brioches</a>
                        </li>
                        <li>
                            <a class="estDynamic" href="https://www.spesati.com/sweets/candy-and-chewing-gum">Candy and chewing gum</a>
                        </li>
                        <li>
                            <a class="estDynamic" href="https://www.spesati.com/sweets/cereals">Cereals</a>
                        </li>
                        <li>
                            <a class="estDynamic" href="https://www.spesati.com/sweets/chocolate">Chocolate</a>
                        </li>
                        <li>
                            <a class="estDynamic" href="https://www.spesati.com/sweets/spreadable-creams">Spreads</a>
                        </li>
                        <li>
                            <a class="estDynamic" href="https://www.spesati.com/sweets/dessert-toppings">Dessert toppings</a>
                        </li>
                        <li>
                            <a class="estDynamic" href="https://www.spesati.com/sweets/jam">Jam</a>
                        </li>
                        <li>
                            <a class="estDynamic" href="https://www.spesati.com/sweets/honey">Honey</a>
                        </li>
                        <li>
                            <a class="estDynamic" href="https://www.spesati.com/sweets/panettoni-and-pandoro">Panettone and pandoro</a>
                        </li>
                        <li>
                            <a class="estDynamic" href="https://www.spesati.com/sweets/pastry">Pastry</a>
                        </li>
                        <li>
                            <a class="estDynamic" href="https://www.spesati.com/sweets/instant-dessert">Prepared</a>
                        </li>
                        <li>
                            <a class="estDynamic" href="https://www.spesati.com/sweets/cakes-and-pies">Cakes and pies</a>
                        </li>
                        <li>
                            <a class="estDynamic" href="https://www.spesati.com/sweets/easter-eggs-and-doves">Easter eggs and doves</a>
                        </li>
                    </ul>
                </li>
                <li>
                    <img src="http://cdn.spesati.com/images/menu/shelf.png"/>
                    Cupboard                    <i class="fa fa-angle-down" aria-hidden="true"></i>
                    <ul class="sub-menu">
                        <li>
                            <a class="estDynamic" href="https://www.spesati.com/shelf/coffee">Coffee</a>
                        </li>
                        <li>
                            <a class="estDynamic" href="https://www.spesati.com/shelf/gift-baskets">Gift baskets</a>
                        </li>
                        <li>
                            <a class="estDynamic" href="https://www.spesati.com/shelf/stock-cubes">Nuts and preparations</a>
                        </li>
                        <li>
                            <a class="estDynamic" href="https://www.spesati.com/shelf/flour-and-baking">Flour and baking</a>
                        </li>
                        <li>
                            <a class="estDynamic" href="https://www.spesati.com/shelf/milk">Milk</a>
                        </li>
                        <li>
                            <a class="estDynamic" href="https://www.spesati.com/shelf/oil-salt-vinegar">Oil, vinegar and salt</a>
                        </li>
                        <li>
                            <a class="estDynamic" href="https://www.spesati.com/shelf/cream-and-bechamel">Cream and bechamel</a>
                        </li>
                        <li>
                            <a class="estDynamic" href="https://www.spesati.com/shelf/crisps-and-pretzels">Crisps and pretzels</a>
                        </li>
                        <li>
                            <a class="estDynamic" href="https://www.spesati.com/shelf/baby-and-infants-products">Early childhood products</a>
                        </li>
                        <li>
                            <a class="estDynamic" href="https://www.spesati.com/shelf/rice">Rice</a>
                        </li>
                        <li>
                            <a class="estDynamic" href="https://www.spesati.com/shelf/tins-and-preserves">Tins and Preserves</a>
                        </li>
                        <li>
                            <a class="estDynamic" href="https://www.spesati.com/shelf/spices">Spices</a>
                        </li>
                        <li>
                            <a class="estDynamic" href="https://www.spesati.com/shelf/sauces">Sauces</a>
                        </li>
                        <li>
                            <a class="estDynamic" href="https://www.spesati.com/shelf/tea-and-infusions">Tea and infusions</a>
                        </li>
                        <li>
                            <a class="estDynamic" href="https://www.spesati.com/shelf/eggs">Eggs</a>
                        </li>
                        <li>
                            <a class="estDynamic" href="https://www.spesati.com/shelf/sugar-and-sweeteners">Sugar and sweeteners</a>
                        </li>
                    </ul>
                </li>
                <li>
                    <img src="http://cdn.spesati.com/images/menu/personal-care.png"/>
                    Personal care                    <i class="fa fa-angle-down" aria-hidden="true"></i>
                    <ul class="sub-menu">
                        <li>
                            <a class="estDynamic" href="https://www.spesati.com/personal-care/accessories-and-cotton">Accessories and cotton</a>
                        </li>
                        <li>
                            <a class="estDynamic" href="https://www.spesati.com/personal-care/feminine-care-incontinence-and-baby-diapers">Feminine incontinence and diapers</a>
                        </li>
                        <li>
                            <a class="estDynamic" href="https://www.spesati.com/personal-care/shower-gel">Shower gel</a>
                        </li>
                        <li>
                            <a class="estDynamic" href="https://www.spesati.com/personal-care/creams">Creams</a>
                        </li>
                        <li>
                            <a class="estDynamic" href="https://www.spesati.com/personal-care/deodorant">Deodorant</a>
                        </li>
                        <li>
                            <a class="estDynamic" href="https://www.spesati.com/personal-care/hair-removal">Hair removal</a>
                        </li>
                        <li>
                            <a class="estDynamic" href="https://www.spesati.com/personal-care/disinfectants">Disinfectants</a>
                        </li>
                        <li>
                            <a class="estDynamic" href="https://www.spesati.com/personal-care/oral-hygiene">Oral hygiene</a>
                        </li>
                        <li>
                            <a class="estDynamic" href="https://www.spesati.com/personal-care/supplements-and-multivitamins">Supplements and multivitamins</a>
                        </li>
                        <li>
                            <a class="estDynamic" href="https://www.spesati.com/personal-care/first-aid">First aid label</a>
                        </li>
                        <li>
                            <a class="estDynamic" href="https://www.spesati.com/personal-care/beard-products">Beard products</a>
                        </li>
                        <li>
                            <a class="estDynamic" href="https://www.spesati.com/personal-care/hairs-products">Hair products</a>
                        </li>
                        <li>
                            <a class="estDynamic" href="https://www.spesati.com/personal-care/perfume">Perfumes</a>
                        </li>
                        <li>
                            <a class="estDynamic" href="https://www.spesati.com/personal-care/wipes">Wipes</a>
                        </li>
                        <li>
                            <a class="estDynamic" href="https://www.spesati.com/personal-care/soaps-and-body-wash">Soaps and body wash</a>
                        </li>
                        <li>
                            <a class="estDynamic" href="https://www.spesati.com/personal-care/shampoo-and-conditioner">Shampoo and conditioner</a>
                        </li>
                    </ul>
                </li>
                <li>
                    <img src="http://cdn.spesati.com/images/menu/pellet-and-home.png"/>
                    Home and outdoors                    <i class="fa fa-angle-down" aria-hidden="true"></i>
                    <ul class="sub-menu">
                        <li>
                            <a class="estDynamic" href="https://www.spesati.com/household-and-outdoors/distilled-water">Distilled water</a>
                        </li>
                        <li>
                            <a class="estDynamic" href="https://www.spesati.com/household-and-outdoors/car-products">Cars</a>
                        </li>
                        <li>
                            <a class="estDynamic" href="https://www.spesati.com/household-and-outdoors/bin-bags-and-buckets">Bin bags and buckets</a>
                        </li>
                        <li>
                            <a class="estDynamic" href="https://www.spesati.com/household-and-outdoors/bleach-and-stain-removers">Bleach and stain removers</a>
                        </li>
                        <li>
                            <a class="estDynamic" href="https://www.spesati.com/household-and-outdoors/candles">Candles</a>
                        </li>
                        <li>
                            <a class="estDynamic" href="https://www.spesati.com/household-and-outdoors/kitchen-roll">Kitchen roll</a>
                        </li>
                        <li>
                            <a class="estDynamic" href="https://www.spesati.com/household-and-outdoors/air-fresheners">Air fresheners</a>
                        </li>
                        <li>
                            <a class="estDynamic" href="https://www.spesati.com/household-and-outdoors/laundry-accessories-and-detergent">Laundry detergent</a>
                        </li>
                        <li>
                            <a class="estDynamic" href="https://www.spesati.com/household-and-outdoors/dishwasher-and-washing-up">Dishwasher and washing up</a>
                        </li>
                        <li>
                            <a class="estDynamic" href="https://www.spesati.com/household-and-outdoors/gardening">Gardening</a>
                        </li>
                        <li>
                            <a class="estDynamic" href="https://www.spesati.com/household-and-outdoors/light-bulbs-and-batteries">Lightbulbs and batteries</a>
                        </li>
                        <li>
                            <a class="estDynamic" href="https://www.spesati.com/household-and-outdoors/pellet-and-bbq">Pellet and BBQ</a>
                        </li>
                        <li>
                            <a class="estDynamic" href="https://www.spesati.com/household-and-outdoors/bathroom-products">Bathroom products</a>
                        </li>
                        <li>
                            <a class="estDynamic" href="https://www.spesati.com/household-and-outdoors/home-and-furniture-products">Home and furniture products</a>
                        </li>
                        <li>
                            <a class="estDynamic" href="https://www.spesati.com/household-and-outdoors/kitchen-products">Kitchen products</a>
                        </li>
                        <li>
                            <a class="estDynamic" href="https://www.spesati.com/household-and-outdoors/window-and-floor-cleaners">Window and floor cleaner</a>
                        </li>
                        <li>
                            <a class="estDynamic" href="https://www.spesati.com/household-and-outdoors/repellents">Repellents</a>
                        </li>
                        <li>
                            <a class="estDynamic" href="https://www.spesati.com/household-and-outdoors/disposable-tableware">Disposable tableware</a>
                        </li>
                    </ul>
                </li>
                <li>
                    <img src="http://cdn.spesati.com/images/menu/animals.png"/>
                    Pets                    <i class="fa fa-angle-down" aria-hidden="true"></i>
                    <ul class="sub-menu">
                        <li>
                            <a class="estDynamic" href="https://www.spesati.com/pets/pet-food-other-animals">Other animals pet food</a>
                        </li>
                        <li>
                            <a class="estDynamic" href="https://www.spesati.com/pets/pet-food-dogs">Pet food dogs</a>
                        </li>
                        <li>
                            <a class="estDynamic" href="https://www.spesati.com/pets/pet-food-cats">Pet food cats</a>
                        </li>
                        <li>
                            <a class="estDynamic" href="https://www.spesati.com/pets/hygiene-and-cleaning">Hygiene and cleaning</a>
                        </li>
                    </ul>
                </li>
                <li>
                    <img src="http://cdn.spesati.com/images/menu/technology.png"/>
                    Technology                    <i class="fa fa-angle-down" aria-hidden="true"></i>
                    <ul class="sub-menu">
                        <li>
                            <a class="estDynamic" href="https://www.spesati.com/technology/accessories">Accessories</a>
                        </li>
                        <li>
                            <a class="estDynamic" href="https://www.spesati.com/technology/computer">Computer</a>
                        </li>
                        <li>
                            <a class="estDynamic" href="https://www.spesati.com/technology/telephones">Telephones</a>
                        </li>
                        <li>
                            <a class="estDynamic" href="https://www.spesati.com/technology/tv">TV</a>
                        </li>
                    </ul>
                </li>
                <li>
                    <img src="http://cdn.spesati.com/images/menu/gluten-free.png"/>
                    Gluten free                    <i class="fa fa-angle-down" aria-hidden="true"></i>
                    <ul class="sub-menu">
                        <li>
                            <a class="estDynamic" href="https://www.spesati.com/gluten-free/frozen-foods">Frozen foods</a>
                        </li>
                        <li>
                            <a class="estDynamic" href="https://www.spesati.com/gluten-free/beer">Beer</a>
                        </li>
                        <li>
                            <a class="estDynamic" href="https://www.spesati.com/gluten-free/sweets">Sweets</a>
                        </li>
                        <li>
                            <a class="estDynamic" href="https://www.spesati.com/gluten-free/bread-and-pasta">Bread and pasta</a>
                        </li>
                        <li>
                            <a class="estDynamic" href="https://www.spesati.com/gluten-free/shelf">Cupboard</a>
                        </li>
                    </ul>
                </li>
                <li>
                    <img src="http://cdn.spesati.com/images/menu/lactose-free.png"/>
                    Lactose free                    <i class="fa fa-angle-down" aria-hidden="true"></i>
                    <ul class="sub-menu">
                        <li>
                            <a class="estDynamic" href="https://www.spesati.com/lactose-free/frozen-foods">Frozen foods</a>
                        </li>
                        <li>
                            <a class="estDynamic" href="https://www.spesati.com/lactose-free/sweets">Sweets</a>
                        </li>
                        <li>
                            <a class="estDynamic" href="https://www.spesati.com/lactose-free/dairy-product">Dairy product</a>
                        </li>
                        <li>
                            <a class="estDynamic" href="https://www.spesati.com/lactose-free/shelf">Cupboard</a>
                        </li>
                    </ul>
                </li>
                <li>
                    <img src="http://cdn.spesati.com/images/menu/special.png"/>
                    Special                    <i class="fa fa-angle-down" aria-hidden="true"></i>
                    <ul class="sub-menu">
                        <li>
                            <a class="estDynamic" href="https://www.spesati.com/special/alpro">Alpro</a>
                        </li>
                        <li>
                            <a class="estDynamic" href="https://www.spesati.com/special/organic">Biological</a>
                        </li>
                        <li>
                            <a class="estDynamic" href="https://www.spesati.com/special/meat">Meat</a>
                        </li>
                        <li>
                            <a class="estDynamic" href="https://www.spesati.com/special/wholegrain">Wholegrain</a>
                        </li>
                        <li>
                            <a class="estDynamic" href="https://www.spesati.com/special/bread-and-pasta">Bread and pasta</a>
                        </li>
                        <li>
                            <a class="estDynamic" href="https://www.spesati.com/special/vegan">Vegan</a>
                        </li>
                    </ul>
                </li>
                <li>
                    <img src="http://cdn.spesati.com/images/menu/sardinian-products.png"/>
                    Sardinian products                    <i class="fa fa-angle-down" aria-hidden="true"></i>
                    <ul class="sub-menu">
                        <li>
                            <a class="estDynamic" href="https://www.spesati.com/sardinian-products/drinks">Drinks</a>
                        </li>
                        <li>
                            <a class="estDynamic" href="https://www.spesati.com/sardinian-products/meat">Meat</a>
                        </li>
                        <li>
                            <a class="estDynamic" href="https://www.spesati.com/sardinian-products/sweets">Sweets</a>
                        </li>
                        <li>
                            <a class="estDynamic" href="https://www.spesati.com/sardinian-products/fruit-and-vegetables">Fruit and vegetables</a>
                        </li>
                        <li>
                            <a class="estDynamic" href="https://www.spesati.com/sardinian-products/ichnusa">Ichnusa</a>
                        </li>
                        <li>
                            <a class="estDynamic" href="https://www.spesati.com/sardinian-products/dairy-product">Dairy product</a>
                        </li>
                        <li>
                            <a class="estDynamic" href="https://www.spesati.com/sardinian-products/bread-and-pasta">Bread and pasta</a>
                        </li>
                        <li>
                            <a class="estDynamic" href="https://www.spesati.com/sardinian-products/fish">Fish</a>
                        </li>
                        <li>
                            <a class="estDynamic" href="https://www.spesati.com/sardinian-products/cured-meat">Cured meat</a>
                        </li>
                        <li>
                            <a class="estDynamic" href="https://www.spesati.com/sardinian-products/shelf">Cupboard</a>
                        </li>
                        <li>
                            <a class="estDynamic" href="https://www.spesati.com/sardinian-products/vermentino-wine">Vermentino wine</a>
                        </li>
                        <li>
                            <a class="estDynamic" href="https://www.spesati.com/sardinian-products/wine-beer-and-spirits">Wine beer and spirits</a>
                        </li>
                    </ul>
                </li>
            </ul>
        </li>
        <li>
            <a href="https://www.spesati.com/about">About</a>
        </li>
        <li>
            <a href="https://www.spesati.com/faq">Faq</a>
        </li>
        <li>
            <a href="https://www.spesati.com/customer-care">Support</a>
        </li>
        <li>
            <a href="https://www.spesati.com/news">Blog</a>
        </li>
        <li>
            <a href="https://www.spesati.com/terms-and-conditions">Conditions</a>
        </li>
        <li>
            <a href="https://www.spesati.com/privacy-policy">Privacy policy</a>
        </li>
        <li>
            <a href="https://www.spesati.com/login">Login</a>
        </li>
        <li>
             <a href="https://www.spesati.com/sign-up">Sign up</a>
        </li>
    </ul>
</div><section class="first">
    <div id="menuCategories" class="colLeft">
    <ul id="main_nav" >
        <li>
            <a class="estDynamic" href="https://www.spesati.com/on-offer">
               <img src="http://cdn.spesati.com/images/menu/on-sale.png"/>
               On sale            </a>
            <i class="fa fa-angle-right" aria-hidden="true"></i>
            <ul class="sub-menu">
                <li>
    <a href="https://www.spesati.com/tacchino-fesa-a-fette" class="estDynamic">Tacchino Fesa A Fette</a>
</li><li>
    <a href="https://www.spesati.com/amaro-montenegro-15lt" class="estDynamic">Amaro Montenegro 1,5lt</a>
</li><li>
    <a href="https://www.spesati.com/carbone-di-legna-sacco-10kg" class="estDynamic">Carbone Di Legna Sacco 10Kg</a>
</li><li>
    <a href="https://www.spesati.com/filu-e-ferru-silvio-carta-70cl" class="estDynamic">Filu E Ferru Silvio Carta 70Cl</a>
</li><li>
    <a href="https://www.spesati.com/braciole-suino-con-cotenna" class="estDynamic">Braciole Suino Con Cotenna</a>
</li><li>
    <a href="https://www.spesati.com/bovino-adulto-polpa" class="estDynamic">Bovino Adulto Polpa</a>
</li><li>
    <a href="https://www.spesati.com/vino-la-palma-cannonau-le-bombarde" class="estDynamic">Vino La Palma Cannonau Le Bombarde</a>
</li><li>
    <a href="https://www.spesati.com/fettine-sceltissime-bovino-adulto" class="estDynamic">Fettine Sceltissime Bovino Adulto</a>
</li><li>
    <a href="https://www.spesati.com/suino-fettine-scelte" class="estDynamic">Suino Fettine Scelte</a>
</li><li>
    <a href="https://www.spesati.com/lavazza-caffe-qualita-rossa-2x250gr" class="estDynamic">Lavazza Caffé Qualità Rossa 2x250gr</a>
</li>                <li>
                    <a class="estDynamic" href="https://www.spesati.com/on-offer">All products on sale</a>
                </li>
            </ul>
        </li>
        <li>
            <a class="estDynamic" href="https://www.spesati.com/gift">
               <img src="http://cdn.spesati.com/images/menu/gift.png"/>
               Gifts            </a>
            <i class="fa fa-angle-right" aria-hidden="true"></i>
            <ul class="sub-menu">
                <li>
    <a href="https://www.spesati.com/gift-card-da-150" class="estDynamic">Gift Card Da 150</a>
</li><li>
    <a href="https://www.spesati.com/gift-card-da-100" class="estDynamic">Gift Card Da 100</a>
</li><li>
    <a href="https://www.spesati.com/gift-card-da-50" class="estDynamic">Gift Card Da 50</a>
</li><li>
    <a href="https://www.spesati.com/gift-card-da-25" class="estDynamic">Gift Card Da 25</a>
</li>                <li>
                    <a class="estDynamic" href="https://www.spesati.com/gift">All products in the gifts category</a>
                </li>
            </ul>
        </li>
        <li>
            <a class="estDynamic" href="https://www.spesati.com/gift-card">
               <img src="http://cdn.spesati.com/images/menu/gift-card.png"/>
               Gift card and discounts            </a>
            <i class="fa fa-angle-right" aria-hidden="true"></i>
            <ul class="sub-menu">
                <li>
    <a href="https://www.spesati.com/gift-card-da-150">Gift Card Da 150</a>
</li><li>
    <a href="https://www.spesati.com/gift-card-da-100">Gift Card Da 100</a>
</li><li>
    <a href="https://www.spesati.com/gift-card-da-50">Gift Card Da 50</a>
</li><li>
    <a href="https://www.spesati.com/gift-card-da-25">Gift Card Da 25</a>
</li>            </ul>
        </li>
        <li>
            <a class="estDynamic" href="https://www.spesati.com/fruit-and-vegetables">
               <img src="http://cdn.spesati.com/images/menu/fuit-and-vegetables.png"/>
               Fruit and vegetables           </a>
            <i class="fa fa-angle-right" aria-hidden="true"></i>
            <ul class="sub-menu">
                <li>
                    <a class="estDynamic" href="https://www.spesati.com/fruit-and-vegetables/pulses-and-beans">Cereals and pulses and beans</a>
                </li>
                <li>
                    <a class="estDynamic" href="https://www.spesati.com/fruit-and-vegetables/fruit">Fruit</a>
                </li>
                <li>
                    <a class="estDynamic" href="https://www.spesati.com/fruit-and-vegetables/canned-fruit">Canned fruit</a>
                </li>
                <li>
                    <a class="estDynamic" href="https://www.spesati.com/fruit-and-vegetables/dried-fruit">Dried fruit</a>
                </li>
                <li>
                    <a class="estDynamic" href="https://www.spesati.com/fruit-and-vegetables/ready-salads">Ready salads</a>
                </li>
                <li>
                    <a class="estDynamic" href="https://www.spesati.com/fruit-and-vegetables/fresh-spices">Fresh spices</a>
                </li>
                <li>
                    <a class="estDynamic" href="https://www.spesati.com/fruit-and-vegetables/vegetables">Vegetables and soy</a>
                </li>
            </ul>
        </li>
        <li>
            <a class="estDynamic" href="https://www.spesati.com/fresh-products">
                <img src="http://cdn.spesati.com/images/menu/fresh-products.png"/>
                Fresh products            </a>
            <i class="fa fa-angle-right" aria-hidden="true"></i>
            <ul class="sub-menu">
                <li>
                    <a class="estDynamic" href="https://www.spesati.com/fresh-products/margarine-and-butter">Butter and margarine</a>
                </li>
                <li>
                    <a class="estDynamic" href="https://www.spesati.com/fresh-products/danone">Danone</a>
                </li>
                <li>
                    <a class="estDynamic" href="https://www.spesati.com/fresh-products/dessert">Dessert</a>
                </li>
                <li>
                    <a class="estDynamic" href="https://www.spesati.com/fresh-products/sweets">Sweets</a>
                </li>
                <li>
                    <a class="estDynamic" href="https://www.spesati.com/fresh-products/dairy-products">Dairy product</a>
                </li>
                <li>
                    <a class="estDynamic" href="https://www.spesati.com/fresh-products/bakery">Yeast</a>
                </li>
                <li>
                    <a class="estDynamic" href="https://www.spesati.com/fresh-products/mascarpone">Mascarpone</a>
                </li>
                <li>
                    <a class="estDynamic" href="https://www.spesati.com/fresh-products/snacks">Snacks</a>
                </li>
                <li>
                    <a class="estDynamic" href="https://www.spesati.com/fresh-products/mozzarella">Mozzarella</a>
                </li>
                <li>
                    <a class="estDynamic" href="https://www.spesati.com/fresh-products/pasta">Pasta</a>
                </li>
                <li>
                    <a class="estDynamic" href="https://www.spesati.com/fresh-products/pesto-and-sauces">Pesto and sauces</a>
                </li>
                <li>
                    <a class="estDynamic" href="https://www.spesati.com/fresh-products/ricotta-and-cheese">Ricotta and cheese</a>
                </li>
                <li>
                    <a class="estDynamic" href="https://www.spesati.com/fresh-products/cured-meat">Cured meat</a>
                </li>
                <li>
                    <a class="estDynamic" href="https://www.spesati.com/fresh-products/wurstel">Würstel</a>
                </li>
                <li>
                    <a class="estDynamic" href="https://www.spesati.com/fresh-products/yogurt">Yogurt</a>
                </li>
            </ul>
        </li>
        <li>
            <a class="estDynamic" href="https://www.spesati.com/frozen-foods">
                <img src="http://cdn.spesati.com/images/menu/frozen-foods.png"/>
                Frozen foods            </a>
            <i class="fa fa-angle-right" aria-hidden="true"></i>
            <ul class="sub-menu">
                <li>
                    <a class="estDynamic" href="https://www.spesati.com/frozen-foods/meat">Meat</a>
                </li>
                <li>
                    <a class="estDynamic" href="https://www.spesati.com/frozen-foods/ice-creams">Ice cream and sweet</a>
                </li>
                <li>
                    <a class="estDynamic" href="https://www.spesati.com/frozen-foods/pasta">Pasta</a>
                </li>
                <li>
                    <a class="estDynamic" href="https://www.spesati.com/frozen-foods/fish">Fish</a>
                </li>
                <li>
                    <a class="estDynamic" href="https://www.spesati.com/frozen-foods/ready-meals">Ready meals</a>
                </li>
                <li>
                    <a class="estDynamic" href="https://www.spesati.com/frozen-foods/pizzas">Pizzas</a>
                </li>
                <li>
                    <a class="estDynamic" href="https://www.spesati.com/frozen-foods/vegetables">Vegetables and soy</a>
                </li>
            </ul>
        </li>
        <li>
            <a class="estDynamic" href="https://www.spesati.com/bread-and-pasta">
                <img src="http://cdn.spesati.com/images/menu/bread-and-pasta.png"/>
                Bread and pasta            </a>
            <i class="fa fa-angle-right" aria-hidden="true"></i>
            <ul class="sub-menu">
                <li>
                    <a class="estDynamic" href="https://www.spesati.com/bread-and-pasta/crackers">Crackers</a>
                </li>
                <li>
                    <a class="estDynamic" href="https://www.spesati.com/bread-and-pasta/rusks">Rusks</a>
                </li>
                <li>
                    <a class="estDynamic" href="https://www.spesati.com/bread-and-pasta/white-bread">White bread</a>
                </li>
                <li>
                    <a class="estDynamic" href="https://www.spesati.com/bread-and-pasta/local-bread">Local bread</a>
                </li>
                <li>
                    <a class="estDynamic" href="https://www.spesati.com/bread-and-pasta/soft-bread">Soft bread</a>
                </li>
                <li>
                    <a class="estDynamic" href="https://www.spesati.com/bread-and-pasta/sardinian-bread">Sardinian bread</a>
                </li>
                <li>
                    <a class="estDynamic" href="https://www.spesati.com/bread-and-pasta/bakery">Bakery</a>
                </li>
                <li>
                    <a class="estDynamic" href="https://www.spesati.com/bread-and-pasta/pasta">Pasta</a>
                </li>
                <li>
                    <a class="estDynamic" href="https://www.spesati.com/bread-and-pasta/fresh-pasta">Fresh pasta</a>
                </li>
            </ul>
        </li>
        <li>
            <a class="estDynamic" href="https://www.spesati.com/meat">
                <img src="http://cdn.spesati.com/images/menu/meat.png"/>
                Meat            </a>
            <i class="fa fa-angle-right" aria-hidden="true"></i>
            <ul class="sub-menu">
                <li>
                    <a class="estDynamic" href="https://www.spesati.com/meat/beef">Beef</a>
                </li>
                <li>
                    <a class="estDynamic" href="https://www.spesati.com/meat/goat">Goat</a>
                </li>
                <li>
                    <a class="estDynamic" href="https://www.spesati.com/meat/packaged-meat">Packaged meat</a>
                </li>
                <li>
                    <a class="estDynamic" href="https://www.spesati.com/meat/rabbit">Rabbit</a>
                </li>
                <li>
                    <a class="estDynamic" href="https://www.spesati.com/meat/horse">Horse</a>
                </li>
                <li>
                    <a class="estDynamic" href="https://www.spesati.com/meat/pork">Pork</a>
                </li>
                <li>
                    <a class="estDynamic" href="https://www.spesati.com/meat/lamb">Lamb</a>
                </li>
                <li>
                    <a class="estDynamic" href="https://www.spesati.com/meat/poultry">Poultry</a>
                </li>
            </ul>
        </li>
        <li>
            <a class="estDynamic" href="https://www.spesati.com/fish">
                <img src="http://cdn.spesati.com/images/menu/fish.png"/>
                Fish            </a>
            <i class="fa fa-angle-right" aria-hidden="true"></i>
            <ul class="sub-menu">
                <li>
                    <a class="estDynamic" href="https://www.spesati.com/fish/fresh-water">Fresh water</a>
                </li>
                <li>
                    <a class="estDynamic" href="https://www.spesati.com/fish/salt-water">Salt water</a>
                </li>
                <li>
                    <a class="estDynamic" href="https://www.spesati.com/fish/mussels">Mussels</a>
                </li>
                <li>
                    <a class="estDynamic" href="https://www.spesati.com/fish/dried-and-salted">Dried and salted</a>
                </li>
                <li>
                    <a class="estDynamic" href="https://www.spesati.com/fish/seafood-salad">Seafood salad</a>
                </li>
                <li>
                    <a class="estDynamic" href="https://www.spesati.com/fish/prepared">Prepared</a>
                </li>
                <li>
                    <a class="estDynamic" href="https://www.spesati.com/fish/specialty">Specialty</a>
                </li>   
                <li>
                    <a class="estDynamic" href="https://www.spesati.com/fish/tuna-and-salmon">Tuna and salmon</a>
                </li>
            </ul>
        </li>
        <li>
            <a class="estDynamic" href="https://www.spesati.com/wine-beer-and-spirits">
                <img src="http://cdn.spesati.com/images/menu/alcohol.png"/>
                Wine beer and spirits            </a>
            <i class="fa fa-angle-right" aria-hidden="true"></i>
            <ul class="sub-menu">
                <li>
                    <a class="estDynamic" href="https://www.spesati.com/wine-beer-and-spirits/spirits-and-liquors">Alcohol</a>
                </li>
                <li>
                    <a class="estDynamic" href="https://www.spesati.com/wine-beer-and-spirits/bitters">Bitters</a>
                </li>
                <li>
                    <a class="estDynamic" href="https://www.spesati.com/wine-beer-and-spirits/aperatif">Aperatifs</a>
                </li>
                <li>
                    <a class="estDynamic" href="https://www.spesati.com/wine-beer-and-spirits/beer">Beer</a>
                </li>
                <li>
                    <a class="estDynamic" href="https://www.spesati.com/wine-beer-and-spirits/creams">Creams</a>
                </li>
                <li>
                    <a class="estDynamic" href="https://www.spesati.com/wine-beer-and-spirits/spirits">Spirits</a>
                </li>
                <li>
                    <a class="estDynamic" href="https://www.spesati.com/wine-beer-and-spirits/liquors">Liquors</a>
                </li>
                <li>
                    <a class="estDynamic" href="https://www.spesati.com/wine-beer-and-spirits/white-wine">White wine</a>
                </li>
                <li>
                    <a class="estDynamic" href="https://www.spesati.com/wine-beer-and-spirits/prosecco-wine">Prosecco wine</a>
                </li>
                <li>
                    <a class="estDynamic" href="https://www.spesati.com/wine-beer-and-spirits/rose-wine">Rose wine</a>
                </li>
                <li>
                    <a class="estDynamic" href="https://www.spesati.com/wine-beer-and-spirits/red-wine">Red wine</a>
                </li>
                <li>
                    <a class="estDynamic" href="https://www.spesati.com/wine-beer-and-spirits/specialty-wine">Special wine</a>
                </li>
                <li>
                    <a class="estDynamic" href="https://www.spesati.com/wine-beer-and-spirits/sparkling-wine">Sparkling wine</a>
                </li>
                <li>
                    <a class="estDynamic" href="https://www.spesati.com/wine-beer-and-spirits/vermentino-wine">Vermentino wine</a>
                </li>
            </ul>
        </li>
        <li>
            <a class="estDynamic" href="https://www.spesati.com/water-and-drinks">
                <img src="http://cdn.spesati.com/images/menu/water-and-drinks.png"/>
                Water and drinks            </a>
            <i class="fa fa-angle-right" aria-hidden="true"></i>
            <ul class="sub-menu">
                <li>
                    <a class="estDynamic" href="https://www.spesati.com/water-and-drinks/san-martino">San Martino</a>
                </li>
                <li>
                    <a class="estDynamic" href="https://www.spesati.com/water-and-drinks/water">Water</a>
                </li>
                <li>
                    <a class="estDynamic" href="https://www.spesati.com/water-and-drinks/alpro">Alpro</a>
                </li>
                <li>
                    <a class="estDynamic" href="https://www.spesati.com/water-and-drinks/fizzy-drinks">Fizzy drinks</a>
                </li>
                <li>
                    <a class="estDynamic" href="https://www.spesati.com/water-and-drinks/coca-cola">Coca-Cola</a>
                </li>
                <li>
                    <a class="estDynamic" href="https://www.spesati.com/water-and-drinks/energy-drink">Energy drink</a>
                </li>
                <li>
                    <a class="estDynamic" href="https://www.spesati.com/water-and-drinks/syrups">Syrups</a>
                </li>
                <li>
                    <a class="estDynamic" href="https://www.spesati.com/water-and-drinks/supplements">Supplements</a>
                </li>
                <li>
                    <a class="estDynamic" href="https://www.spesati.com/water-and-drinks/instant-drinks">Instant drinks</a>
                </li>
                <li>
                    <a class="estDynamic" href="https://www.spesati.com/water-and-drinks/juice">Juice</a>
                </li>
                <li>
                    <a class="estDynamic" href="https://www.spesati.com/water-and-drinks/tea">Tea</a>
                </li>
            </ul>
        </li>
        <li>
            <a class="estDynamic" href="https://www.spesati.com/sweets">
                <img src="http://cdn.spesati.com/images/menu/sweets.png"/>
                Sweets            </a>
            <i class="fa fa-angle-right" aria-hidden="true"></i>
            <ul class="sub-menu">
                <li>
                    <a class="estDynamic" href="https://www.spesati.com/sweets/bars-and-snacks">Bars and snacks</a>
                </li>
                <li>
                    <a class="estDynamic" href="https://www.spesati.com/sweets/biscuits">Biscuits</a>
                </li>
                <li>
                    <a class="estDynamic" href="https://www.spesati.com/sweets/brioches">Brioches</a>
                </li>
                <li>
                    <a class="estDynamic" href="https://www.spesati.com/sweets/candy-and-chewing-gum">Candy and chewing gum</a>
                </li>
                <li>
                    <a class="estDynamic" href="https://www.spesati.com/sweets/cereals">Cereals</a>
                </li>
                <li>
                    <a class="estDynamic" href="https://www.spesati.com/sweets/chocolate">Chocolate</a>
                </li>
                <li>
                    <a class="estDynamic" href="https://www.spesati.com/sweets/spreadable-creams">Spreads</a>
                </li>
                <li>
                    <a class="estDynamic" href="https://www.spesati.com/sweets/dessert-toppings">Dessert toppings</a>
                </li>
                <li>
                    <a class="estDynamic" href="https://www.spesati.com/sweets/jam">Jam</a>
                </li>
                <li>
                    <a class="estDynamic" href="https://www.spesati.com/sweets/honey">Honey</a>
                </li>
                <li>
                    <a class="estDynamic" href="https://www.spesati.com/sweets/panettoni-and-pandoro">Panettone and pandoro</a>
                </li>
                <li>
                    <a class="estDynamic" href="https://www.spesati.com/sweets/pastry">Pastry</a>
                </li>
                <li>
                    <a class="estDynamic" href="https://www.spesati.com/sweets/instant-dessert">Prepared</a>
                </li>
                <li>
                    <a class="estDynamic" href="https://www.spesati.com/sweets/cakes-and-pies">Cakes and pies</a>
                </li>
                <li>
                    <a class="estDynamic" href="https://www.spesati.com/sweets/easter-eggs-and-doves">Easter eggs and doves</a>
                </li>
            </ul>
        </li>
        <li>
            <a class="estDynamic" href="https://www.spesati.com/shelf">
                <img src="http://cdn.spesati.com/images/menu/shelf.png"/>
                Cupboard            </a>
            <i class="fa fa-angle-right" aria-hidden="true"></i>
            <ul class="sub-menu">
                <li>
                    <a class="estDynamic" href="https://www.spesati.com/shelf/coffee">Coffee</a>
                </li>
                <li>
                    <a class="estDynamic" href="https://www.spesati.com/shelf/gift-baskets">Gift baskets</a>
                </li>
                <li>
                    <a class="estDynamic" href="https://www.spesati.com/shelf/stock-cubes">Nuts and preparations</a>
                </li>
                <li>
                    <a class="estDynamic" href="https://www.spesati.com/shelf/flour-and-baking">Flour and baking</a>
                </li>
                <li>
                    <a class="estDynamic" href="https://www.spesati.com/shelf/milk">Milk</a>
                </li>
                <li>
                    <a class="estDynamic" href="https://www.spesati.com/shelf/oil-salt-vinegar">Oil, vinegar and salt</a>
                </li>
                <li>
                    <a class="estDynamic" href="https://www.spesati.com/shelf/cream-and-bechamel">Cream and bechamel</a>
                </li>
                <li>
                    <a class="estDynamic" href="https://www.spesati.com/shelf/crisps-and-pretzels">Crisps and pretzels</a>
                </li>
                <li>
                    <a class="estDynamic" href="https://www.spesati.com/shelf/baby-and-infants-products">Early childhood products</a>
                </li>
                <li>
                    <a class="estDynamic" href="https://www.spesati.com/shelf/rice">Rice</a>
                </li>
                <li>
                    <a class="estDynamic" href="https://www.spesati.com/shelf/tins-and-preserves">Tins and Preserves</a>
                </li>
                <li>
                    <a class="estDynamic" href="https://www.spesati.com/shelf/spices">Spices</a>
                </li>
                <li>
                    <a class="estDynamic" href="https://www.spesati.com/shelf/sauces">Sauces</a>
                </li>
                <li>
                    <a class="estDynamic" href="https://www.spesati.com/shelf/tea-and-infusions">Tea and infusions</a>
                </li>
                <li>
                    <a class="estDynamic" href="https://www.spesati.com/shelf/eggs">Eggs</a>
                </li>
                <li>
                    <a class="estDynamic" href="https://www.spesati.com/shelf/sugar-and-sweeteners">Sugar and sweeteners</a>
                </li>
            </ul>
        </li>
        <li>
            <a class="estDynamic" href="https://www.spesati.com/personal-care">
                <img src="http://cdn.spesati.com/images/menu/personal-care.png"/>
                Personal care            </a>
            <i class="fa fa-angle-right" aria-hidden="true"></i>
            <ul class="sub-menu">
                <li>
                    <a class="estDynamic" href="https://www.spesati.com/personal-care/accessories-and-cotton">Accessories and cotton</a>
                </li>
                <li>
                    <a class="estDynamic" href="https://www.spesati.com/personal-care/feminine-care-incontinence-and-baby-diapers">Feminine incontinence and diapers</a>
                </li>
                <li>
                    <a class="estDynamic" href="https://www.spesati.com/personal-care/shower-gel">Shower gel</a>
                </li>
                <li>
                    <a class="estDynamic" href="https://www.spesati.com/personal-care/creams">Creams</a>
                </li>
                <li>
                    <a class="estDynamic" href="https://www.spesati.com/personal-care/deodorant">Deodorant</a>
                </li>
                <li>
                    <a class="estDynamic" href="https://www.spesati.com/personal-care/hair-removal">Hair removal</a>
                </li>
                <li>
                    <a class="estDynamic" href="https://www.spesati.com/personal-care/disinfectants">Disinfectants</a>
                </li>
                <li>
                    <a class="estDynamic" href="https://www.spesati.com/personal-care/oral-hygiene">Oral hygiene</a>
                </li>
                <li>
                    <a class="estDynamic" href="https://www.spesati.com/personal-care/supplements-and-multivitamins">Supplements and multivitamins</a>
                </li>
                <li>
                    <a class="estDynamic" href="https://www.spesati.com/personal-care/first-aid">First aid label</a>
                </li>
                <li>
                    <a class="estDynamic" href="https://www.spesati.com/personal-care/beard-products">Beard products</a>
                </li>
                <li>
                    <a class="estDynamic" href="https://www.spesati.com/personal-care/hairs-products">Hair products</a>
                </li>
                <li>
                    <a class="estDynamic" href="https://www.spesati.com/personal-care/perfume">Perfumes</a>
                </li>
                <li>
                    <a class="estDynamic" href="https://www.spesati.com/personal-care/wipes">Wipes</a>
                </li>
                <li>
                    <a class="estDynamic" href="https://www.spesati.com/personal-care/soaps-and-body-wash">Soaps and body wash</a>
                </li>
                <li>
                    <a class="estDynamic" href="https://www.spesati.com/personal-care/shampoo-and-conditioner">Shampoo and conditioner</a>
                </li>
            </ul>
        </li>
        <li>
            <a class="estDynamic" href="https://www.spesati.com/household-and-outdoors">
                <img src="http://cdn.spesati.com/images/menu/pellet-and-home.png"/>
                Home and outdoors 
            </a>
            <i class="fa fa-angle-right" aria-hidden="true"></i>
            <ul class="sub-menu">
                <li>
                    <a class="estDynamic" href="https://www.spesati.com/household-and-outdoors/distilled-water">Distilled water</a>
                </li>
                <li>
                    <a class="estDynamic" href="https://www.spesati.com/household-and-outdoors/car-products">Cars</a>
                </li>
                <li>
                    <a class="estDynamic" href="https://www.spesati.com/household-and-outdoors/bin-bags-and-buckets">Bin bags and buckets</a>
                </li>
                <li>
                    <a class="estDynamic" href="https://www.spesati.com/household-and-outdoors/bleach-and-stain-removers">Bleach and stain removers</a>
                </li>
                <li>
                    <a class="estDynamic" href="https://www.spesati.com/household-and-outdoors/candles">Candles</a>
                </li>
                <li>
                    <a class="estDynamic" href="https://www.spesati.com/household-and-outdoors/kitchen-roll">Kitchen roll</a>
                </li>
                <li>
                    <a class="estDynamic" href="https://www.spesati.com/household-and-outdoors/air-fresheners">Air fresheners</a>
                </li>
                <li>
                    <a class="estDynamic" href="https://www.spesati.com/household-and-outdoors/laundry-accessories-and-detergent">Laundry detergent</a>
                </li>
                <li>
                    <a class="estDynamic" href="https://www.spesati.com/household-and-outdoors/dishwasher-and-washing-up">Dishwasher and washing up</a>
                </li>
                <li>
                    <a class="estDynamic" href="https://www.spesati.com/household-and-outdoors/gardening">Gardening</a>
                </li>
                <li>
                    <a class="estDynamic" href="https://www.spesati.com/household-and-outdoors/light-bulbs-and-batteries">Lightbulbs and batteries</a>
                </li>
                <li>
                    <a class="estDynamic" href="https://www.spesati.com/household-and-outdoors/pellet-and-bbq">Pellet and BBQ</a>
                </li>
                <li>
                    <a class="estDynamic" href="https://www.spesati.com/household-and-outdoors/bathroom-products">Bathroom products</a>
                </li>
                <li>
                    <a class="estDynamic" href="https://www.spesati.com/household-and-outdoors/home-and-furniture-products">Home and furniture products</a>
                </li>
                <li>
                    <a class="estDynamic" href="https://www.spesati.com/household-and-outdoors/kitchen-products">Kitchen products</a>
                </li>
                <li>
                    <a class="estDynamic" href="https://www.spesati.com/household-and-outdoors/window-and-floor-cleaners">Window and floor cleaner</a>
                </li>
                <li>
                    <a class="estDynamic" href="https://www.spesati.com/household-and-outdoors/repellents">Repellents</a>
                </li>
                <li>
                    <a class="estDynamic" href="https://www.spesati.com/household-and-outdoors/disposable-tableware">Disposable tableware</a>
                </li>
            </ul>
        </li>
        <li>
            <a class="estDynamic" href="https://www.spesati.com/pet">
                <img src="http://cdn.spesati.com/images/menu/animals.png"/>
                Pets            </a>
            <i class="fa fa-angle-right" aria-hidden="true"></i>
            <ul class="sub-menu">
                <li>
                    <a class="estDynamic" href="https://www.spesati.com/pets/pet-food-other-animals">Other animals pet food</a>
                </li>
                <li>
                    <a class="estDynamic" href="https://www.spesati.com/pets/pet-food-dogs">Pet food dogs</a>
                </li>
                <li>
                    <a class="estDynamic" href="https://www.spesati.com/pets/pet-food-cats">Pet food cats</a>
                </li>
                <li>
                    <a class="estDynamic" href="https://www.spesati.com/pets/hygiene-and-cleaning">Hygiene and cleaning</a>
                </li>
            </ul>
        </li>
        <li>
            <a class="estDynamic" href="https://www.spesati.com/technology">
                <img src="http://cdn.spesati.com/images/menu/technology.png"/>
                Technology            </a>
            <i class="fa fa-angle-right" aria-hidden="true"></i>
            <ul class="sub-menu">
                <li>
                    <a class="estDynamic" href="https://www.spesati.com/technology/accessories">Accessories</a>
                </li>
                <li>
                    <a class="estDynamic" href="https://www.spesati.com/technology/computer">Computer</a>
                </li>
                <li>
                    <a class="estDynamic" href="https://www.spesati.com/technology/telephones">Telephones</a>
                </li>
                <li>
                    <a class="estDynamic" href="https://www.spesati.com/technology/tv">TV</a>
                </li>
            </ul>
        </li>
        <li>
            <a class="estDynamic" href="https://www.spesati.com/gluten-free">
                <img src="http://cdn.spesati.com/images/menu/gluten-free.png"/>
                Gluten free            </a>
            <i class="fa fa-angle-right" aria-hidden="true"></i>
            <ul class="sub-menu">
                <li>
                    <a class="estDynamic" href="https://www.spesati.com/gluten-free/frozen-foods">Frozen foods</a>
                </li>
                <li>
                    <a class="estDynamic" href="https://www.spesati.com/gluten-free/beer">Beer</a>
                </li>
                <li>
                    <a class="estDynamic" href="https://www.spesati.com/gluten-free/sweets">Sweets</a>
                </li>
                <li>
                    <a class="estDynamic" href="https://www.spesati.com/gluten-free/bread-and-pasta">Bread and pasta</a>
                </li>
                <li>
                    <a class="estDynamic" href="https://www.spesati.com/gluten-free/shelf">Cupboard</a>
                </li>
            </ul>
        </li>
        <li>
            <a class="estDynamic" href="https://www.spesati.com/lactose-free">
                <img src="http://cdn.spesati.com/images/menu/lactose-free.png"/>
                Lactose free            </a>
            <i class="fa fa-angle-right" aria-hidden="true"></i>
            <ul class="sub-menu">
                <li>
                    <a class="estDynamic" href="https://www.spesati.com/lactose-free/frozen-foods">Frozen foods</a>
                </li>
                <li>
                    <a class="estDynamic" href="https://www.spesati.com/lactose-free/sweets">Sweets</a>
                </li>
                <li>
                    <a class="estDynamic" href="https://www.spesati.com/lactose-free/dairy-product">Dairy product</a>
                </li>
                <li>
                    <a class="estDynamic" href="https://www.spesati.com/lactose-free/shelf">Cupboard</a>
                </li>
            </ul>
        </li>
        <li>
            <a class="estDynamic" href="https://www.spesati.com/special">
                <img src="http://cdn.spesati.com/images/menu/special.png"/>
                Special            </a>
            <i class="fa fa-angle-right" aria-hidden="true"></i>
            <ul class="sub-menu">
                <li>
                    <a class="estDynamic" href="https://www.spesati.com/special/alpro">Alpro</a>
                </li>
                <li>
                    <a class="estDynamic" href="https://www.spesati.com/special/organic">Biological</a>
                </li>
                <li>
                    <a class="estDynamic" href="https://www.spesati.com/special/meat">Meat</a>
                </li>
                <li>
                    <a class="estDynamic" href="https://www.spesati.com/special/wholegrain">Wholegrain</a>
                </li>
                <li>
                    <a class="estDynamic" href="https://www.spesati.com/special/bread-and-pasta">Bread and pasta</a>
                </li>
                <li>
                    <a class="estDynamic" href="https://www.spesati.com/special/vegan">Vegan</a>
                </li>
            </ul>
        </li>
        <li>
            <a class="estDynamic" href="https://www.spesati.com/sardinian-products">
                <img src="http://cdn.spesati.com/images/menu/sardinian-products.png"/>
                Sardinian products            </a>
            <i class="fa fa-angle-right" aria-hidden="true"></i>
            <ul class="sub-menu">
                <li>
                    <a class="estDynamic" href="https://www.spesati.com/sardinian-products/drinks">Drinks</a>
                </li>
                <li>
                    <a class="estDynamic" href="https://www.spesati.com/sardinian-products/meat">Meat</a>
                </li>
                <li>
                    <a class="estDynamic" href="https://www.spesati.com/sardinian-products/sweets">Sweets</a>
                </li>
                <li>
                    <a class="estDynamic" href="https://www.spesati.com/sardinian-products/fruit-and-vegetables">Fruit and vegetables</a>
                </li>
                <li>
                    <a class="estDynamic" href="https://www.spesati.com/sardinian-products/ichnusa">Ichnusa</a>
                </li>
                <li>
                    <a class="estDynamic" href="https://www.spesati.com/sardinian-products/dairy-product">Dairy product</a>
                </li>
                <li>
                    <a class="estDynamic" href="https://www.spesati.com/sardinian-products/bread-and-pasta">Bread and pasta</a>
                </li>
                <li>
                    <a class="estDynamic" href="https://www.spesati.com/sardinian-products/fish">Fish</a>
                </li>
                <li>
                    <a class="estDynamic" href="https://www.spesati.com/sardinian-products/cured-meat">Cured meat</a>
                </li>
                <li>
                    <a class="estDynamic" href="https://www.spesati.com/sardinian-products/shelf">Cupboard</a>
                </li>
                <li>
                    <a class="estDynamic" href="https://www.spesati.com/sardinian-products/vermentino-wine">Vermentino wine</a>
                </li>
                <li>
                    <a class="estDynamic" href="https://www.spesati.com/sardinian-products/wine-beer-and-spirits">Wine beer and spirits</a>
                </li>
            </ul>
        </li>
    </ul>
</div>    <div class="colRight">
        <div class="title mobile">
	<a href="https://www.spesati.com/shelf"><i class="fa red fa-angle-left fa-3x mobile" aria-hidden="true"></i></a>
	<h2>
		<b>
			tins and preserves		</b>
	</h2>
</div>

<div class="breadcrumb bgGrey internal">
	<p>
		<b>
			<a href="https://www.spesati.com/">Home</a>
												&gt; <a href="https://www.spesati.com/shelf">Cupboard</a>
																&gt; Tins and Preserves									</b>
	</p>
	<div>
		<p>Order by</p>
		<select name="orderProd" id="orderProd">
			<option disabled="disabled" selected="selected">- Choose -</option>
			<option value="nameAsc">Name (A - Z)</option>
			<option value="nameDes">Name (Z - A)</option>
			<option value="priceHigh">Price - High to low</option>
			<option value="priceLow">Price - Low to high</option>
			<option value="soldAsc">Best Selling</option>
			<option value="available">Availability</option>
		</select>
	</div>
</div>
        <div class="containerProduct">
            <script type='text/javascript'>var track = '{"event":"ViewContent", "type":"category", "id":"Scaffale", "subids":["Conserve"], "url":"https://www.spesati.com/shelf/tins-and-preserves"}';</script>
<script>
gtag('event', 'select_content', {content_type: 'category', item_id: 'Scaffale'});gtag('event', 'select_content', {content_type: 'category', item_id: 'Conserve'});
</script>
<script type='text/javascript'>var track = '{"event":"ViewContent", "type":"category", "id":"Frutta", "subids":["Olive"], "url":"https://www.spesati.com/shelf/tins-and-preserves"}';</script>
<script>
gtag('event', 'select_content', {content_type: 'category', item_id: 'Frutta'});gtag('event', 'select_content', {content_type: 'category', item_id: 'Olive'});
</script>
<div class="left product prod1"
        data-name="Nero Di Seppia 2X4Gr"
        data-price="1.29"
        data-id="6009"
        data-available="yes"
        data-category="4629"
        data-bestselling="">
    <a href="https://www.spesati.com/nero-di-seppia-2x4gr">
        <div style="background-image: url('https://cdn.spesati.com/images/products/120386/nero-di-seppia-01.jpg')">
            <div class="hover"></div>
            
            <div class="stickers"></div>
        </div>
    </a>
    <div>
        <h4><a href="https://www.spesati.com/nero-di-seppia-2x4gr"><b>Nero Di Seppia 2X4Gr</b></a></h4>
        <p class="description">0.01 Kg</p>
        <p class="right price"><b>1.29 €</b></p>
        <p class="right unitPrice">161.29 € per kg</p>
    </div>
    <div class="contButton">
    <a class="button bgRed white addToCart" href="#">Add</a>
</div>
</div><div class="left product prod2"
        data-name="Friarelli La Fiammante 580Ml"
        data-price="6.54"
        data-id="6969"
        data-available="yes"
        data-category="505329"
        data-bestselling="">
    <a href="https://www.spesati.com/friarelli-la-fiammante-580ml">
        <div style="background-image: url('https://cdn.spesati.com/images/products/118795/friarelli-la-fiammante-01.jpg')">
            <div class="hover"></div>
            
            <div class="stickers"></div>
        </div>
    </a>
    <div>
        <h4><a href="https://www.spesati.com/friarelli-la-fiammante-580ml"><b>Friarelli La Fiammante 580Ml</b></a></h4>
        <p class="description">0.5 Kg</p>
        <p class="right price"><b>6.54 €</b></p>
        <p class="right unitPrice">11.28 € per litre</p>
    </div>
    <div class="contButton">
    <a class="button bgRed white addToCart" href="#">Add</a>
</div>
</div><div class="left product prod3"
        data-name="Crema Di Melanzana 500gr"
        data-price="11.11"
        data-id="26615"
        data-available="yes"
        data-category="6613"
        data-bestselling="">
    <a href="https://www.spesati.com/crema-di-melanzana-500gr">
        <div style="background-image: url('https://cdn.spesati.com/images/products/117457/crema-di-melanzana-01.jpg')">
            <div class="hover"></div>
            
            <div class="stickers"></div>
        </div>
    </a>
    <div>
        <h4><a href="https://www.spesati.com/crema-di-melanzana-500gr"><b>Crema Di Melanzana 500gr</b></a></h4>
        <p class="description">0.5 Kg</p>
        <p class="right price"><b>11.11 €</b></p>
        <p class="right unitPrice">22.22 € per kg</p>
    </div>
    <div class="contButton">
    <a class="button bgRed white addToCart" href="#">Add</a>
</div>
</div><div class="left product prod4"
        data-name="Melanzane Filetti Olio Colesan 280Gr"
        data-price="2.54"
        data-id="6629"
        data-available="yes"
        data-category="6613"
        data-bestselling="">
    <a href="https://www.spesati.com/melanzane-filetti-olio-colesan-280gr">
        <div style="background-image: url('https://cdn.spesati.com/images/products/117370/melanzane-filetti-olio-01.jpg')">
            <div class="hover"></div>
            
            <div class="stickers"></div>
        </div>
    </a>
    <div>
        <h4><a href="https://www.spesati.com/melanzane-filetti-olio-colesan-280gr"><b>Melanzane Filetti Olio Colesan 280Gr</b></a></h4>
        <p class="description">0.31 Lt</p>
        <p class="right price"><b>2.54 €</b></p>
        <p class="right unitPrice">9.06 € per kg</p>
    </div>
    <div class="contButton">
    <a class="button bgRed white addToCart" href="#">Add</a>
</div>
</div><div class="left product prod5"
        data-name="Olive Nere Lattina Coelsanus 370Gr"
        data-price="1.63"
        data-id="6374"
        data-available="yes"
        data-category="5760"
        data-bestselling="5">
    <a href="https://www.spesati.com/olive-nere-lattina-coelsanus-370gr">
        <div style="background-image: url('https://cdn.spesati.com/images/products/117369/olive-nere-lattina-01.jpg')">
            <div class="hover"></div>
            <p class="arrow bgRed white">Best Seller</p>
            <div class="stickers"></div>
        </div>
    </a>
    <div>
        <h4><a href="https://www.spesati.com/olive-nere-lattina-coelsanus-370gr"><b>Olive Nere Lattina Coelsanus 370Gr</b></a></h4>
        <p class="description">0.37 Lt</p>
        <p class="right price"><b>1.63 €</b></p>
        <p class="right unitPrice">4.41 € per kg</p>
    </div>
    <div class="contButton">
    <a class="button bgRed white addToCart" href="#">Add</a>
</div>
</div><div class="left product prod6"
        data-name="Olive Verdi Intere Coelsanus 565Gr"
        data-price="2.83"
        data-id="6618"
        data-available="yes"
        data-category="5760"
        data-bestselling="">
    <a href="https://www.spesati.com/olive-verdi-intere-coelsanus-565gr">
        <div style="background-image: url('https://cdn.spesati.com/images/products/117365/olive-verdi-intere-01.jpg')">
            <div class="hover"></div>
            
            <div class="stickers"></div>
        </div>
    </a>
    <div>
        <h4><a href="https://www.spesati.com/olive-verdi-intere-coelsanus-565gr"><b>Olive Verdi Intere Coelsanus 565Gr</b></a></h4>
        <p class="description">0.57 Kg</p>
        <p class="right price"><b>2.83 €</b></p>
        <p class="right unitPrice">5.01 € per kg</p>
    </div>
    <div class="contButton">
    <a class="button bgRed white addToCart" href="#">Add</a>
</div>
</div><div class="left product prod7"
        data-name="Capperi Lacri Coelsanus 106Ml"
        data-price="1.37"
        data-id="6401"
        data-available="yes"
        data-category="5760"
        data-bestselling="">
    <a href="https://www.spesati.com/capperi-lacri-coelsanus-106ml">
        <div style="background-image: url('https://cdn.spesati.com/images/products/117362/capperi-lacri-coelsanus-01.jpg')">
            <div class="hover"></div>
            
            <div class="stickers"></div>
        </div>
    </a>
    <div>
        <h4><a href="https://www.spesati.com/capperi-lacri-coelsanus-106ml"><b>Capperi Lacri Coelsanus 106Ml</b></a></h4>
        <p class="description">0.106 Kg</p>
        <p class="right price"><b>1.37 €</b></p>
        <p class="right unitPrice">12.90 € per kg</p>
    </div>
    <div class="contButton">
    <a class="button bgRed white addToCart" href="#">Add</a>
</div>
</div><div class="left product prod8"
        data-name="Peperoncino Bonta Del Sole Ripieni 280Gr"
        data-price="7.05"
        data-id="6938"
        data-available="yes"
        data-category="6668"
        data-bestselling="">
    <a href="https://www.spesati.com/peperoncino-bonta-del-sole-ripieni-280gr">
        <div style="background-image: url('https://cdn.spesati.com/images/products/116787/peperoncino-bonta-del-01.jpg')">
            <div class="hover"></div>
            
            <div class="stickers"></div>
        </div>
    </a>
    <div>
        <h4><a href="https://www.spesati.com/peperoncino-bonta-del-sole-ripieni-280gr"><b>Peperoncino Bonta Del Sole Ripieni 280Gr</b></a></h4>
        <p class="description">0.28 Kg</p>
        <p class="right price"><b>7.05 €</b></p>
        <p class="right unitPrice">25.18 € per kg</p>
    </div>
    <div class="contButton">
    <a class="button bgRed white addToCart" href="#">Add</a>
</div>
</div><div class="left product prod9"
        data-name="Olive Verdi Sarde Giganti 500Gr"
        data-price="3.28"
        data-id="6630"
        data-available="yes"
        data-category="5760"
        data-bestselling="">
    <a href="https://www.spesati.com/olive-verdi-sarde-giganti-500gr">
        <div style="background-image: url('https://cdn.spesati.com/images/products/115559/olive-verdi-sarde-01.jpg')">
            <div class="hover"></div>
            
            <div class="stickers"></div>
        </div>
    </a>
    <div>
        <h4><a href="https://www.spesati.com/olive-verdi-sarde-giganti-500gr"><b>Olive Verdi Sarde Giganti 500Gr</b></a></h4>
        <p class="description">0.5 Kg</p>
        <p class="right price"><b>3.28 €</b></p>
        <p class="right unitPrice">6.55 € per kg</p>
    </div>
    <div class="contButton">
    <a class="button bgRed white addToCart" href="#">Add</a>
</div>
</div><div class="left product prod10"
        data-name="Olive Taggiasche Sott Olio Snocciolate 950G"
        data-price="19.26"
        data-id="4889"
        data-available="yes"
        data-category="5760"
        data-bestselling="">
    <a href="https://www.spesati.com/olive-taggiasche-sott-olio-snocciolate-950g">
        <div style="background-image: url('https://cdn.spesati.com/images/products/115533/olive-taggias-sott-01.jpg')">
            <div class="hover"></div>
            
            <div class="stickers"></div>
        </div>
    </a>
    <div>
        <h4><a href="https://www.spesati.com/olive-taggiasche-sott-olio-snocciolate-950g"><b>Olive Taggiasche Sott Olio Snocciolate 950G</b></a></h4>
        <p class="description">0.95 Kg</p>
        <p class="right price"><b>19.26 €</b></p>
        <p class="right unitPrice">20.27 € per kg</p>
    </div>
    <div class="contButton">
    <a class="button bgRed white addToCart" href="#">Add</a>
</div>
</div><div class="left product prod11"
        data-name="Fagioli mexicanos 1kg"
        data-price="8.59"
        data-id="5095"
        data-available="yes"
        data-category="431"
        data-bestselling="">
    <a href="https://www.spesati.com/fagioli-mexicanos-1kg">
        <div style="background-image: url('https://cdn.spesati.com/images/products/115344/fagili-mexicanos-1kg-01.jpg')">
            <div class="hover"></div>
            
            <div class="stickers"></div>
        </div>
    </a>
    <div>
        <h4><a href="https://www.spesati.com/fagioli-mexicanos-1kg"><b>Fagioli mexicanos 1kg</b></a></h4>
        <p class="description">1 Kg</p>
        <p class="right price"><b>8.59 €</b></p>
        <p class="right unitPrice">8.59 € per kg</p>
    </div>
    <div class="contButton">
    <a class="button bgRed white addToCart" href="#">Add</a>
</div>
</div><div class="left product prod12"
        data-name="Funghi Iposea Al Naturale 500Gr"
        data-price="2.00"
        data-id="6703"
        data-available="yes"
        data-category="6653"
        data-bestselling="">
    <a href="https://www.spesati.com/funghi-iposea-al-naturale-500gr">
        <div style="background-image: url('https://cdn.spesati.com/images/products/114966/funghi-iposea-al-01.jpg')">
            <div class="hover"></div>
            
            <div class="stickers"></div>
        </div>
    </a>
    <div>
        <h4><a href="https://www.spesati.com/funghi-iposea-al-naturale-500gr"><b>Funghi Iposea Al Naturale 500Gr</b></a></h4>
        <p class="description">0.38 Kg</p>
        <p class="right price"><b>2.00 €</b></p>
        <p class="right unitPrice">4.02 € per kg</p>
    </div>
    <div class="contButton">
    <a class="button bgRed white addToCart" href="#">Add</a>
</div>
</div><div class="left product prod13"
        data-name="Piselli La Fiammante 400Gr"
        data-price="1.10"
        data-id="6460"
        data-available="yes"
        data-category="431"
        data-bestselling="3">
    <a href="https://www.spesati.com/piselli-la-fiammante-400gr">
        <div style="background-image: url('https://cdn.spesati.com/images/products/114953/piselli-la-fiammante-01.jpg')">
            <div class="hover"></div>
            <p class="arrow bgRed white">Best Seller</p>
            <div class="stickers"></div>
        </div>
    </a>
    <div>
        <h4><a href="https://www.spesati.com/piselli-la-fiammante-400gr"><b>Piselli La Fiammante 400Gr</b></a></h4>
        <p class="description">0.4 Kg</p>
        <p class="right price"><b>1.10 €</b></p>
        <p class="right unitPrice">2.74 € per kg</p>
    </div>
    <div class="contButton">
    <a class="button bgRed white addToCart" href="#">Add</a>
</div>
</div><div class="left product prod14"
        data-name="Pasta Acciughe In Olio Di Oliva"
        data-price="1.32"
        data-id="5591"
        data-available="yes"
        data-category="4629"
        data-bestselling="1">
    <a href="https://www.spesati.com/pasta-acciughe-in-olio-di-oliva">
        <div style="background-image: url('https://cdn.spesati.com/images/products/114731/pasta-acciughe-in-01.jpg')">
            <div class="hover"></div>
            <p class="arrow bgRed white">Best Seller</p>
            <div class="stickers"></div>
        </div>
    </a>
    <div>
        <h4><a href="https://www.spesati.com/pasta-acciughe-in-olio-di-oliva"><b>Pasta Acciughe In Olio Di Oliva</b></a></h4>
        <p class="description">0.06 Kg</p>
        <p class="right price"><b>1.32 €</b></p>
        <p class="right unitPrice">22.00 € per kg</p>
    </div>
    <div class="contButton">
    <a class="button bgRed white addToCart" href="#">Add</a>
</div>
</div><div class="left product prod15"
        data-name="Filetti Acciughe Alpi 140Gr"
        data-price="4.30"
        data-id="6808"
        data-available="yes"
        data-category="4629"
        data-bestselling="">
    <a href="https://www.spesati.com/filetti-acciughe-alpi-140gr">
        <div style="background-image: url('https://cdn.spesati.com/images/products/114727/filetti-acciughe-alpi-01.jpg')">
            <div class="hover"></div>
            
            <div class="stickers"></div>
        </div>
    </a>
    <div>
        <h4><a href="https://www.spesati.com/filetti-acciughe-alpi-140gr"><b>Filetti Acciughe Alpi 140Gr</b></a></h4>
        <p class="description">0.14 Kg</p>
        <p class="right price"><b>4.30 €</b></p>
        <p class="right unitPrice">30.69 € per kg</p>
    </div>
    <div class="contButton">
    <a class="button bgRed white addToCart" href="#">Add</a>
</div>
</div><div class="left product prod16"
        data-name="Fagioli Mex Santa/m Chili 410g"
        data-price="4.35"
        data-id="70512"
        data-available="yes"
        data-category="431"
        data-bestselling="">
    <a href="https://www.spesati.com/fagioli-mex-santam-chili-410g">
        <div style="background-image: url('https://cdn.spesati.com/images/products/000650349/santa-maria-tex-mex-mexican-style-chili-beans-medium-410-g-01.png')">
            <div class="hover"></div>
            
            <div class="stickers"></div>
        </div>
    </a>
    <div>
        <h4><a href="https://www.spesati.com/fagioli-mex-santam-chili-410g"><b>Fagioli Mex Santa/m Chili 410g</b></a></h4>
        <p class="description">Santa Maria Tex Mex Mexican style Chili Beans Medium 410 g</p>
        <p class="right price"><b>4.35 €</b></p>
        <p class="right unitPrice">10.62 € per kg</p>
    </div>
    <div class="contButton">
    <a class="button bgRed white addToCart" href="#">Add</a>
</div>
</div><div class="left product prod17"
        data-name="Fagioli Sapori Del Campo Occhio"
        data-price="1.89"
        data-id="6936"
        data-available="yes"
        data-category="431"
        data-bestselling="">
    <a href="https://www.spesati.com/fagioli-sapori-del-campo-occhio">
        <div style="background-image: url('https://cdn.spesati.com/images/products/000506376/calleris-sapori-di-natura-fagioli-occhio-500-g-01.png')">
            <div class="hover"></div>
            
            <div class="stickers"></div>
        </div>
    </a>
    <div>
        <h4><a href="https://www.spesati.com/fagioli-sapori-del-campo-occhio"><b>Fagioli Sapori Del Campo Occhio</b></a></h4>
        <p class="description">Calleris Sapori di Natura Fagioli Occhio 500 g</p>
        <p class="right price"><b>1.89 €</b></p>
        <p class="right unitPrice">3.78 € per kg</p>
    </div>
    <div class="contButton">
    <a class="button bgRed white addToCart" href="#">Add</a>
</div>
</div><div class="left product prod18"
        data-name="Piselli Finiss Bonduelle 3x200"
        data-price="3.35"
        data-id="33924"
        data-available="yes"
        data-category="431"
        data-bestselling="1">
    <a href="https://www.spesati.com/piselli-finiss-bonduelle-3x200">
        <div style="background-image: url('https://cdn.spesati.com/images/products/000503930/bonduelle-piselli-finissimi-3-x-160-g-01.png')">
            <div class="hover"></div>
            <p class="arrow bgRed white">Best Seller</p>
            <div class="stickers"></div>
        </div>
    </a>
    <div>
        <h4><a href="https://www.spesati.com/piselli-finiss-bonduelle-3x200"><b>Piselli Finiss Bonduelle 3x200</b></a></h4>
        <p class="description">Bonduelle Piselli Finissimi 3 x 160 g</p>
        <p class="right price"><b>3.35 €</b></p>
        <p class="right unitPrice">5.59 € per kg</p>
    </div>
    <div class="contButton">
    <a class="button bgRed white addToCart" href="#">Add</a>
</div>
</div><div class="left product prod19"
        data-name="Lenticch Bonduelle Al Vap 310g"
        data-price="1.85"
        data-id="72579"
        data-available="yes"
        data-category="431"
        data-bestselling="">
    <a href="https://www.spesati.com/lenticch-bonduelle-al-vap-310g">
        <div style="background-image: url('https://cdn.spesati.com/images/products/000440047/bonduelle-lenticchie-piccole-al-vapore-310-g-01.png')">
            <div class="hover"></div>
            
            <div class="stickers"></div>
        </div>
    </a>
    <div>
        <h4><a href="https://www.spesati.com/lenticch-bonduelle-al-vap-310g"><b>Lenticch Bonduelle Al Vap 310g</b></a></h4>
        <p class="description">Bonduelle Lenticchie Piccole al Vapore 310 g</p>
        <p class="right price"><b>1.85 €</b></p>
        <p class="right unitPrice">5.97 € per kg</p>
    </div>
    <div class="contButton">
    <a class="button bgRed white addToCart" href="#">Add</a>
</div>
</div><div class="left product prod20"
        data-name="Olive Alisa Nere Denocc 1420gr"
        data-price="6.29"
        data-id="86340"
        data-available="yes"
        data-category="5760"
        data-bestselling="">
    <a href="https://www.spesati.com/olive-alisa-nere-denocc-1420gr">
        <div style="background-image: url('https://cdn.spesati.com/images/products/000436303/alisa-olive-nere-denocciolate-1420-g-01.png')">
            <div class="hover"></div>
            
            <div class="stickers"></div>
        </div>
    </a>
    <div>
        <h4><a href="https://www.spesati.com/olive-alisa-nere-denocc-1420gr"><b>Olive Alisa Nere Denocc 1420gr</b></a></h4>
        <p class="description">Alisa Olive Nere Denocciolate 1420 g</p>
        <p class="right price"><b>6.29 €</b></p>
        <p class="right unitPrice">4.43 € per kg</p>
    </div>
    <div class="contButton">
    <a class="button bgRed white addToCart" href="#">Add</a>
</div>
</div><div class="left product prod21"
        data-name="Tonno Nostromo O Oliva 3x70 Gr"
        data-price="5.05"
        data-id="79818"
        data-available="yes"
        data-category="4629"
        data-bestselling="">
    <a href="https://www.spesati.com/tonno-nostromo-o-oliva-3x70-gr">
        <div style="background-image: url('https://cdn.spesati.com/images/products/000436294/nostromo-tonno-allolio-di-oliva-3-x-70-g-01.png')">
            <div class="hover"></div>
            
            <div class="stickers"></div>
        </div>
    </a>
    <div>
        <h4><a href="https://www.spesati.com/tonno-nostromo-o-oliva-3x70-gr"><b>Tonno Nostromo O Oliva 3x70 Gr</b></a></h4>
        <p class="description">Nostromo Tonno all'Olio di Oliva 3 x 70 g</p>
        <p class="right price"><b>5.05 €</b></p>
        <p class="right unitPrice">24.05 € per kg</p>
    </div>
    <div class="contButton">
    <a class="button bgRed white addToCart" href="#">Add</a>
</div>
</div><div class="left product prod22"
        data-name="Mais De Lucia Precotto 400 Gr"
        data-price="3.23"
        data-id="87224"
        data-available="yes"
        data-category="1534"
        data-bestselling="">
    <a href="https://www.spesati.com/mais-de-lucia-precotto-400-gr">
        <div style="background-image: url('https://cdn.spesati.com/images/products/000404977/i-precotti-frescotti-mais-dolce-pre-cotto-400-g-01.png')">
            <div class="hover"></div>
            
            <div class="stickers"></div>
        </div>
    </a>
    <div>
        <h4><a href="https://www.spesati.com/mais-de-lucia-precotto-400-gr"><b>Mais De Lucia Precotto 400 Gr</b></a></h4>
        <p class="description">i precotti frescotti mais dolce pre-cotto 400 g</p>
        <p class="right price"><b>3.23 €</b></p>
        <p class="right unitPrice">8.06 € per kg</p>
    </div>
    <div class="contButton">
    <a class="button bgRed white addToCart" href="#">Add</a>
</div>
</div><div class="left product prod23"
        data-name="Tonno Mareblu Olio Oliva 3x60g"
        data-price="3.59"
        data-id="27856"
        data-available="yes"
        data-category="4629"
        data-bestselling="2">
    <a href="https://www.spesati.com/tonno-mareblu-olio-oliva-3x60g">
        <div style="background-image: url('https://cdn.spesati.com/images/products/000180286/mareblu-tonno-allolio-doliva-3-x-60-g-01.png')">
            <div class="hover"></div>
            <p class="arrow bgRed white">Best Seller</p>
            <div class="stickers"></div>
        </div>
    </a>
    <div>
        <h4><a href="https://www.spesati.com/tonno-mareblu-olio-oliva-3x60g"><b>Tonno Mareblu Olio Oliva 3x60g</b></a></h4>
        <p class="description">Mareblu Tonno all'Olio d'Oliva 3 x 60 g</p>
        <p class="right price"><b>3.59 €</b></p>
        <p class="right unitPrice">19.94 € per kg</p>
    </div>
    <div class="contButton">
    <a class="button bgRed white addToCart" href="#">Add</a>
</div>
</div><div class="left product prod24"
        data-name="Filett Alici Donzela O O 160gr"
        data-price="4.96"
        data-id="60375"
        data-available="yes"
        data-category="4629"
        data-bestselling="">
    <a href="https://www.spesati.com/filett-alici-donzela-o-o-160gr">
        <div style="background-image: url('https://cdn.spesati.com/images/products/000180217/donzela-filetti-di-alici-allolio-di-semi-160-g-01.png')">
            <div class="hover"></div>
            
            <div class="stickers"></div>
        </div>
    </a>
    <div>
        <h4><a href="https://www.spesati.com/filett-alici-donzela-o-o-160gr"><b>Filett Alici Donzela O O 160gr</b></a></h4>
        <p class="description">Donzela Filetti di alici all'olio di semi 160 g</p>
        <p class="right price"><b>4.96 €</b></p>
        <p class="right unitPrice">30.99 € per kg</p>
    </div>
    <div class="contButton">
    <a class="button bgRed white addToCart" href="#">Add</a>
</div>
</div><div class="left product prod25"
        data-name="Pomod Mutti Pizzasouce 4100gr"
        data-price="11.56"
        data-id="27644"
        data-available="yes"
        data-category="6703"
        data-bestselling="">
    <a href="https://www.spesati.com/pomod-mutti-pizzasouce-4100gr">
        <div style="background-image: url('https://cdn.spesati.com/images/products/000140215/mutti-pizza-sauce-classica-4100-g-01.png')">
            <div class="hover"></div>
            
            <div class="stickers"></div>
        </div>
    </a>
    <div>
        <h4><a href="https://www.spesati.com/pomod-mutti-pizzasouce-4100gr"><b>Pomod Mutti Pizzasouce 4100gr</b></a></h4>
        <p class="description">Mutti Pizza Sauce Classica 4100 g</p>
        <p class="right price"><b>11.56 €</b></p>
        <p class="right unitPrice">2.82 € per kg</p>
    </div>
    <div class="contButton">
    <a class="button bgRed white addToCart" href="#">Add</a>
</div>
</div><div class="left product prod26"
        data-name="Filetti Acciughe Zarotti 1.7gr"
        data-price="28.28"
        data-id="71874"
        data-available="yes"
        data-category="4629"
        data-bestselling="">
    <a href="https://www.spesati.com/filetti-acciughe-zarotti-17gr">
        <div style="background-image: url('https://cdn.spesati.com/images/products/000119710/zarotti-antica-tradizione-filetti-di-alici-in-pezzi-1700-g-01.png')">
            <div class="hover"></div>
            
            <div class="stickers"></div>
        </div>
    </a>
    <div>
        <h4><a href="https://www.spesati.com/filetti-acciughe-zarotti-17gr"><b>Filetti Acciughe Zarotti 1.7gr</b></a></h4>
        <p class="description">Zarotti Antica Tradizione Filetti di Alici in Pezzi 1700 g</p>
        <p class="right price"><b>28.28 €</b></p>
        <p class="right unitPrice">16.63 € per kg</p>
    </div>
    <div class="contButton">
    <a class="button bgRed white addToCart" href="#">Add</a>
</div>
</div><div class="left product prod27"
        data-name="Filet Alici Zarot Ol Giras 80g"
        data-price="2.78"
        data-id="71871"
        data-available="yes"
        data-category="4629"
        data-bestselling="1">
    <a href="https://www.spesati.com/filet-alici-zarot-ol-giras-80g">
        <div style="background-image: url('https://cdn.spesati.com/images/products/000119709/zarotti-filetti-di-alici-classici-in-olio-di-semi-di-girasole-80-g-01.png')">
            <div class="hover"></div>
            <p class="arrow bgRed white">Best Seller</p>
            <div class="stickers"></div>
        </div>
    </a>
    <div>
        <h4><a href="https://www.spesati.com/filet-alici-zarot-ol-giras-80g"><b>Filet Alici Zarot Ol Giras 80g</b></a></h4>
        <p class="description">Zarotti Filetti di Alici Classici in Olio di Semi di Girasole 80 g</p>
        <p class="right price"><b>2.78 €</b></p>
        <p class="right unitPrice">34.75 € per kg</p>
    </div>
    <div class="contButton">
    <a class="button bgRed white addToCart" href="#">Add</a>
</div>
</div><div class="left product prod28"
        data-name="Filet Tonno Zarotti O/o 520gr"
        data-price="13.59"
        data-id="71868"
        data-available="yes"
        data-category="4629"
        data-bestselling="">
    <a href="https://www.spesati.com/filet-tonno-zarotti-oo-520gr">
        <div style="background-image: url('https://cdn.spesati.com/images/products/000119687/zarotti-filetti-di-tonno-in-olio-doliva-520-g-01.png')">
            <div class="hover"></div>
            
            <div class="stickers"></div>
        </div>
    </a>
    <div>
        <h4><a href="https://www.spesati.com/filet-tonno-zarotti-oo-520gr"><b>Filet Tonno Zarotti O/o 520gr</b></a></h4>
        <p class="description">Zarotti Filetti di Tonno in Olio d'Oliva 520 g</p>
        <p class="right price"><b>13.59 €</b></p>
        <p class="right unitPrice">26.15 € per kg</p>
    </div>
    <div class="contButton">
    <a class="button bgRed white addToCart" href="#">Add</a>
</div>
</div><div class="left product prod29"
        data-name="Fave Bonduelle Al Vapore 310gr"
        data-price="2.49"
        data-id="70773"
        data-available="yes"
        data-category="431"
        data-bestselling="">
    <a href="https://www.spesati.com/fave-bonduelle-al-vapore-310gr">
        <div style="background-image: url('https://cdn.spesati.com/images/products/000119539/bonduelle-fave-al-vapore-310-g-01.png')">
            <div class="hover"></div>
            
            <div class="stickers"></div>
        </div>
    </a>
    <div>
        <h4><a href="https://www.spesati.com/fave-bonduelle-al-vapore-310gr"><b>Fave Bonduelle Al Vapore 310gr</b></a></h4>
        <p class="description">Bonduelle Fave al Vapore 310 g</p>
        <p class="right price"><b>2.49 €</b></p>
        <p class="right unitPrice">8.04 € per kg</p>
    </div>
    <div class="contButton">
    <a class="button bgRed white addToCart" href="#">Add</a>
</div>
</div><div class="left product prod30"
        data-name="Minestrone Knorr Verd Lat 535g"
        data-price="2.99"
        data-id="26892"
        data-available="yes"
        data-category="431"
        data-bestselling="">
    <a href="https://www.spesati.com/minestrone-knorr-verd-lat-535g">
        <div style="background-image: url('https://cdn.spesati.com/images/products/000119332/knorr-minestrone-di-11-verdure-535-g-01.png')">
            <div class="hover"></div>
            
            <div class="stickers"></div>
        </div>
    </a>
    <div>
        <h4><a href="https://www.spesati.com/minestrone-knorr-verd-lat-535g"><b>Minestrone Knorr Verd Lat 535g</b></a></h4>
        <p class="description">Knorr Minestrone di 11 Verdure 535 g</p>
        <p class="right price"><b>2.99 €</b></p>
        <p class="right unitPrice">5.59 € per kg</p>
    </div>
    <div class="contButton">
    <a class="button bgRed white addToCart" href="#">Add</a>
</div>
</div><div class="left product prod31"
        data-name="Minestra Knorr Legumi Lat 545g"
        data-price="2.99"
        data-id="26891"
        data-available="yes"
        data-category="431"
        data-bestselling="">
    <a href="https://www.spesati.com/minestra-knorr-legumi-lat-545g">
        <div style="background-image: url('https://cdn.spesati.com/images/products/000119331/knorr-minestrone-di-legumi-545-g-01.png')">
            <div class="hover"></div>
            
            <div class="stickers"></div>
        </div>
    </a>
    <div>
        <h4><a href="https://www.spesati.com/minestra-knorr-legumi-lat-545g"><b>Minestra Knorr Legumi Lat 545g</b></a></h4>
        <p class="description">Knorr Minestrone di Legumi 545 g</p>
        <p class="right price"><b>2.99 €</b></p>
        <p class="right unitPrice">5.49 € per kg</p>
    </div>
    <div class="contButton">
    <a class="button bgRed white addToCart" href="#">Add</a>
</div>
</div><div class="left product prod32"
        data-name="Filet Alici Zar Dist O Gi 720g"
        data-price="20.51"
        data-id="26828"
        data-available="yes"
        data-category="4629"
        data-bestselling="">
    <a href="https://www.spesati.com/filet-alici-zar-dist-o-gi-720g">
        <div style="background-image: url('https://cdn.spesati.com/images/products/000118969/zarotti-filetti-di-alici-classici-in-olio-di-semi-di-girasole-720-g-01.png')">
            <div class="hover"></div>
            
            <div class="stickers"></div>
        </div>
    </a>
    <div>
        <h4><a href="https://www.spesati.com/filet-alici-zar-dist-o-gi-720g"><b>Filet Alici Zar Dist O Gi 720g</b></a></h4>
        <p class="description">Zarotti Filetti di Alici Classici in olio di semi di Girasole 720 g</p>
        <p class="right price"><b>20.51 €</b></p>
        <p class="right unitPrice">28.49 € per kg</p>
    </div>
    <div class="contButton">
    <a class="button bgRed white addToCart" href="#">Add</a>
</div>
</div><div class="left product prod33"
        data-name="Funghi Coelsanus Trifolati 212 Gr"
        data-price="1.93"
        data-id="5790"
        data-available="yes"
        data-category="6653"
        data-bestselling="">
    <a href="https://www.spesati.com/funghi-coelsanus-trifolati-212-gr">
        <div style="background-image: url('https://cdn.spesati.com/images/products/000118475/coelsanus-funghi-coltivati-trifolati-180-g-01.png')">
            <div class="hover"></div>
            
            <div class="stickers"></div>
        </div>
    </a>
    <div>
        <h4><a href="https://www.spesati.com/funghi-coelsanus-trifolati-212-gr"><b>Funghi Coelsanus Trifolati 212 Gr</b></a></h4>
        <p class="description">Coelsanus Funghi Coltivati trifolati 180 g</p>
        <p class="right price"><b>1.93 €</b></p>
        <p class="right unitPrice">9.12 € per kg</p>
    </div>
    <div class="contButton">
    <a class="button bgRed white addToCart" href="#">Add</a>
</div>
</div><div class="left product prod34"
        data-name="Ceci Valfrutt C-vap 3x150gr"
        data-price="2.95"
        data-id="26731"
        data-available="yes"
        data-category="431"
        data-bestselling="1">
    <a href="https://www.spesati.com/ceci-valfrutt-c-vap-3x150gr">
        <div style="background-image: url('https://cdn.spesati.com/images/products/000117951/valfrutta-cotti-a-vapore-ceci-3-x-150-g-01.png')">
            <div class="hover"></div>
            <p class="arrow bgRed white">Best Seller</p>
            <div class="stickers"></div>
        </div>
    </a>
    <div>
        <h4><a href="https://www.spesati.com/ceci-valfrutt-c-vap-3x150gr"><b>Ceci Valfrutt C-vap 3x150gr</b></a></h4>
        <p class="description">Valfrutta Cotti a Vapore Ceci 3 x 150 g</p>
        <p class="right price"><b>2.95 €</b></p>
        <p class="right unitPrice">6.56 € per kg</p>
    </div>
    <div class="contButton">
    <a class="button bgRed white addToCart" href="#">Add</a>
</div>
</div><div class="left product prod35"
        data-name="Tonno Consor Latt O Oliva 200g"
        data-price="9.82"
        data-id="26717"
        data-available="yes"
        data-category="4629"
        data-bestselling="">
    <a href="https://www.spesati.com/tonno-consor-latt-o-oliva-200g">
        <div style="background-image: url('https://cdn.spesati.com/images/products/000117762/consorcio-tonno-in-olio-di-oliva-200-g-01.png')">
            <div class="hover"></div>
            
            <div class="stickers"></div>
        </div>
    </a>
    <div>
        <h4><a href="https://www.spesati.com/tonno-consor-latt-o-oliva-200g"><b>Tonno Consor Latt O Oliva 200g</b></a></h4>
        <p class="description">Consorcio Tonno in olio di oliva 200 g</p>
        <p class="right price"><b>9.82 €</b></p>
        <p class="right unitPrice">49.12 € per kg</p>
    </div>
    <div class="contButton">
    <a class="button bgRed white addToCart" href="#">Add</a>
</div>
</div><div class="left product prod36"
        data-name="Tonno Consor Vtr O Oliva 400g"
        data-price="18.90"
        data-id="26716"
        data-available="yes"
        data-category="4629"
        data-bestselling="">
    <a href="https://www.spesati.com/tonno-consor-vtr-o-oliva-400g">
        <div style="background-image: url('https://cdn.spesati.com/images/products/000117761/consorcio-filetti-di-tonno-in-olio-di-oliva-295-g-01.png')">
            <div class="hover"></div>
            
            <div class="stickers"></div>
        </div>
    </a>
    <div>
        <h4><a href="https://www.spesati.com/tonno-consor-vtr-o-oliva-400g"><b>Tonno Consor Vtr O Oliva 400g</b></a></h4>
        <p class="description">Consorcio Filetti di Tonno in olio di oliva 295 g</p>
        <p class="right price"><b>18.90 €</b></p>
        <p class="right unitPrice">47.26 € per kg</p>
    </div>
    <div class="contButton">
    <a class="button bgRed white addToCart" href="#">Add</a>
</div>
</div><div class="left product prod37"
        data-name="Tonno Nostromo Natur Zero 3x65"
        data-price="4.69"
        data-id="26669"
        data-available="yes"
        data-category="4629"
        data-bestselling="">
    <a href="https://www.spesati.com/tonno-nostromo-natur-zero-3x65">
        <div style="background-image: url('https://cdn.spesati.com/images/products/000117572/nostromo-tonno-al-naturale-zero-3-x-65-g-01.png')">
            <div class="hover"></div>
            
            <div class="stickers"></div>
        </div>
    </a>
    <div>
        <h4><a href="https://www.spesati.com/tonno-nostromo-natur-zero-3x65"><b>Tonno Nostromo Natur Zero 3x65</b></a></h4>
        <p class="description">Nostromo Tonno al Naturale Zero 3 x 65 g</p>
        <p class="right price"><b>4.69 €</b></p>
        <p class="right unitPrice">24.06 € per kg</p>
    </div>
    <div class="contButton">
    <a class="button bgRed white addToCart" href="#">Add</a>
</div>
</div><div class="left product prod38"
        data-name="Tonno Nostromo C-piselli 2x150"
        data-price="3.44"
        data-id="26665"
        data-available="yes"
        data-category="4629"
        data-bestselling="">
    <a href="https://www.spesati.com/tonno-nostromo-c-piselli-2x150">
        <div style="background-image: url('https://cdn.spesati.com/images/products/000117568/nostromo-piselli-e-tonno-2-x-150-g-01.png')">
            <div class="hover"></div>
            
            <div class="stickers"></div>
        </div>
    </a>
    <div>
        <h4><a href="https://www.spesati.com/tonno-nostromo-c-piselli-2x150"><b>Tonno Nostromo C-piselli 2x150</b></a></h4>
        <p class="description">Nostromo Piselli e Tonno 2 x 150 g</p>
        <p class="right price"><b>3.44 €</b></p>
        <p class="right unitPrice">11.46 € per kg</p>
    </div>
    <div class="contButton">
    <a class="button bgRed white addToCart" href="#">Add</a>
</div>
</div><div class="left product prod39"
        data-name="Fil Salmone Rio Mare O O 125gr"
        data-price="6.69"
        data-id="26658"
        data-available="yes"
        data-category="4629"
        data-bestselling="">
    <a href="https://www.spesati.com/fil-salmone-rio-mare-o-o-125gr">
        <div style="background-image: url('https://cdn.spesati.com/images/products/000117550/rio-mare-filetto-di-salmone-allolio-extra-vergine-di-oliva-al-vapore-125-g-01.png')">
            <div class="hover"></div>
            
            <div class="stickers"></div>
        </div>
    </a>
    <div>
        <h4><a href="https://www.spesati.com/fil-salmone-rio-mare-o-o-125gr"><b>Fil Salmone Rio Mare O O 125gr</b></a></h4>
        <p class="description">Rio mare Filetto di Salmone all'Olio Extra Vergine di Oliva al Vapore 125 g</p>
        <p class="right price"><b>6.69 €</b></p>
        <p class="right unitPrice">53.53 € per kg</p>
    </div>
    <div class="contButton">
    <a class="button bgRed white addToCart" href="#">Add</a>
</div>
</div><div class="left product prod40"
        data-name="Knorr Passato Patate Carote Bk 500 Ml"
        data-price="2.85"
        data-id="4825"
        data-available="yes"
        data-category="431"
        data-bestselling="">
    <a href="https://www.spesati.com/knorr-passato-patate-carote-bk-500-ml">
        <div style="background-image: url('https://cdn.spesati.com/images/products/000117486/knorr-passato-di-carote-e-porri-500-ml-01.png')">
            <div class="hover"></div>
            
            <div class="stickers"></div>
        </div>
    </a>
    <div>
        <h4><a href="https://www.spesati.com/knorr-passato-patate-carote-bk-500-ml"><b>Knorr Passato Patate Carote Bk 500 Ml</b></a></h4>
        <p class="description">Knorr Passato di Carote e Porri 500 ml</p>
        <p class="right price"><b>2.85 €</b></p>
        <p class="right unitPrice">5.70 € per litre</p>
    </div>
    <div class="contButton">
    <a class="button bgRed white addToCart" href="#">Add</a>
</div>
</div><div class="left product prod41"
        data-name="Passato Knorr Verd Tr Bric 500"
        data-price="2.85"
        data-id="26640"
        data-available="yes"
        data-category="431"
        data-bestselling="">
    <a href="https://www.spesati.com/passato-knorr-verd-tr-bric-500">
        <div style="background-image: url('https://cdn.spesati.com/images/products/000117485/knorr-passato-tradizionale-500-ml-01.png')">
            <div class="hover"></div>
            
            <div class="stickers"></div>
        </div>
    </a>
    <div>
        <h4><a href="https://www.spesati.com/passato-knorr-verd-tr-bric-500"><b>Passato Knorr Verd Tr Bric 500</b></a></h4>
        <p class="description">Knorr Passato Tradizionale 500 ml</p>
        <p class="right price"><b>2.85 €</b></p>
        <p class="right unitPrice">5.70 € per kg</p>
    </div>
    <div class="contButton">
    <a class="button bgRed white addToCart" href="#">Add</a>
</div>
</div><div class="left product prod42"
        data-name="Minestr Knorr Verd Tr Bric 500"
        data-price="2.85"
        data-id="26639"
        data-available="yes"
        data-category="431"
        data-bestselling="">
    <a href="https://www.spesati.com/minestr-knorr-verd-tr-bric-500">
        <div style="background-image: url('https://cdn.spesati.com/images/products/000117484/knorr-il-minestrone-500-ml-01.png')">
            <div class="hover"></div>
            
            <div class="stickers"></div>
        </div>
    </a>
    <div>
        <h4><a href="https://www.spesati.com/minestr-knorr-verd-tr-bric-500"><b>Minestr Knorr Verd Tr Bric 500</b></a></h4>
        <p class="description">Knorr il Minestrone 500 ml</p>
        <p class="right price"><b>2.85 €</b></p>
        <p class="right unitPrice">5.70 € per kg</p>
    </div>
    <div class="contButton">
    <a class="button bgRed white addToCart" href="#">Add</a>
</div>
</div><div class="left product prod43"
        data-name="Oliv Olio Tagg Den Coels Ml850"
        data-price="19.07"
        data-id="26600"
        data-available="yes"
        data-category="5760"
        data-bestselling="">
    <a href="https://www.spesati.com/oliv-olio-tagg-den-coels-ml850">
        <div style="background-image: url('https://cdn.spesati.com/images/products/000117374/magie-da-chef-olive-taggiasche-denocciolate-in-olio-extravergine-di-oliva-41-730-g-01.png')">
            <div class="hover"></div>
            
            <div class="stickers"></div>
        </div>
    </a>
    <div>
        <h4><a href="https://www.spesati.com/oliv-olio-tagg-den-coels-ml850"><b>Oliv Olio Tagg Den Coels Ml850</b></a></h4>
        <p class="description">Magie da Chef Olive Taggiasche Denocciolate in olio extravergine di oliva 41% 730 g</p>
        <p class="right price"><b>19.07 €</b></p>
        <p class="right unitPrice">22.43 € per litre</p>
    </div>
    <div class="contButton">
    <a class="button bgRed white addToCart" href="#">Add</a>
</div>
</div><div class="left product prod44"
        data-name="Tonno Rio Mare Supern 56g 3+1"
        data-price="5.59"
        data-id="26585"
        data-available="yes"
        data-category="4629"
        data-bestselling="">
    <a href="https://www.spesati.com/tonno-rio-mare-supern-56g-31">
        <div style="background-image: url('https://cdn.spesati.com/images/products/000117279/rio-mare-tonno-al-naturale-4-x-56-g-01.png')">
            <div class="hover"></div>
            
            <div class="stickers"></div>
        </div>
    </a>
    <div>
        <h4><a href="https://www.spesati.com/tonno-rio-mare-supern-56g-31"><b>Tonno Rio Mare Supern 56g 3+1</b></a></h4>
        <p class="description">Rio mare Tonno al Naturale 4 x 56 g</p>
        <p class="right price"><b>5.59 €</b></p>
        <p class="right unitPrice">24.96 € per kg</p>
    </div>
    <div class="contButton">
    <a class="button bgRed white addToCart" href="#">Add</a>
</div>
</div><div class="left product prod45"
        data-name="Sgombri rio mare grigliati hot 120"
        data-price="4.25"
        data-id="5165"
        data-available="yes"
        data-category="4629"
        data-bestselling="2">
    <a href="https://www.spesati.com/sgombri-rio-mare-grigliati-hot-120">
        <div style="background-image: url('https://cdn.spesati.com/images/products/000117278/rio-mare-filetti-di-sgombro-allolio-di-oliva-con-peperoncino-piccante-grigliati-120-g-01.png')">
            <div class="hover"></div>
            <p class="arrow bgRed white">Best Seller</p>
            <div class="stickers"></div>
        </div>
    </a>
    <div>
        <h4><a href="https://www.spesati.com/sgombri-rio-mare-grigliati-hot-120"><b>Sgombri rio mare grigliati hot 120</b></a></h4>
        <p class="description">Rio mare Filetti di Sgombro all'Olio di Oliva con Peperoncino Piccante Grigliati 120 g</p>
        <p class="right price"><b>4.25 €</b></p>
        <p class="right unitPrice">35.42 € per kg</p>
    </div>
    <div class="contButton">
    <a class="button bgRed white addToCart" href="#">Add</a>
</div>
</div><div class="left product prod46"
        data-name="Tonno Rio Mare Leggero 4x60gr"
        data-price="6.19"
        data-id="5778"
        data-available="yes"
        data-category="4629"
        data-bestselling="">
    <a href="https://www.spesati.com/tonno-rio-mare-leggero-4x60gr">
        <div style="background-image: url('https://cdn.spesati.com/images/products/000117171/rio-mare-tonno-allolio-extra-vergine-di-oliva-leggero-4-x-60-g-01.png')">
            <div class="hover"></div>
            
            <div class="stickers"></div>
        </div>
    </a>
    <div>
        <h4><a href="https://www.spesati.com/tonno-rio-mare-leggero-4x60gr"><b>Tonno Rio Mare Leggero 4x60gr</b></a></h4>
        <p class="description">Rio mare Tonno all'Olio Extra Vergine di Oliva Leggero 4 x 60 g</p>
        <p class="right price"><b>6.19 €</b></p>
        <p class="right unitPrice">25.80 € per kg</p>
    </div>
    <div class="contButton">
    <a class="button bgRed white addToCart" href="#">Add</a>
</div>
</div><div class="left product prod47"
        data-name="Tonno Rio Mare O O Picc 4x80gr"
        data-price="7.45"
        data-id="26493"
        data-available="yes"
        data-category="4629"
        data-bestselling="">
    <a href="https://www.spesati.com/tonno-rio-mare-o-o-picc-4x80gr">
        <div style="background-image: url('https://cdn.spesati.com/images/products/000116867/rio-mare-tonno-allolio-di-oliva-con-peperoncino-di-calabria-4-x-80-g-01.png')">
            <div class="hover"></div>
            
            <div class="stickers"></div>
        </div>
    </a>
    <div>
        <h4><a href="https://www.spesati.com/tonno-rio-mare-o-o-picc-4x80gr"><b>Tonno Rio Mare O O Picc 4x80gr</b></a></h4>
        <p class="description">Rio mare Tonno all'Olio di Oliva con Peperoncino di Calabria 4 x 80 g</p>
        <p class="right price"><b>7.45 €</b></p>
        <p class="right unitPrice">23.29 € per kg</p>
    </div>
    <div class="contButton">
    <a class="button bgRed white addToCart" href="#">Add</a>
</div>
</div><div class="left product prod48"
        data-name="Fil Salmone Nostromo O Ol 110g"
        data-price="5.30"
        data-id="26489"
        data-available="yes"
        data-category="4629"
        data-bestselling="">
    <a href="https://www.spesati.com/fil-salmone-nostromo-o-ol-110g">
        <div style="background-image: url('https://cdn.spesati.com/images/products/000116845/nostromo-filetto-di-salmone-allolio-di-oliva-13-110-g-01.png')">
            <div class="hover"></div>
            
            <div class="stickers"></div>
        </div>
    </a>
    <div>
        <h4><a href="https://www.spesati.com/fil-salmone-nostromo-o-ol-110g"><b>Fil Salmone Nostromo O Ol 110g</b></a></h4>
        <p class="description">Nostromo Filetto di Salmone all'Olio di Oliva (13%) 110 g</p>
        <p class="right price"><b>5.30 €</b></p>
        <p class="right unitPrice">48.22 € per kg</p>
    </div>
    <div class="contButton">
    <a class="button bgRed white addToCart" href="#">Add</a>
</div>
</div><div class="left product prod49"
        data-name="Sgombri Rio Mare Grigliati Al Nataturale 120 Gr"
        data-price="4.25"
        data-id="5773"
        data-available="yes"
        data-category="4629"
        data-bestselling="4">
    <a href="https://www.spesati.com/sgombri-rio-mare-grigliati-al-nataturale-120-gr">
        <div style="background-image: url('https://cdn.spesati.com/images/products/000116844/rio-mare-filetti-di-sgombro-al-naturale-grigliati-120-g-01.png')">
            <div class="hover"></div>
            <p class="arrow bgRed white">Best Seller</p>
            <div class="stickers"></div>
        </div>
    </a>
    <div>
        <h4><a href="https://www.spesati.com/sgombri-rio-mare-grigliati-al-nataturale-120-gr"><b>Sgombri Rio Mare Grigliati Al Nataturale 120 Gr</b></a></h4>
        <p class="description">Rio mare Filetti di Sgombro al Naturale Grigliati 120 g</p>
        <p class="right price"><b>4.25 €</b></p>
        <p class="right unitPrice">35.42 € per kg</p>
    </div>
    <div class="contButton">
    <a class="button bgRed white addToCart" href="#">Add</a>
</div>
</div><div class="left product prod50"
        data-name="Sgombri rio mare grigliati extravergine 120"
        data-price="4.25"
        data-id="5170"
        data-available="yes"
        data-category="4629"
        data-bestselling="">
    <a href="https://www.spesati.com/sgombri-rio-mare-grigliati-extravergine-120">
        <div style="background-image: url('https://cdn.spesati.com/images/products/000116839/rio-mare-filetti-di-sgombro-allolio-extra-vergine-di-oliva-grigliati-120-g-01.png')">
            <div class="hover"></div>
            
            <div class="stickers"></div>
        </div>
    </a>
    <div>
        <h4><a href="https://www.spesati.com/sgombri-rio-mare-grigliati-extravergine-120"><b>Sgombri rio mare grigliati extravergine 120</b></a></h4>
        <p class="description">Rio mare Filetti di Sgombro all'Olio Extra Vergine di Oliva Grigliati 120 g</p>
        <p class="right price"><b>4.25 €</b></p>
        <p class="right unitPrice">35.42 € per kg</p>
    </div>
    <div class="contButton">
    <a class="button bgRed white addToCart" href="#">Add</a>
</div>
</div><div class="left product prod51"
        data-name="Sardine Nocchiero O Gir 125gr"
        data-price="1.83"
        data-id="26474"
        data-available="yes"
        data-category="4629"
        data-bestselling="">
    <a href="https://www.spesati.com/sardine-nocchiero-o-gir-125gr">
        <div style="background-image: url('https://cdn.spesati.com/images/products/000116759/nocchiero-sardine-allolio-di-semi-di-girasole-125-g-01.png')">
            <div class="hover"></div>
            
            <div class="stickers"></div>
        </div>
    </a>
    <div>
        <h4><a href="https://www.spesati.com/sardine-nocchiero-o-gir-125gr"><b>Sardine Nocchiero O Gir 125gr</b></a></h4>
        <p class="description">Nocchiero Sardine all'olio di semi di girasole 125 g</p>
        <p class="right price"><b>1.83 €</b></p>
        <p class="right unitPrice">14.64 € per kg</p>
    </div>
    <div class="contButton">
    <a class="button bgRed white addToCart" href="#">Add</a>
</div>
</div><div class="left product prod52"
        data-name="Acciughe Zarotti Salate 1kg"
        data-price="12.79"
        data-id="26472"
        data-available="yes"
        data-category="4629"
        data-bestselling="">
    <a href="https://www.spesati.com/acciughe-zarotti-salate-1kg">
        <div style="background-image: url('https://cdn.spesati.com/images/products/000116751/zarotti-acciughe-salate-alla-vera-carne-1-kg-01.png')">
            <div class="hover"></div>
            
            <div class="stickers"></div>
        </div>
    </a>
    <div>
        <h4><a href="https://www.spesati.com/acciughe-zarotti-salate-1kg"><b>Acciughe Zarotti Salate 1kg</b></a></h4>
        <p class="description">Zarotti Acciughe Salate alla Vera Carne 1 kg</p>
        <p class="right price"><b>12.79 €</b></p>
        <p class="right unitPrice">12.79 € per kg</p>
    </div>
    <div class="contButton">
    <a class="button bgRed white addToCart" href="#">Add</a>
</div>
</div><div class="left product prod53"
        data-name="Filetti Di Alici All'Olio Di Oliva Zarotti 60 Gr"
        data-price="3.49"
        data-id="5586"
        data-available="yes"
        data-category="4629"
        data-bestselling="">
    <a href="https://www.spesati.com/filetti-di-alici-allolio-di-oliva-zarotti-60-gr">
        <div style="background-image: url('https://cdn.spesati.com/images/products/000116741/zarotti-filetti-di-alici-classici-60-g-01.png')">
            <div class="hover"></div>
            
            <div class="stickers"></div>
        </div>
    </a>
    <div>
        <h4><a href="https://www.spesati.com/filetti-di-alici-allolio-di-oliva-zarotti-60-gr"><b>Filetti Di Alici All'Olio Di Oliva Zarotti 60 Gr</b></a></h4>
        <p class="description">Zarotti Filetti di Alici Classici 60 g</p>
        <p class="right price"><b>3.49 €</b></p>
        <p class="right unitPrice">58.22 € per kg</p>
    </div>
    <div class="contButton">
    <a class="button bgRed white addToCart" href="#">Add</a>
</div>
</div><div class="left product prod54"
        data-name="Ventresca Di Tonno Asdom.125gr"
        data-price="9.33"
        data-id="26458"
        data-available="yes"
        data-category="4629"
        data-bestselling="">
    <a href="https://www.spesati.com/ventresca-di-tonno-asdom125gr">
        <div style="background-image: url('https://cdn.spesati.com/images/products/000116703/asdomar-ventresca-di-tonno-allolio-doliva-125-g-01.png')">
            <div class="hover"></div>
            
            <div class="stickers"></div>
        </div>
    </a>
    <div>
        <h4><a href="https://www.spesati.com/ventresca-di-tonno-asdom125gr"><b>Ventresca Di Tonno Asdom.125gr</b></a></h4>
        <p class="description">Asdomar Ventresca di Tonno all'olio d'oliva 125 g</p>
        <p class="right price"><b>9.33 €</b></p>
        <p class="right unitPrice">74.67 € per kg</p>
    </div>
    <div class="contButton">
    <a class="button bgRed white addToCart" href="#">Add</a>
</div>
</div><div class="left product prod55"
        data-name="Tonno Mareblu In Olio Di Oliva 240 Gr"
        data-price="4.66"
        data-id="6388"
        data-available="yes"
        data-category="4629"
        data-bestselling="">
    <a href="https://www.spesati.com/tonno-mareblu-in-olio-di-oliva-240-gr">
        <div style="background-image: url('https://cdn.spesati.com/images/products/000116630/mareblu-il-tonno-lavorato-sul-luogo-di-pesca-allolio-di-oliva-240-g-01.png')">
            <div class="hover"></div>
            
            <div class="stickers"></div>
        </div>
    </a>
    <div>
        <h4><a href="https://www.spesati.com/tonno-mareblu-in-olio-di-oliva-240-gr"><b>Tonno Mareblu In Olio Di Oliva 240 Gr</b></a></h4>
        <p class="description">Mareblu il Tonno Lavorato sul Luogo di Pesca all'Olio di Oliva 240 g</p>
        <p class="right price"><b>4.66 €</b></p>
        <p class="right unitPrice">19.43 € per kg</p>
    </div>
    <div class="contButton">
    <a class="button bgRed white addToCart" href="#">Add</a>
</div>
</div><div class="left product prod56"
        data-name="Filetto Di Sgombro Asdomar Olio Di Oliva 150G"
        data-price="6.39"
        data-id="5585"
        data-available="yes"
        data-category="4629"
        data-bestselling="">
    <a href="https://www.spesati.com/filetto-di-sgombro-asdomar-olio-di-oliva-150g">
        <div style="background-image: url('https://cdn.spesati.com/images/products/000116552/asdomar-filetti-di-sgombro-allolio-di-oliva-34-150-g-01.png')">
            <div class="hover"></div>
            
            <div class="stickers"></div>
        </div>
    </a>
    <div>
        <h4><a href="https://www.spesati.com/filetto-di-sgombro-asdomar-olio-di-oliva-150g"><b>Filetto Di Sgombro Asdomar Olio Di Oliva 150G</b></a></h4>
        <p class="description">Asdomar Filetti di Sgombro all'olio di oliva (34%) 150 g</p>
        <p class="right price"><b>6.39 €</b></p>
        <p class="right unitPrice">42.60 € per kg</p>
    </div>
    <div class="contButton">
    <a class="button bgRed white addToCart" href="#">Add</a>
</div>
</div><div class="left product prod57"
        data-name="Tonno Asdomar Olio Di Oliva 2x160Gr"
        data-price="7.49"
        data-id="14546"
        data-available="yes"
        data-category="4629"
        data-bestselling="">
    <a href="https://www.spesati.com/tonno-asdomar-olio-di-oliva-2x160gr">
        <div style="background-image: url('https://cdn.spesati.com/images/products/000116550/asdomar-tonno-allolio-di-oliva-2-x-160-g-01.png')">
            <div class="hover"></div>
            
            <div class="stickers"></div>
        </div>
    </a>
    <div>
        <h4><a href="https://www.spesati.com/tonno-asdomar-olio-di-oliva-2x160gr"><b>Tonno Asdomar Olio Di Oliva 2x160Gr</b></a></h4>
        <p class="description">Asdomar Tonno all'olio di oliva 2 x 160 g</p>
        <p class="right price"><b>7.49 €</b></p>
        <p class="right unitPrice">23.41 € per kg</p>
    </div>
    <div class="contButton">
    <a class="button bgRed white addToCart" href="#">Add</a>
</div>
</div><div class="left product prod58"
        data-name="Asdomar Tonno Olio Oliva 3X80Gr"
        data-price="4.85"
        data-id="5774"
        data-available="yes"
        data-category="4629"
        data-bestselling="">
    <a href="https://www.spesati.com/asdomar-tonno-olio-oliva-3x80gr">
        <div style="background-image: url('https://cdn.spesati.com/images/products/000116549/asdomar-tonno-allolio-di-oliva-3-x-80-g-01.png')">
            <div class="hover"></div>
            
            <div class="stickers"></div>
        </div>
    </a>
    <div>
        <h4><a href="https://www.spesati.com/asdomar-tonno-olio-oliva-3x80gr"><b>Asdomar Tonno Olio Oliva 3X80Gr</b></a></h4>
        <p class="description">Asdomar Tonno all'olio di oliva 3 x 80 g</p>
        <p class="right price"><b>4.85 €</b></p>
        <p class="right unitPrice">20.21 € per kg</p>
    </div>
    <div class="contButton">
    <a class="button bgRed white addToCart" href="#">Add</a>
</div>
</div><div class="left product prod59"
        data-name="Asdomar Filetti Tonno Olio Oliva"
        data-price="5.69"
        data-id="2662"
        data-available="yes"
        data-category="4629"
        data-bestselling="">
    <a href="https://www.spesati.com/asdomar-filetti-tonno-olio-oliva">
        <div style="background-image: url('https://cdn.spesati.com/images/products/000116543/asdomar-filetti-di-tonno-allolio-di-oliva-150-g-01.png')">
            <div class="hover"></div>
            
            <div class="stickers"></div>
        </div>
    </a>
    <div>
        <h4><a href="https://www.spesati.com/asdomar-filetti-tonno-olio-oliva"><b>Asdomar Filetti Tonno Olio Oliva</b></a></h4>
        <p class="description">Asdomar Filetti di Tonno all'olio di oliva 150 g</p>
        <p class="right price"><b>5.69 €</b></p>
        <p class="right unitPrice">37.94 € per kg</p>
    </div>
    <div class="contButton">
    <a class="button bgRed white addToCart" href="#">Add</a>
</div>
</div><div class="left product prod60"
        data-name="Asdomar Tonno Naturale 3X80Gr"
        data-price="4.99"
        data-id="5789"
        data-available="yes"
        data-category="4629"
        data-bestselling="">
    <a href="https://www.spesati.com/asdomar-tonno-naturale-3x80gr">
        <div style="background-image: url('https://cdn.spesati.com/images/products/000116541/asdomar-tonno-al-naturale-con-sale-integrale-3-x-80-g-01.png')">
            <div class="hover"></div>
            
            <div class="stickers"></div>
        </div>
    </a>
    <div>
        <h4><a href="https://www.spesati.com/asdomar-tonno-naturale-3x80gr"><b>Asdomar Tonno Naturale 3X80Gr</b></a></h4>
        <p class="description">Asdomar Tonno al naturale con sale integrale 3 x 80 g</p>
        <p class="right price"><b>4.99 €</b></p>
        <p class="right unitPrice">20.79 € per kg</p>
    </div>
    <div class="contButton">
    <a class="button bgRed white addToCart" href="#">Add</a>
</div>
</div><div class="left product prod61"
        data-name="Palmera Tonno In Olio Di Oliva"
        data-price="3.29"
        data-id="2672"
        data-available="yes"
        data-category="4629"
        data-bestselling="8">
    <a href="https://www.spesati.com/palmera-tonno-in-olio-di-oliva">
        <div style="background-image: url('https://cdn.spesati.com/images/products/000116520/palmera-tonno-allolio-di-oliva-3-x-80-g-01.png')">
            <div class="hover"></div>
            <p class="arrow bgRed white">Best Seller</p>
            <div class="stickers"></div>
        </div>
    </a>
    <div>
        <h4><a href="https://www.spesati.com/palmera-tonno-in-olio-di-oliva"><b>Palmera Tonno In Olio Di Oliva</b></a></h4>
        <p class="description">Palmera Tonno all'Olio di Oliva 3 x 80 g</p>
        <p class="right price"><b>3.29 €</b></p>
        <p class="right unitPrice">13.71 € per kg</p>
    </div>
    <div class="contButton">
    <a class="button bgRed white addToCart" href="#">Add</a>
</div>
</div><div class="left product prod62"
        data-name="Rio Mare Tonno Olio Extra Vergine di Oliva"
        data-price="7.49"
        data-id="3925"
        data-available="yes"
        data-category="4629"
        data-bestselling="">
    <a href="https://www.spesati.com/rio-mare-tonno-olio-extra-vergine-di-oliva">
        <div style="background-image: url('https://cdn.spesati.com/images/products/000116517/rio-mare-tonno-allolio-extra-vergine-di-oliva-4-x-80-g-01.png')">
            <div class="hover"></div>
            
            <div class="stickers"></div>
        </div>
    </a>
    <div>
        <h4><a href="https://www.spesati.com/rio-mare-tonno-olio-extra-vergine-di-oliva"><b>Rio Mare Tonno Olio Extra Vergine di Oliva</b></a></h4>
        <p class="description">Rio mare Tonno all'Olio Extra Vergine di Oliva 4 x 80 g</p>
        <p class="right price"><b>7.49 €</b></p>
        <p class="right unitPrice">31.21 € per kg</p>
    </div>
    <div class="contButton">
    <a class="button bgRed white addToCart" href="#">Add</a>
</div>
</div><div class="left product prod63"
        data-name="Tonno Asdomar Trancio O O 100g"
        data-price="3.89"
        data-id="26448"
        data-available="yes"
        data-category="4629"
        data-bestselling="">
    <a href="https://www.spesati.com/tonno-asdomar-trancio-o-o-100g">
        <div style="background-image: url('https://cdn.spesati.com/images/products/000116515/asdomar-tonno-trancio-intero-allolio-di-oliva-100-g-01.png')">
            <div class="hover"></div>
            
            <div class="stickers"></div>
        </div>
    </a>
    <div>
        <h4><a href="https://www.spesati.com/tonno-asdomar-trancio-o-o-100g"><b>Tonno Asdomar Trancio O O 100g</b></a></h4>
        <p class="description">Asdomar Tonno trancio intero all'olio di oliva 100 g</p>
        <p class="right price"><b>3.89 €</b></p>
        <p class="right unitPrice">38.90 € per kg</p>
    </div>
    <div class="contButton">
    <a class="button bgRed white addToCart" href="#">Add</a>
</div>
</div><div class="left product prod64"
        data-name="Tonno Nostromo O O 300gr"
        data-price="5.94"
        data-id="26447"
        data-available="yes"
        data-category="4629"
        data-bestselling="">
    <a href="https://www.spesati.com/tonno-nostromo-o-o-300gr">
        <div style="background-image: url('https://cdn.spesati.com/images/products/000116495/nostromo-tonno-allolio-di-oliva-300-g-01.png')">
            <div class="hover"></div>
            
            <div class="stickers"></div>
        </div>
    </a>
    <div>
        <h4><a href="https://www.spesati.com/tonno-nostromo-o-o-300gr"><b>Tonno Nostromo O O 300gr</b></a></h4>
        <p class="description">Nostromo Tonno all'Olio di Oliva 300 g</p>
        <p class="right price"><b>5.94 €</b></p>
        <p class="right unitPrice">19.79 € per kg</p>
    </div>
    <div class="contButton">
    <a class="button bgRed white addToCart" href="#">Add</a>
</div>
</div><div class="left product prod65"
        data-name="Tonno Rio Mare Olio Di Oliva 4X120Gr"
        data-price="10.88"
        data-id="5780"
        data-available="yes"
        data-category="4629"
        data-bestselling="">
    <a href="https://www.spesati.com/tonno-rio-mare-olio-di-oliva-4x120gr">
        <div style="background-image: url('https://cdn.spesati.com/images/products/000116493/rio-mare-tonno-allolio-di-oliva-4-x-120-g-01.png')">
            <div class="hover"></div>
            
            <div class="stickers"></div>
        </div>
    </a>
    <div>
        <h4><a href="https://www.spesati.com/tonno-rio-mare-olio-di-oliva-4x120gr"><b>Tonno Rio Mare Olio Di Oliva 4X120Gr</b></a></h4>
        <p class="description">Rio mare Tonno all'Olio di Oliva 4 x 120 g</p>
        <p class="right price"><b>10.88 €</b></p>
        <p class="right unitPrice">22.66 € per kg</p>
    </div>
    <div class="contButton">
    <a class="button bgRed white addToCart" href="#">Add</a>
</div>
</div><div class="left product prod66"
        data-name="filetti di tonno rio mare"
        data-price="7.19"
        data-id="2666"
        data-available="yes"
        data-category="4629"
        data-bestselling="">
    <a href="https://www.spesati.com/filetti-di-tonno-rio-mare">
        <div style="background-image: url('https://cdn.spesati.com/images/products/000116491/rio-mare-filetti-di-tonno-allolio-di-oliva-180-g-01.png')">
            <div class="hover"></div>
            
            <div class="stickers"></div>
        </div>
    </a>
    <div>
        <h4><a href="https://www.spesati.com/filetti-di-tonno-rio-mare"><b>filetti di tonno rio mare</b></a></h4>
        <p class="description">Rio mare Filetti di Tonno all'Olio di Oliva 180 g</p>
        <p class="right price"><b>7.19 €</b></p>
        <p class="right unitPrice">39.94 € per kg</p>
    </div>
    <div class="contButton">
    <a class="button bgRed white addToCart" href="#">Add</a>
</div>
</div><div class="left product prod67"
        data-name="Rio Mare Pate Salmone"
        data-price="3.09"
        data-id="2657"
        data-available="yes"
        data-category="4629"
        data-bestselling="2">
    <a href="https://www.spesati.com/rio-mare-pate-salmone">
        <div style="background-image: url('https://cdn.spesati.com/images/products/000116478/rio-mare-pate-salmone-rosa-100-g-01.png')">
            <div class="hover"></div>
            <p class="arrow bgRed white">Best Seller</p>
            <div class="stickers"></div>
        </div>
    </a>
    <div>
        <h4><a href="https://www.spesati.com/rio-mare-pate-salmone"><b>Rio Mare Pate Salmone</b></a></h4>
        <p class="description">Rio mare Patè Salmone Rosa 100 g</p>
        <p class="right price"><b>3.09 €</b></p>
        <p class="right unitPrice">30.90 € per kg</p>
    </div>
    <div class="contButton">
    <a class="button bgRed white addToCart" href="#">Add</a>
</div>
</div><div class="left product prod68"
        data-name="Rio Mare Pate Tonno"
        data-price="3.09"
        data-id="2683"
        data-available="yes"
        data-category="4629"
        data-bestselling="">
    <a href="https://www.spesati.com/rio-mare-pate-tonno">
        <div style="background-image: url('https://cdn.spesati.com/images/products/000116476/rio-mare-pate-tonno-100-g-01.png')">
            <div class="hover"></div>
            
            <div class="stickers"></div>
        </div>
    </a>
    <div>
        <h4><a href="https://www.spesati.com/rio-mare-pate-tonno"><b>Rio Mare Pate Tonno</b></a></h4>
        <p class="description">Rio mare Patè Tonno 100 g</p>
        <p class="right price"><b>3.09 €</b></p>
        <p class="right unitPrice">30.90 € per kg</p>
    </div>
    <div class="contButton">
    <a class="button bgRed white addToCart" href="#">Add</a>
</div>
</div><div class="left product prod69"
        data-name="Tonno Rio Mare O O 2x160gr"
        data-price="6.45"
        data-id="26445"
        data-available="yes"
        data-category="4629"
        data-bestselling="">
    <a href="https://www.spesati.com/tonno-rio-mare-o-o-2x160gr">
        <div style="background-image: url('https://cdn.spesati.com/images/products/000116472/rio-mare-tonno-allolio-di-oliva-2-x-160-g-01.png')">
            <div class="hover"></div>
            
            <div class="stickers"></div>
        </div>
    </a>
    <div>
        <h4><a href="https://www.spesati.com/tonno-rio-mare-o-o-2x160gr"><b>Tonno Rio Mare O O 2x160gr</b></a></h4>
        <p class="description">Rio mare Tonno all'Olio di Oliva 2 x 160 g</p>
        <p class="right price"><b>6.45 €</b></p>
        <p class="right unitPrice">20.16 € per kg</p>
    </div>
    <div class="contButton">
    <a class="button bgRed white addToCart" href="#">Add</a>
</div>
</div><div class="left product prod70"
        data-name="Rio Mare Tonno Olio Oliva 4x80 Gr"
        data-price="6.09"
        data-id="2685"
        data-available="yes"
        data-category="4629"
        data-bestselling="4">
    <a href="https://www.spesati.com/rio-mare-tonno-olio-oliva-4x80-gr">
        <div style="background-image: url('https://cdn.spesati.com/images/products/000116471/rio-mare-tonno-allolio-di-oliva-4-x-80-g-01.png')">
            <div class="hover"></div>
            <p class="arrow bgRed white">Best Seller</p>
            <div class="stickers"></div>
        </div>
    </a>
    <div>
        <h4><a href="https://www.spesati.com/rio-mare-tonno-olio-oliva-4x80-gr"><b>Rio Mare Tonno Olio Oliva 4x80 Gr</b></a></h4>
        <p class="description">Rio mare Tonno all'Olio di Oliva 4 x 80 g</p>
        <p class="right price"><b>6.09 €</b></p>
        <p class="right unitPrice">19.03 € per kg</p>
    </div>
    <div class="contButton">
    <a class="button bgRed white addToCart" href="#">Add</a>
</div>
</div><div class="left product prod71"
        data-name="Rio Mare Tonno Naturale Gr 80X3+1"
        data-price="5.99"
        data-id="5779"
        data-available="yes"
        data-category="4629"
        data-bestselling="">
    <a href="https://www.spesati.com/rio-mare-tonno-naturale-gr-80x31">
        <div style="background-image: url('https://cdn.spesati.com/images/products/000116470/rio-mare-tonno-al-naturale-4-x-80-g-01.png')">
            <div class="hover"></div>
            
            <div class="stickers"></div>
        </div>
    </a>
    <div>
        <h4><a href="https://www.spesati.com/rio-mare-tonno-naturale-gr-80x31"><b>Rio Mare Tonno Naturale Gr 80X3+1</b></a></h4>
        <p class="description">Rio mare Tonno al Naturale 4 x 80 g</p>
        <p class="right price"><b>5.99 €</b></p>
        <p class="right unitPrice">24.96 € per kg</p>
    </div>
    <div class="contButton">
    <a class="button bgRed white addToCart" href="#">Add</a>
</div>
</div><div class="left product prod72"
        data-name="Tonno Rio Mare O O 1kg"
        data-price="29.15"
        data-id="26444"
        data-available="yes"
        data-category="4629"
        data-bestselling="">
    <a href="https://www.spesati.com/tonno-rio-mare-o-o-1kg">
        <div style="background-image: url('https://cdn.spesati.com/images/products/000116469/rio-mare-tonno-allolio-di-oliva-1-kg-01.png')">
            <div class="hover"></div>
            
            <div class="stickers"></div>
        </div>
    </a>
    <div>
        <h4><a href="https://www.spesati.com/tonno-rio-mare-o-o-1kg"><b>Tonno Rio Mare O O 1kg</b></a></h4>
        <p class="description">Rio Mare Tonno all'Olio di Oliva 1 kg</p>
        <p class="right price"><b>29.15 €</b></p>
        <p class="right unitPrice">29.15 € per kg</p>
    </div>
    <div class="contButton">
    <a class="button bgRed white addToCart" href="#">Add</a>
</div>
</div><div class="left product prod73"
        data-name="Tonno Rio Mare Con Piselli 2X160Gr"
        data-price="5.19"
        data-id="6615"
        data-available="yes"
        data-category="4629"
        data-bestselling="">
    <a href="https://www.spesati.com/tonno-rio-mare-con-piselli-2x160gr">
        <div style="background-image: url('https://cdn.spesati.com/images/products/000116468/rio-mare-tonno-in-salsa-con-piselli-2-x-160-g-01.png')">
            <div class="hover"></div>
            
            <div class="stickers"></div>
        </div>
    </a>
    <div>
        <h4><a href="https://www.spesati.com/tonno-rio-mare-con-piselli-2x160gr"><b>Tonno Rio Mare Con Piselli 2X160Gr</b></a></h4>
        <p class="description">Rio mare Tonno in salsa con Piselli 2 x 160 g</p>
        <p class="right price"><b>5.19 €</b></p>
        <p class="right unitPrice">16.21 € per kg</p>
    </div>
    <div class="contButton">
    <a class="button bgRed white addToCart" href="#">Add</a>
</div>
</div><div class="left product prod74"
        data-name="Tonno Rio Mare Con Fagioli 2X160Gr"
        data-price="5.19"
        data-id="6616"
        data-available="yes"
        data-category="4629"
        data-bestselling="1">
    <a href="https://www.spesati.com/tonno-rio-mare-con-fagioli-2x160gr">
        <div style="background-image: url('https://cdn.spesati.com/images/products/000116466/rio-mare-tonno-in-salsa-con-fagioli-2-x-160-g-01.png')">
            <div class="hover"></div>
            <p class="arrow bgRed white">Best Seller</p>
            <div class="stickers"></div>
        </div>
    </a>
    <div>
        <h4><a href="https://www.spesati.com/tonno-rio-mare-con-fagioli-2x160gr"><b>Tonno Rio Mare Con Fagioli 2X160Gr</b></a></h4>
        <p class="description">Rio mare Tonno in salsa con Fagioli 2 x 160 g</p>
        <p class="right price"><b>5.19 €</b></p>
        <p class="right unitPrice">16.21 € per kg</p>
    </div>
    <div class="contButton">
    <a class="button bgRed white addToCart" href="#">Add</a>
</div>
</div><div class="left product prod75"
        data-name="Tonno Ol Oliva Donzela 1,730kg"
        data-price="23.78"
        data-id="26443"
        data-available="yes"
        data-category="4629"
        data-bestselling="">
    <a href="https://www.spesati.com/tonno-ol-oliva-donzela-1730kg">
        <div style="background-image: url('https://cdn.spesati.com/images/products/000116465/donzela-tonno-allolio-di-oliva-1730-g-01.png')">
            <div class="hover"></div>
            
            <div class="stickers"></div>
        </div>
    </a>
    <div>
        <h4><a href="https://www.spesati.com/tonno-ol-oliva-donzela-1730kg"><b>Tonno Ol Oliva Donzela 1,730kg</b></a></h4>
        <p class="description">Donzela Tonno all'Olio di Oliva 1730 g</p>
        <p class="right price"><b>23.78 €</b></p>
        <p class="right unitPrice">13.75 € per kg</p>
    </div>
    <div class="contButton">
    <a class="button bgRed white addToCart" href="#">Add</a>
</div>
</div><div class="left product prod76"
        data-name="Tonno Consorcio O Oliva 111g"
        data-price="4.79"
        data-id="26442"
        data-available="yes"
        data-category="4629"
        data-bestselling="">
    <a href="https://www.spesati.com/tonno-consorcio-o-oliva-111g">
        <div style="background-image: url('https://cdn.spesati.com/images/products/000116463/consorcio-tonno-in-olio-di-oliva-111-g-01.png')">
            <div class="hover"></div>
            
            <div class="stickers"></div>
        </div>
    </a>
    <div>
        <h4><a href="https://www.spesati.com/tonno-consorcio-o-oliva-111g"><b>Tonno Consorcio O Oliva 111g</b></a></h4>
        <p class="description">Consorcio Tonno in olio di oliva 111 g</p>
        <p class="right price"><b>4.79 €</b></p>
        <p class="right unitPrice">43.15 € per kg</p>
    </div>
    <div class="contButton">
    <a class="button bgRed white addToCart" href="#">Add</a>
</div>
</div><div class="left product prod77"
        data-name="Tonno Palmera O O 2x160gr"
        data-price="7.25"
        data-id="5777"
        data-available="yes"
        data-category="4629"
        data-bestselling="1">
    <a href="https://www.spesati.com/tonno-palmera-o-o-2x160gr">
        <div style="background-image: url('https://cdn.spesati.com/images/products/000116459/palmera-tonno-allolio-di-oliva-3-x-160-g-01.png')">
            <div class="hover"></div>
            <p class="arrow bgRed white">Best Seller</p>
            <div class="stickers"></div>
        </div>
    </a>
    <div>
        <h4><a href="https://www.spesati.com/tonno-palmera-o-o-2x160gr"><b>Tonno Palmera O O 2x160gr</b></a></h4>
        <p class="description">Palmera Tonno all'Olio di Oliva 3 x 160 g</p>
        <p class="right price"><b>7.25 €</b></p>
        <p class="right unitPrice">15.10 € per kg</p>
    </div>
    <div class="contButton">
    <a class="button bgRed white addToCart" href="#">Add</a>
</div>
</div><div class="left product prod78"
        data-name="Sgombro Rio Mare Olio Di Oliva 125Gr"
        data-price="3.25"
        data-id="6673"
        data-available="yes"
        data-category="4629"
        data-bestselling="">
    <a href="https://www.spesati.com/sgombro-rio-mare-olio-di-oliva-125gr">
        <div style="background-image: url('https://cdn.spesati.com/images/products/000116457/rio-mare-filetti-di-sgombro-allolio-di-oliva-125-g-01.png')">
            <div class="hover"></div>
            
            <div class="stickers"></div>
        </div>
    </a>
    <div>
        <h4><a href="https://www.spesati.com/sgombro-rio-mare-olio-di-oliva-125gr"><b>Sgombro Rio Mare Olio Di Oliva 125Gr</b></a></h4>
        <p class="description">Rio Mare Filetti di Sgombro all'Olio di Oliva 125 g</p>
        <p class="right price"><b>3.25 €</b></p>
        <p class="right unitPrice">26.00 € per kg</p>
    </div>
    <div class="contButton">
    <a class="button bgRed white addToCart" href="#">Add</a>
</div>
</div><div class="left product prod79"
        data-name="Fil Tonno Rio Mare Extrav 180g"
        data-price="7.19"
        data-id="26426"
        data-available="yes"
        data-category="4629"
        data-bestselling="">
    <a href="https://www.spesati.com/fil-tonno-rio-mare-extrav-180g">
        <div style="background-image: url('https://cdn.spesati.com/images/products/000116388/rio-mare-filetti-di-tonno-allolio-extra-vergine-di-oliva-180-g-01.png')">
            <div class="hover"></div>
            
            <div class="stickers"></div>
        </div>
    </a>
    <div>
        <h4><a href="https://www.spesati.com/fil-tonno-rio-mare-extrav-180g"><b>Fil Tonno Rio Mare Extrav 180g</b></a></h4>
        <p class="description">Rio mare Filetti di Tonno all'Olio Extra Vergine di Oliva 180 g</p>
        <p class="right price"><b>7.19 €</b></p>
        <p class="right unitPrice">39.94 € per kg</p>
    </div>
    <div class="contButton">
    <a class="button bgRed white addToCart" href="#">Add</a>
</div>
</div><div class="left product prod80"
        data-name="Mais Valfrutta C-vap 3+1x140gr"
        data-price="4.55"
        data-id="26404"
        data-available="yes"
        data-category="1534"
        data-bestselling="3">
    <a href="https://www.spesati.com/mais-valfrutta-c-vap-31x140gr">
        <div style="background-image: url('https://cdn.spesati.com/images/products/000116328/valfrutta-mais-cotto-a-vapore-4-x-160-g-01.png')">
            <div class="hover"></div>
            <p class="arrow bgRed white">Best Seller</p>
            <div class="stickers"></div>
        </div>
    </a>
    <div>
        <h4><a href="https://www.spesati.com/mais-valfrutta-c-vap-31x140gr"><b>Mais Valfrutta C-vap 3+1x140gr</b></a></h4>
        <p class="description">Valfrutta Mais Cotto a vapore 4 x 160 g</p>
        <p class="right price"><b>4.55 €</b></p>
        <p class="right unitPrice">8.13 € per kg</p>
    </div>
    <div class="contButton">
    <a class="button bgRed white addToCart" href="#">Add</a>
</div>
</div><div class="left product prod81"
        data-name="Fagiol Valfrutt Borlott 3x400g"
        data-price="3.45"
        data-id="26397"
        data-available="yes"
        data-category="431"
        data-bestselling="3">
    <a href="https://www.spesati.com/fagiol-valfrutt-borlott-3x400g">
        <div style="background-image: url('https://cdn.spesati.com/images/products/000116304/valfrutta-borlotti-3-x-400-g-01.png')">
            <div class="hover"></div>
            <p class="arrow bgRed white">Best Seller</p>
            <div class="stickers"></div>
        </div>
    </a>
    <div>
        <h4><a href="https://www.spesati.com/fagiol-valfrutt-borlott-3x400g"><b>Fagiol Valfrutt Borlott 3x400g</b></a></h4>
        <p class="description">Valfrutta Borlotti 3 x 400 g</p>
        <p class="right price"><b>3.45 €</b></p>
        <p class="right unitPrice">2.87 € per kg</p>
    </div>
    <div class="contButton">
    <a class="button bgRed white addToCart" href="#">Add</a>
</div>
</div><div class="left product prod82"
        data-name="Fagiol Valfrutt Bianchi 3x400g"
        data-price="3.45"
        data-id="26396"
        data-available="yes"
        data-category="431"
        data-bestselling="1">
    <a href="https://www.spesati.com/fagiol-valfrutt-bianchi-3x400g">
        <div style="background-image: url('https://cdn.spesati.com/images/products/000116303/valfrutta-bianchi-di-spagna-3-x-400-g-01.png')">
            <div class="hover"></div>
            <p class="arrow bgRed white">Best Seller</p>
            <div class="stickers"></div>
        </div>
    </a>
    <div>
        <h4><a href="https://www.spesati.com/fagiol-valfrutt-bianchi-3x400g"><b>Fagiol Valfrutt Bianchi 3x400g</b></a></h4>
        <p class="description">Valfrutta Bianchi di Spagna 3 x 400 g</p>
        <p class="right price"><b>3.45 €</b></p>
        <p class="right unitPrice">2.87 € per kg</p>
    </div>
    <div class="contButton">
    <a class="button bgRed white addToCart" href="#">Add</a>
</div>
</div><div class="left product prod83"
        data-name="Peperoni Ponti Peperliz 370gr"
        data-price="3.45"
        data-id="26387"
        data-available="yes"
        data-category="6668"
        data-bestselling="">
    <a href="https://www.spesati.com/peperoni-ponti-peperliz-370gr">
        <div style="background-image: url('https://cdn.spesati.com/images/products/000116264/ponti-peperlizia-peperoni-350-g-01.png')">
            <div class="hover"></div>
            
            <div class="stickers"></div>
        </div>
    </a>
    <div>
        <h4><a href="https://www.spesati.com/peperoni-ponti-peperliz-370gr"><b>Peperoni Ponti Peperliz 370gr</b></a></h4>
        <p class="description">Ponti Peperlizia Peperoni 350 g</p>
        <p class="right price"><b>3.45 €</b></p>
        <p class="right unitPrice">9.33 € per kg</p>
    </div>
    <div class="contButton">
    <a class="button bgRed white addToCart" href="#">Add</a>
</div>
</div><div class="left product prod84"
        data-name="Rio Mare Sardine Olio di Oliva"
        data-price="2.39"
        data-id="4243"
        data-available="yes"
        data-category="4629"
        data-bestselling="">
    <a href="https://www.spesati.com/rio-mare-sardine-olio-di-oliva">
        <div style="background-image: url('https://cdn.spesati.com/images/products/000116242/rio-mare-sardine-allolio-di-oliva-120-g-01.png')">
            <div class="hover"></div>
            
            <div class="stickers"></div>
        </div>
    </a>
    <div>
        <h4><a href="https://www.spesati.com/rio-mare-sardine-olio-di-oliva"><b>Rio Mare Sardine Olio di Oliva</b></a></h4>
        <p class="description">Rio Mare Sardine all'Olio di Oliva 120 g</p>
        <p class="right price"><b>2.39 €</b></p>
        <p class="right unitPrice">19.92 € per kg</p>
    </div>
    <div class="contButton">
    <a class="button bgRed white addToCart" href="#">Add</a>
</div>
</div><div class="left product prod85"
        data-name="Fagiol Valfrutt Cannell 3x400g"
        data-price="3.45"
        data-id="26357"
        data-available="yes"
        data-category="431"
        data-bestselling="">
    <a href="https://www.spesati.com/fagiol-valfrutt-cannell-3x400g">
        <div style="background-image: url('https://cdn.spesati.com/images/products/000115999/valfrutta-cannellini-3-x-400-g-01.png')">
            <div class="hover"></div>
            
            <div class="stickers"></div>
        </div>
    </a>
    <div>
        <h4><a href="https://www.spesati.com/fagiol-valfrutt-cannell-3x400g"><b>Fagiol Valfrutt Cannell 3x400g</b></a></h4>
        <p class="description">Valfrutta Cannellini 3 x 400 g</p>
        <p class="right price"><b>3.45 €</b></p>
        <p class="right unitPrice">2.87 € per kg</p>
    </div>
    <div class="contButton">
    <a class="button bgRed white addToCart" href="#">Add</a>
</div>
</div><div class="left product prod86"
        data-name="Copar Olive Scabecciu Vaso"
        data-price="3.69"
        data-id="1930"
        data-available="yes"
        data-category="5760"
        data-bestselling="">
    <a href="https://www.spesati.com/copar-olive-scabecciu-vaso">
        <div style="background-image: url('https://cdn.spesati.com/images/products/000115951/copar-olive-verdi-condite-a-scabecciu-500-g-01.png')">
            <div class="hover"></div>
            
            <div class="stickers"></div>
        </div>
    </a>
    <div>
        <h4><a href="https://www.spesati.com/copar-olive-scabecciu-vaso"><b>Copar Olive Scabecciu Vaso</b></a></h4>
        <p class="description">Copar Olive Verdi Condite a Scabecciu 500 g</p>
        <p class="right price"><b>3.69 €</b></p>
        <p class="right unitPrice">12.30 € per kg</p>
    </div>
    <div class="contButton">
    <a class="button bgRed white addToCart" href="#">Add</a>
</div>
</div><div class="left product prod87"
        data-name="Saclagrigliati Peperoni"
        data-price="3.69"
        data-id="4278"
        data-available="yes"
        data-category="422"
        data-bestselling="">
    <a href="https://www.spesati.com/saclagrigliati-peperoni">
        <div style="background-image: url('https://cdn.spesati.com/images/products/000115770/sacla-specialita-peperoni-grigliati-290-g-01.png')">
            <div class="hover"></div>
            
            <div class="stickers"></div>
        </div>
    </a>
    <div>
        <h4><a href="https://www.spesati.com/saclagrigliati-peperoni"><b>Saclagrigliati Peperoni</b></a></h4>
        <p class="description">Saclà Specialità Peperoni Grigliati 290 g</p>
        <p class="right price"><b>3.69 €</b></p>
        <p class="right unitPrice">12.73 € per kg</p>
    </div>
    <div class="contButton">
    <a class="button bgRed white addToCart" href="#">Add</a>
</div>
</div><div class="left product prod88"
        data-name="Olive Salam. Copar Vaset 300gr"
        data-price="3.39"
        data-id="26316"
        data-available="yes"
        data-category="5760"
        data-bestselling="1">
    <a href="https://www.spesati.com/olive-salam-copar-vaset-300gr">
        <div style="background-image: url('https://cdn.spesati.com/images/products/000115596/copar-olive-verdi-in-salamoia-500-g-01.png')">
            <div class="hover"></div>
            <p class="arrow bgRed white">Best Seller</p>
            <div class="stickers"></div>
        </div>
    </a>
    <div>
        <h4><a href="https://www.spesati.com/olive-salam-copar-vaset-300gr"><b>Olive Salam. Copar Vaset 300gr</b></a></h4>
        <p class="description">Copar Olive Verdi in Salamoia 500 g</p>
        <p class="right price"><b>3.39 €</b></p>
        <p class="right unitPrice">11.30 € per kg</p>
    </div>
    <div class="contButton">
    <a class="button bgRed white addToCart" href="#">Add</a>
</div>
</div><div class="left product prod89"
        data-name="Copar Olive Secchiello Sgocciolate"
        data-price="7.25"
        data-id="1931"
        data-available="yes"
        data-category="5760"
        data-bestselling="">
    <a href="https://www.spesati.com/copar-olive-secchiello-sgocciolate">
        <div style="background-image: url('https://cdn.spesati.com/images/products/000115595/copar-olive-verdi-in-salamoia-1500-g-01.png')">
            <div class="hover"></div>
            
            <div class="stickers"></div>
        </div>
    </a>
    <div>
        <h4><a href="https://www.spesati.com/copar-olive-secchiello-sgocciolate"><b>Copar Olive Secchiello Sgocciolate</b></a></h4>
        <p class="description">Copar Olive Verdi in Salamoia 1500 g</p>
        <p class="right price"><b>7.25 €</b></p>
        <p class="right unitPrice">8.06 € per kg</p>
    </div>
    <div class="contButton">
    <a class="button bgRed white addToCart" href="#">Add</a>
</div>
</div><div class="left product prod90"
        data-name="Olive Nere Rondelle Iposea Kg3"
        data-price="13.70"
        data-id="26306"
        data-available="yes"
        data-category="5760"
        data-bestselling="">
    <a href="https://www.spesati.com/olive-nere-rondelle-iposea-kg3">
        <div style="background-image: url('https://cdn.spesati.com/images/products/000115568/iposea-food-service-olive-nere-a-rondelle-in-salamoia-3000-g-01.png')">
            <div class="hover"></div>
            
            <div class="stickers"></div>
        </div>
    </a>
    <div>
        <h4><a href="https://www.spesati.com/olive-nere-rondelle-iposea-kg3"><b>Olive Nere Rondelle Iposea Kg3</b></a></h4>
        <p class="description">Iposea Food Service Olive Nere a rondelle in salamoia 3000 g</p>
        <p class="right price"><b>13.70 €</b></p>
        <p class="right unitPrice">4.57 € per kg</p>
    </div>
    <div class="contButton">
    <a class="button bgRed white addToCart" href="#">Add</a>
</div>
</div><div class="left product prod91"
        data-name="Pate' Olive Taggiasche 500gr"
        data-price="9.61"
        data-id="26302"
        data-available="yes"
        data-category="5760"
        data-bestselling="">
    <a href="https://www.spesati.com/pate-olive-taggiasche-500gr">
        <div style="background-image: url('https://cdn.spesati.com/images/products/000115537/venturino-bartolomeo-pate-di-olive-taggiasche-180-g-01.png')">
            <div class="hover"></div>
            
            <div class="stickers"></div>
        </div>
    </a>
    <div>
        <h4><a href="https://www.spesati.com/pate-olive-taggiasche-500gr"><b>Pate' Olive Taggiasche 500gr</b></a></h4>
        <p class="description">Venturino Bartolomeo Paté di Olive Taggiasche 180 g</p>
        <p class="right price"><b>9.61 €</b></p>
        <p class="right unitPrice">19.23 € per kg</p>
    </div>
    <div class="contButton">
    <a class="button bgRed white addToCart" href="#">Add</a>
</div>
</div><div class="left product prod92"
        data-name="Sacla Olipak Olive Snocciolate"
        data-price="0.99"
        data-id="1949"
        data-available="yes"
        data-category="5760"
        data-bestselling="">
    <a href="https://www.spesati.com/sacla-olipak-olive-snocciolate">
        <div style="background-image: url('https://cdn.spesati.com/images/products/000115520/sacla-olivoli-verdi-snocciolate-185-g-01.png')">
            <div class="hover"></div>
            
            <div class="stickers"></div>
        </div>
    </a>
    <div>
        <h4><a href="https://www.spesati.com/sacla-olipak-olive-snocciolate"><b>Sacla Olipak Olive Snocciolate</b></a></h4>
        <p class="description">Saclà OlivOlì Verdi Snocciolate 185 g</p>
        <p class="right price"><b>0.99 €</b></p>
        <p class="right unitPrice">5.35 € per kg</p>
    </div>
    <div class="contButton">
    <a class="button bgRed white addToCart" href="#">Add</a>
</div>
</div><div class="left product prod93"
        data-name="Olive Verdi Sacla Snocciolate 290Gr"
        data-price="2.08"
        data-id="5781"
        data-available="yes"
        data-category="5760"
        data-bestselling="2">
    <a href="https://www.spesati.com/olive-verdi-sacla-snocciolate-290gr">
        <div style="background-image: url('https://cdn.spesati.com/images/products/000115515/sacla-olivoli-snocciolate-290-g-01.png')">
            <div class="hover"></div>
            <p class="arrow bgRed white">Best Seller</p>
            <div class="stickers"></div>
        </div>
    </a>
    <div>
        <h4><a href="https://www.spesati.com/olive-verdi-sacla-snocciolate-290gr"><b>Olive Verdi Sacla Snocciolate 290Gr</b></a></h4>
        <p class="description">Saclà OlivOlì Snocciolate 290 g</p>
        <p class="right price"><b>2.08 €</b></p>
        <p class="right unitPrice">7.18 € per kg</p>
    </div>
    <div class="contButton">
    <a class="button bgRed white addToCart" href="#">Add</a>
</div>
</div><div class="left product prod94"
        data-name="Secchi Olive Salamoia Busta"
        data-price="3.29"
        data-id="1950"
        data-available="yes"
        data-category="5760"
        data-bestselling="">
    <a href="https://www.spesati.com/secchi-olive-salamoia-busta">
        <div style="background-image: url('https://cdn.spesati.com/images/products/000115511/oleificio-secchi-olive-verdi-in-salamoia-925-g-01.png')">
            <div class="hover"></div>
            
            <div class="stickers"></div>
        </div>
    </a>
    <div>
        <h4><a href="https://www.spesati.com/secchi-olive-salamoia-busta"><b>Secchi Olive Salamoia Busta</b></a></h4>
        <p class="description">Oleificio Secchi Olive Verdi in salamoia 925 g</p>
        <p class="right price"><b>3.29 €</b></p>
        <p class="right unitPrice">6.58 € per kg</p>
    </div>
    <div class="contButton">
    <a class="button bgRed white addToCart" href="#">Add</a>
</div>
</div><div class="left product prod95"
        data-name="olive nere snocciolate alisa"
        data-price="1.99"
        data-id="1943"
        data-available="yes"
        data-category="5760"
        data-bestselling="5">
    <a href="https://www.spesati.com/olive-nere-snocciolate-alisa">
        <div style="background-image: url('https://cdn.spesati.com/images/products/000115502/alisa-olive-nere-denocciolate-340-g-01.png')">
            <div class="hover"></div>
            <p class="arrow bgRed white">Best Seller</p>
            <div class="stickers"></div>
        </div>
    </a>
    <div>
        <h4><a href="https://www.spesati.com/olive-nere-snocciolate-alisa"><b>olive nere snocciolate alisa</b></a></h4>
        <p class="description">Alisa Olive Nere Denocciolate 340 g</p>
        <p class="right price"><b>1.99 €</b></p>
        <p class="right unitPrice">5.69 € per kg</p>
    </div>
    <div class="contButton">
    <a class="button bgRed white addToCart" href="#">Add</a>
</div>
</div><div class="left product prod96"
        data-name="Alisa Olive Nere Intere"
        data-price="1.99"
        data-id="1926"
        data-available="yes"
        data-category="5760"
        data-bestselling="">
    <a href="https://www.spesati.com/alisa-olive-nere-intere">
        <div style="background-image: url('https://cdn.spesati.com/images/products/000115500/alisa-olive-nere-intere-425-g-01.png')">
            <div class="hover"></div>
            
            <div class="stickers"></div>
        </div>
    </a>
    <div>
        <h4><a href="https://www.spesati.com/alisa-olive-nere-intere"><b>Alisa Olive Nere Intere</b></a></h4>
        <p class="description">Alisa Olive nere intere 425 g</p>
        <p class="right price"><b>1.99 €</b></p>
        <p class="right unitPrice">4.68 € per kg</p>
    </div>
    <div class="contButton">
    <a class="button bgRed white addToCart" href="#">Add</a>
</div>
</div><div class="left product prod97"
        data-name="Valfrutta Mais Dolce Gr 326"
        data-price="1.98"
        data-id="4971"
        data-available="yes"
        data-category="1534"
        data-bestselling="">
    <a href="https://www.spesati.com/valfrutta-mais-dolce-gr-326">
        <div style="background-image: url('https://cdn.spesati.com/images/products/000115163/valfrutta-mais-cotto-a-vapore-326-g-01.png')">
            <div class="hover"></div>
            
            <div class="stickers"></div>
        </div>
    </a>
    <div>
        <h4><a href="https://www.spesati.com/valfrutta-mais-dolce-gr-326"><b>Valfrutta Mais Dolce Gr 326</b></a></h4>
        <p class="description">Valfrutta Mais Cotto a vapore 326 g</p>
        <p class="right price"><b>1.98 €</b></p>
        <p class="right unitPrice">6.06 € per kg</p>
    </div>
    <div class="contButton">
    <a class="button bgRed white addToCart" href="#">Add</a>
</div>
</div><div class="left product prod98"
        data-name="Verdure Ponti Peperlizia 370gr"
        data-price="2.39"
        data-id="26184"
        data-available="yes"
        data-category="431"
        data-bestselling="">
    <a href="https://www.spesati.com/verdure-ponti-peperlizia-370gr">
        <div style="background-image: url('https://cdn.spesati.com/images/products/000115035/ponti-peperlizia-verdure-giardiniera-premium-350-g-01.png')">
            <div class="hover"></div>
            
            <div class="stickers"></div>
        </div>
    </a>
    <div>
        <h4><a href="https://www.spesati.com/verdure-ponti-peperlizia-370gr"><b>Verdure Ponti Peperlizia 370gr</b></a></h4>
        <p class="description">Ponti Peperlizia Verdure Giardiniera Premium 350 g</p>
        <p class="right price"><b>2.39 €</b></p>
        <p class="right unitPrice">6.46 € per kg</p>
    </div>
    <div class="contButton">
    <a class="button bgRed white addToCart" href="#">Add</a>
</div>
</div><div class="left product prod99"
        data-name="Ponti Peperlizia Insalata Per Riso Light Senza Olio"
        data-price="2.99"
        data-id="2877"
        data-available="yes"
        data-category="422"
        data-bestselling="">
    <a href="https://www.spesati.com/ponti-peperlizia-insalata-per-riso-light-senza-olio">
        <div style="background-image: url('https://cdn.spesati.com/images/products/000115033/ponti-peperlizia-insalata-per-riso-light-senza-olio-350-g-01.png')">
            <div class="hover"></div>
            
            <div class="stickers"></div>
        </div>
    </a>
    <div>
        <h4><a href="https://www.spesati.com/ponti-peperlizia-insalata-per-riso-light-senza-olio"><b>Ponti Peperlizia Insalata Per Riso Light Senza Olio</b></a></h4>
        <p class="description">Ponti Peperlizia Insalata per Riso Light Senza Olio 350 g</p>
        <p class="right price"><b>2.99 €</b></p>
        <p class="right unitPrice">8.09 € per kg</p>
    </div>
    <div class="contButton">
    <a class="button bgRed white addToCart" href="#">Add</a>
</div>
</div><div class="left product prod100"
        data-name="Ponti Peperlizia Insalata Per Riso"
        data-price="3.49"
        data-id="2876"
        data-available="yes"
        data-category="422"
        data-bestselling="">
    <a href="https://www.spesati.com/ponti-peperlizia-insalata-per-riso">
        <div style="background-image: url('https://cdn.spesati.com/images/products/000115032/ponti-peperlizia-insalata-per-riso-il-gusto-dellestate-350-g-01.png')">
            <div class="hover"></div>
            
            <div class="stickers"></div>
        </div>
    </a>
    <div>
        <h4><a href="https://www.spesati.com/ponti-peperlizia-insalata-per-riso"><b>Ponti Peperlizia Insalata Per Riso</b></a></h4>
        <p class="description">Ponti Peperlizia Insalata per Riso il Gusto dell'Estate 350 g</p>
        <p class="right price"><b>3.49 €</b></p>
        <p class="right unitPrice">9.98 € per kg</p>
    </div>
    <div class="contButton">
    <a class="button bgRed white addToCart" href="#">Add</a>
</div>
</div><div class="left product prod101"
        data-name="Cipoll. Boret. Kg 2.650 Iposea"
        data-price="13.17"
        data-id="26182"
        data-available="yes"
        data-category="6655"
        data-bestselling="">
    <a href="https://www.spesati.com/cipoll-boret-kg-2650-iposea">
        <div style="background-image: url('https://cdn.spesati.com/images/products/000115019/iposea-food-service-cipolline-borettane-in-agrodolce-2500-g-01.png')">
            <div class="hover"></div>
            
            <div class="stickers"></div>
        </div>
    </a>
    <div>
        <h4><a href="https://www.spesati.com/cipoll-boret-kg-2650-iposea"><b>Cipoll. Boret. Kg 2.650 Iposea</b></a></h4>
        <p class="description">Iposea Food Service Cipolline borettane in agrodolce 2500 g</p>
        <p class="right price"><b>13.17 €</b></p>
        <p class="right unitPrice">4.97 € per litre</p>
    </div>
    <div class="contButton">
    <a class="button bgRed white addToCart" href="#">Add</a>
</div>
</div><div class="left product prod102"
        data-name="Sacla Giardiniera Acetelli 290 Gr"
        data-price="1.93"
        data-id="5791"
        data-available="yes"
        data-category="422"
        data-bestselling="">
    <a href="https://www.spesati.com/sacla-giardiniera-acetelli-290-gr">
        <div style="background-image: url('https://cdn.spesati.com/images/products/000115015/sacla-acetelli-giardiniera-290-g-01.png')">
            <div class="hover"></div>
            
            <div class="stickers"></div>
        </div>
    </a>
    <div>
        <h4><a href="https://www.spesati.com/sacla-giardiniera-acetelli-290-gr"><b>Sacla Giardiniera Acetelli 290 Gr</b></a></h4>
        <p class="description">Saclà Acetelli Giardiniera 290 g</p>
        <p class="right price"><b>1.93 €</b></p>
        <p class="right unitPrice">6.67 € per kg</p>
    </div>
    <div class="contButton">
    <a class="button bgRed white addToCart" href="#">Add</a>
</div>
</div><div class="left product prod103"
        data-name="Sacla Funghetti Olio 290 Gr"
        data-price="4.95"
        data-id="5792"
        data-available="yes"
        data-category="6653"
        data-bestselling="">
    <a href="https://www.spesati.com/sacla-funghetti-olio-290-gr">
        <div style="background-image: url('https://cdn.spesati.com/images/products/000114910/sacla-sottoli-funghetti-290-g-01.png')">
            <div class="hover"></div>
            
            <div class="stickers"></div>
        </div>
    </a>
    <div>
        <h4><a href="https://www.spesati.com/sacla-funghetti-olio-290-gr"><b>Sacla Funghetti Olio 290 Gr</b></a></h4>
        <p class="description">Saclà Sottolì Funghetti 290 g</p>
        <p class="right price"><b>4.95 €</b></p>
        <p class="right unitPrice">17.07 € per kg</p>
    </div>
    <div class="contButton">
    <a class="button bgRed white addToCart" href="#">Add</a>
</div>
</div><div class="left product prod104"
        data-name="Capperi Mezzan Sale Iposea 1kg"
        data-price="8.54"
        data-id="26122"
        data-available="yes"
        data-category="5760"
        data-bestselling="">
    <a href="https://www.spesati.com/capperi-mezzan-sale-iposea-1kg">
        <div style="background-image: url('https://cdn.spesati.com/images/products/000114744/iposea-capperi-mezzanella-al-sale-1000-g-01.png')">
            <div class="hover"></div>
            
            <div class="stickers"></div>
        </div>
    </a>
    <div>
        <h4><a href="https://www.spesati.com/capperi-mezzan-sale-iposea-1kg"><b>Capperi Mezzan Sale Iposea 1kg</b></a></h4>
        <p class="description">Iposea Capperi mezzanella al sale 1000 g</p>
        <p class="right price"><b>8.54 €</b></p>
        <p class="right unitPrice">8.55 € per kg</p>
    </div>
    <div class="contButton">
    <a class="button bgRed white addToCart" href="#">Add</a>
</div>
</div><div class="left product prod105"
        data-name="Sacla Condiriso Classico 290Grx2"
        data-price="6.40"
        data-id="6092"
        data-available="yes"
        data-category="422"
        data-bestselling="">
    <a href="https://www.spesati.com/sacla-condiriso-classico-290grx2">
        <div style="background-image: url('https://cdn.spesati.com/images/products/000114586/sacla-condiverde-riso-classico-2-x-290-g-01.png')">
            <div class="hover"></div>
            
            <div class="stickers"></div>
        </div>
    </a>
    <div>
        <h4><a href="https://www.spesati.com/sacla-condiriso-classico-290grx2"><b>Sacla Condiriso Classico 290Grx2</b></a></h4>
        <p class="description">Saclà Condiverde Riso Classico 2 x 290 g</p>
        <p class="right price"><b>6.40 €</b></p>
        <p class="right unitPrice">11.19 € per kg</p>
    </div>
    <div class="contButton">
    <a class="button bgRed white addToCart" href="#">Add</a>
</div>
</div><div class="left product prod106"
        data-name="Funghi Ponti Pizzaiola 190gr"
        data-price="3.15"
        data-id="26094"
        data-available="yes"
        data-category="6653"
        data-bestselling="">
    <a href="https://www.spesati.com/funghi-ponti-pizzaiola-190gr">
        <div style="background-image: url('https://cdn.spesati.com/images/products/000114543/ponti-funghi-alla-pizzaiola-190-g-01.png')">
            <div class="hover"></div>
            
            <div class="stickers"></div>
        </div>
    </a>
    <div>
        <h4><a href="https://www.spesati.com/funghi-ponti-pizzaiola-190gr"><b>Funghi Ponti Pizzaiola 190gr</b></a></h4>
        <p class="description">Ponti Funghi alla Pizzaiola 190 g</p>
        <p class="right price"><b>3.15 €</b></p>
        <p class="right unitPrice">16.58 € per kg</p>
    </div>
    <div class="contButton">
    <a class="button bgRed white addToCart" href="#">Add</a>
</div>
</div><div class="left product prod107"
        data-name="Funghi Berni Tris Trifolati 314Gr"
        data-price="5.82"
        data-id="6628"
        data-available="yes"
        data-category="6653"
        data-bestselling="">
    <a href="https://www.spesati.com/funghi-berni-tris-trifolati-314gr">
        <div style="background-image: url('https://cdn.spesati.com/images/products/000114542/berni-tris-di-funghi-trifolati-sottolio-290-g-01.png')">
            <div class="hover"></div>
            
            <div class="stickers"></div>
        </div>
    </a>
    <div>
        <h4><a href="https://www.spesati.com/funghi-berni-tris-trifolati-314gr"><b>Funghi Berni Tris Trifolati 314Gr</b></a></h4>
        <p class="description">Berni Tris di funghi trifolati sottolio 290 g</p>
        <p class="right price"><b>5.82 €</b></p>
        <p class="right unitPrice">18.54 € per kg</p>
    </div>
    <div class="contButton">
    <a class="button bgRed white addToCart" href="#">Add</a>
</div>
</div><div class="left product prod108"
        data-name="Carciofini Ponti Tagliati 190gr"
        data-price="4.23"
        data-id="26093"
        data-available="yes"
        data-category="6570"
        data-bestselling="">
    <a href="https://www.spesati.com/carciofini-ponti-tagliati-190gr">
        <div style="background-image: url('https://cdn.spesati.com/images/products/000114541/ponti-spicchi-di-carciofini-sottolio-190-g-01.png')">
            <div class="hover"></div>
            
            <div class="stickers"></div>
        </div>
    </a>
    <div>
        <h4><a href="https://www.spesati.com/carciofini-ponti-tagliati-190gr"><b>Carciofini Ponti Tagliati 190gr</b></a></h4>
        <p class="description">Ponti Spicchi di Carciofini Sottolio 190 g</p>
        <p class="right price"><b>4.23 €</b></p>
        <p class="right unitPrice">22.26 € per kg</p>
    </div>
    <div class="contButton">
    <a class="button bgRed white addToCart" href="#">Add</a>
</div>
</div><div class="left product prod109"
        data-name="Funghi Berni Champignon 314Gr"
        data-price="3.86"
        data-id="6597"
        data-available="yes"
        data-category="6653"
        data-bestselling="">
    <a href="https://www.spesati.com/funghi-berni-champignon-314gr">
        <div style="background-image: url('https://cdn.spesati.com/images/products/000114536/berni-funghi-champignon-sottolio-290-g-01.png')">
            <div class="hover"></div>
            
            <div class="stickers"></div>
        </div>
    </a>
    <div>
        <h4><a href="https://www.spesati.com/funghi-berni-champignon-314gr"><b>Funghi Berni Champignon 314Gr</b></a></h4>
        <p class="description">Berni Funghi Champignon sottolio 290 g</p>
        <p class="right price"><b>3.86 €</b></p>
        <p class="right unitPrice">12.30 € per kg</p>
    </div>
    <div class="contButton">
    <a class="button bgRed white addToCart" href="#">Add</a>
</div>
</div><div class="left product prod110"
        data-name="Cipolline Borettane Berni 314Gr"
        data-price="2.35"
        data-id="6515"
        data-available="yes"
        data-category="6655"
        data-bestselling="">
    <a href="https://www.spesati.com/cipolline-borettane-berni-314gr">
        <div style="background-image: url('https://cdn.spesati.com/images/products/000114535/berni-cipolline-borettane-in-agrodolce-305-g-01.png')">
            <div class="hover"></div>
            
            <div class="stickers"></div>
        </div>
    </a>
    <div>
        <h4><a href="https://www.spesati.com/cipolline-borettane-berni-314gr"><b>Cipolline Borettane Berni 314Gr</b></a></h4>
        <p class="description">Berni Cipolline Borettane in agrodolce 305 g</p>
        <p class="right price"><b>2.35 €</b></p>
        <p class="right unitPrice">7.48 € per kg</p>
    </div>
    <div class="contButton">
    <a class="button bgRed white addToCart" href="#">Add</a>
</div>
</div><div class="left product prod111"
        data-name="Cipolline Ponti Peperlizia 370Gr"
        data-price="2.55"
        data-id="5787"
        data-available="yes"
        data-category="6655"
        data-bestselling="">
    <a href="https://www.spesati.com/cipolline-ponti-peperlizia-370gr">
        <div style="background-image: url('https://cdn.spesati.com/images/products/000114533/ponti-peperlizia-cipolline-350-g-01.png')">
            <div class="hover"></div>
            
            <div class="stickers"></div>
        </div>
    </a>
    <div>
        <h4><a href="https://www.spesati.com/cipolline-ponti-peperlizia-370gr"><b>Cipolline Ponti Peperlizia 370Gr</b></a></h4>
        <p class="description">Ponti Peperlizia Cipolline 350 g</p>
        <p class="right price"><b>2.55 €</b></p>
        <p class="right unitPrice">6.89 € per kg</p>
    </div>
    <div class="contButton">
    <a class="button bgRed white addToCart" href="#">Add</a>
</div>
</div><div class="left product prod112"
        data-name="Capperi Saclà Al Sale 65Gr"
        data-price="1.69"
        data-id="5783"
        data-available="yes"
        data-category="5760"
        data-bestselling="">
    <a href="https://www.spesati.com/capperi-sacla-al-sale-65gr">
        <div style="background-image: url('https://cdn.spesati.com/images/products/000114529/sacla-capperi-al-sale-marino-65-g-01.png')">
            <div class="hover"></div>
            
            <div class="stickers"></div>
        </div>
    </a>
    <div>
        <h4><a href="https://www.spesati.com/capperi-sacla-al-sale-65gr"><b>Capperi Saclà Al Sale 65Gr</b></a></h4>
        <p class="description">Saclà Capperi al Sale Marino 65 g</p>
        <p class="right price"><b>1.69 €</b></p>
        <p class="right unitPrice">25.99 € per kg</p>
    </div>
    <div class="contButton">
    <a class="button bgRed white addToCart" href="#">Add</a>
</div>
</div><div class="left product prod113"
        data-name="Saclaolive Nere Snocciolate Senza Liquido"
        data-price="2.35"
        data-id="3771"
        data-available="yes"
        data-category="5760"
        data-bestselling="">
    <a href="https://www.spesati.com/saclaolive-nere-snocciolate-senza-liquido">
        <div style="background-image: url('https://cdn.spesati.com/images/products/000114527/sacla-olivoli-nere-snocciolate-135-g-01.png')">
            <div class="hover"></div>
            
            <div class="stickers"></div>
        </div>
    </a>
    <div>
        <h4><a href="https://www.spesati.com/saclaolive-nere-snocciolate-senza-liquido"><b>Saclaolive Nere Snocciolate Senza Liquido</b></a></h4>
        <p class="description">Saclà OlivOlì Nere Snocciolate 135 g</p>
        <p class="right price"><b>2.35 €</b></p>
        <p class="right unitPrice">17.40 € per kg</p>
    </div>
    <div class="contButton">
    <a class="button bgRed white addToCart" href="#">Add</a>
</div>
</div><div class="left product prod114"
        data-name="Cipollette Ponti Aceto Balsamico 370Gr"
        data-price="3.55"
        data-id="6805"
        data-available="yes"
        data-category="6655"
        data-bestselling="">
    <a href="https://www.spesati.com/cipollette-ponti-aceto-balsamico-370gr">
        <div style="background-image: url('https://cdn.spesati.com/images/products/000114523/ponti-peperlizia-cipollette-all-aceto-balsamico-di-modena-igp-350-g-01.png')">
            <div class="hover"></div>
            
            <div class="stickers"></div>
        </div>
    </a>
    <div>
        <h4><a href="https://www.spesati.com/cipollette-ponti-aceto-balsamico-370gr"><b>Cipollette Ponti Aceto Balsamico 370Gr</b></a></h4>
        <p class="description">Ponti Peperlizia Cipollette all' "Aceto Balsamico di Modena IGP" 350 g</p>
        <p class="right price"><b>3.55 €</b></p>
        <p class="right unitPrice">9.59 € per kg</p>
    </div>
    <div class="contButton">
    <a class="button bgRed white addToCart" href="#">Add</a>
</div>
</div><div class="left product prod115"
        data-name="Ponti Olive Nere Denocciolate"
        data-price="2.39"
        data-id="1947"
        data-available="yes"
        data-category="5760"
        data-bestselling="">
    <a href="https://www.spesati.com/ponti-olive-nere-denocciolate">
        <div style="background-image: url('https://cdn.spesati.com/images/products/000114522/ponti-olive-nere-snocciolate-400-g-01.png')">
            <div class="hover"></div>
            
            <div class="stickers"></div>
        </div>
    </a>
    <div>
        <h4><a href="https://www.spesati.com/ponti-olive-nere-denocciolate"><b>Ponti Olive Nere Denocciolate</b></a></h4>
        <p class="description">Ponti Olive Nere Snocciolate 400 g</p>
        <p class="right price"><b>2.39 €</b></p>
        <p class="right unitPrice">5.97 € per kg</p>
    </div>
    <div class="contButton">
    <a class="button bgRed white addToCart" href="#">Add</a>
</div>
</div><div class="left product prod116"
        data-name="Olive Ponti Nere Intere Salamoia"
        data-price="2.61"
        data-id="6400"
        data-available="yes"
        data-category="5760"
        data-bestselling="">
    <a href="https://www.spesati.com/olive-ponti-nere-intere-salamoia">
        <div style="background-image: url('https://cdn.spesati.com/images/products/000114521/ponti-olive-nere-intere-400-g-01.png')">
            <div class="hover"></div>
            
            <div class="stickers"></div>
        </div>
    </a>
    <div>
        <h4><a href="https://www.spesati.com/olive-ponti-nere-intere-salamoia"><b>Olive Ponti Nere Intere Salamoia</b></a></h4>
        <p class="description">Ponti Olive Nere Intere 400 g</p>
        <p class="right price"><b>2.61 €</b></p>
        <p class="right unitPrice">5.21 € per kg</p>
    </div>
    <div class="contButton">
    <a class="button bgRed white addToCart" href="#">Add</a>
</div>
</div><div class="left product prod117"
        data-name="Olive A Rondelle Sacla 85Gr"
        data-price="1.17"
        data-id="6932"
        data-available="yes"
        data-category="5760"
        data-bestselling="">
    <a href="https://www.spesati.com/olive-a-rondelle-sacla-85gr">
        <div style="background-image: url('https://cdn.spesati.com/images/products/000114513/sacla-olivoli-verdi-a-rondelle-185-g-01.png')">
            <div class="hover"></div>
            
            <div class="stickers"></div>
        </div>
    </a>
    <div>
        <h4><a href="https://www.spesati.com/olive-a-rondelle-sacla-85gr"><b>Olive A Rondelle Sacla 85Gr</b></a></h4>
        <p class="description">Saclà OlivOlì Verdi a Rondelle 185 g</p>
        <p class="right price"><b>1.17 €</b></p>
        <p class="right unitPrice">13.76 € per kg</p>
    </div>
    <div class="contButton">
    <a class="button bgRed white addToCart" href="#">Add</a>
</div>
</div><div class="left product prod118"
        data-name="Simmenthal Trippa Sugo"
        data-price="3.99"
        data-id="3877"
        data-available="yes"
        data-category="4628"
        data-bestselling="">
    <a href="https://www.spesati.com/simmenthal-trippa-sugo">
        <div style="background-image: url('https://cdn.spesati.com/images/products/000114440/simmenthal-6-x-90-g-01.png')">
            <div class="hover"></div>
            
            <div class="stickers"></div>
        </div>
    </a>
    <div>
        <h4><a href="https://www.spesati.com/simmenthal-trippa-sugo"><b>Simmenthal Trippa Sugo</b></a></h4>
        <p class="description">Simmenthal 6 x 90 g</p>
        <p class="right price"><b>3.99 €</b></p>
        <p class="right unitPrice">9.98 € per kg</p>
    </div>
    <div class="contButton">
    <a class="button bgRed white addToCart" href="#">Add</a>
</div>
</div><div class="left product prod119"
        data-name="Pomodori Secchi Saclà Olio 280 Gr"
        data-price="2.89"
        data-id="5788"
        data-available="yes"
        data-category="6703"
        data-bestselling="">
    <a href="https://www.spesati.com/pomodori-secchi-sacla-olio-280-gr">
        <div style="background-image: url('https://cdn.spesati.com/images/products/000114404/sacla-specialita-pomodori-secchi-280-g-01.png')">
            <div class="hover"></div>
            
            <div class="stickers"></div>
        </div>
    </a>
    <div>
        <h4><a href="https://www.spesati.com/pomodori-secchi-sacla-olio-280-gr"><b>Pomodori Secchi Saclà Olio 280 Gr</b></a></h4>
        <p class="description">Saclà Specialità Pomodori Secchi 280 g</p>
        <p class="right price"><b>2.89 €</b></p>
        <p class="right unitPrice">10.32 € per kg</p>
    </div>
    <div class="contButton">
    <a class="button bgRed white addToCart" href="#">Add</a>
</div>
</div><div class="left product prod120"
        data-name="Carne Simmenthal Lessata 90Gr"
        data-price="2.05"
        data-id="5546"
        data-available="yes"
        data-category="4628"
        data-bestselling="3">
    <a href="https://www.spesati.com/carne-simmenthal-lessata-90gr">
        <div style="background-image: url('https://cdn.spesati.com/images/products/000114377/simmenthal-3-x-140-g-01.png')">
            <div class="hover"></div>
            <p class="arrow bgRed white">Best Seller</p>
            <div class="stickers"></div>
        </div>
    </a>
    <div>
        <h4><a href="https://www.spesati.com/carne-simmenthal-lessata-90gr"><b>Carne Simmenthal Lessata 90Gr</b></a></h4>
        <p class="description">Simmenthal 3 x 140 g</p>
        <p class="right price"><b>2.05 €</b></p>
        <p class="right unitPrice">22.78 € per kg</p>
    </div>
    <div class="contButton">
    <a class="button bgRed white addToCart" href="#">Add</a>
</div>
</div><div class="left product prod121"
        data-name="Carne Simmenthal Lessata"
        data-price="8.35"
        data-id="5545"
        data-available="yes"
        data-category="4628"
        data-bestselling="1">
    <a href="https://www.spesati.com/carne-simmenthal-lessata">
        <div style="background-image: url('https://cdn.spesati.com/images/products/000114360/simmenthal-3-x-90-g-01.png')">
            <div class="hover"></div>
            <p class="arrow bgRed white">Best Seller</p>
            <div class="stickers"></div>
        </div>
    </a>
    <div>
        <h4><a href="https://www.spesati.com/carne-simmenthal-lessata"><b>Carne Simmenthal Lessata</b></a></h4>
        <p class="description">Simmenthal 3 x 90 g</p>
        <p class="right price"><b>8.35 €</b></p>
        <p class="right unitPrice">19.88 € per kg</p>
    </div>
    <div class="contButton">
    <a class="button bgRed white addToCart" href="#">Add</a>
</div>
</div><div class="left product prod122"
        data-name="Simmenthal Lessata 70x3"
        data-price="3.45"
        data-id="3876"
        data-available="yes"
        data-category="4628"
        data-bestselling="">
    <a href="https://www.spesati.com/simmenthal-lessata-70x3">
        <div style="background-image: url('https://cdn.spesati.com/images/products/000114350/simmenthal-70-g-01.png')">
            <div class="hover"></div>
            
            <div class="stickers"></div>
        </div>
    </a>
    <div>
        <h4><a href="https://www.spesati.com/simmenthal-lessata-70x3"><b>Simmenthal Lessata 70x3</b></a></h4>
        <p class="description">Simmenthal 70 g</p>
        <p class="right price"><b>3.45 €</b></p>
        <p class="right unitPrice">16.42 € per kg</p>
    </div>
    <div class="contButton">
    <a class="button bgRed white addToCart" href="#">Add</a>
</div>
</div><div class="left product prod123"
        data-name="Iposea Carciofi Spicchi Naturali"
        data-price="15.10"
        data-id="3672"
        data-available="yes"
        data-category="6570"
        data-bestselling="">
    <a href="https://www.spesati.com/iposea-carciofi-spicchi-naturali">
        <div style="background-image: url('https://cdn.spesati.com/images/products/000114344/iposea-food-service-carciofi-spicchi-al-naturale-2450-g-01.png')">
            <div class="hover"></div>
            
            <div class="stickers"></div>
        </div>
    </a>
    <div>
        <h4><a href="https://www.spesati.com/iposea-carciofi-spicchi-naturali"><b>Iposea Carciofi Spicchi Naturali</b></a></h4>
        <p class="description">Iposea Food Service Carciofi spicchi al naturale 2450 g</p>
        <p class="right price"><b>15.10 €</b></p>
        <p class="right unitPrice">5.70 € per kg</p>
    </div>
    <div class="contButton">
    <a class="button bgRed white addToCart" href="#">Add</a>
</div>
</div><div class="left product prod124"
        data-name="Sacla Carciofi Tagliati"
        data-price="4.65"
        data-id="4124"
        data-available="yes"
        data-category="422"
        data-bestselling="">
    <a href="https://www.spesati.com/sacla-carciofi-tagliati">
        <div style="background-image: url('https://cdn.spesati.com/images/products/000114338/sacla-sottoli-carciofini-tagliati-285-g-01.png')">
            <div class="hover"></div>
            
            <div class="stickers"></div>
        </div>
    </a>
    <div>
        <h4><a href="https://www.spesati.com/sacla-carciofi-tagliati"><b>Sacla Carciofi Tagliati</b></a></h4>
        <p class="description">Saclà Sottolì Carciofini Tagliati 285 g</p>
        <p class="right price"><b>4.65 €</b></p>
        <p class="right unitPrice">16.31 € per kg</p>
    </div>
    <div class="contButton">
    <a class="button bgRed white addToCart" href="#">Add</a>
</div>
</div><div class="left product prod125"
        data-name="Capperi Berni 96Gr"
        data-price="1.75"
        data-id="6595"
        data-available="yes"
        data-category="5760"
        data-bestselling="2">
    <a href="https://www.spesati.com/capperi-berni-96gr">
        <div style="background-image: url('https://cdn.spesati.com/images/products/000114305/berni-capperi-sottoaceto-96-g-01.png')">
            <div class="hover"></div>
            <p class="arrow bgRed white">Best Seller</p>
            <div class="stickers"></div>
        </div>
    </a>
    <div>
        <h4><a href="https://www.spesati.com/capperi-berni-96gr"><b>Capperi Berni 96Gr</b></a></h4>
        <p class="description">Berni Capperi sottoaceto 96 g</p>
        <p class="right price"><b>1.75 €</b></p>
        <p class="right unitPrice">18.23 € per kg</p>
    </div>
    <div class="contButton">
    <a class="button bgRed white addToCart" href="#">Add</a>
</div>
</div><div class="left product prod126"
        data-name="Capperi Occhiello Sale Iposea"
        data-price="10.77"
        data-id="26070"
        data-available="yes"
        data-category="5760"
        data-bestselling="">
    <a href="https://www.spesati.com/capperi-occhiello-sale-iposea">
        <div style="background-image: url('https://cdn.spesati.com/images/products/000114297/iposea-capperi-occhiello-al-sale-1000-g-01.png')">
            <div class="hover"></div>
            
            <div class="stickers"></div>
        </div>
    </a>
    <div>
        <h4><a href="https://www.spesati.com/capperi-occhiello-sale-iposea"><b>Capperi Occhiello Sale Iposea</b></a></h4>
        <p class="description">Iposea Capperi occhiello al sale 1000 g</p>
        <p class="right price"><b>10.77 €</b></p>
        <p class="right unitPrice">10.77 € per kg</p>
    </div>
    <div class="contButton">
    <a class="button bgRed white addToCart" href="#">Add</a>
</div>
</div><div class="left product prod127"
        data-name="Capperi Lacri Punt Sale 1 Kg"
        data-price="8.15"
        data-id="26069"
        data-available="yes"
        data-category="5760"
        data-bestselling="">
    <a href="https://www.spesati.com/capperi-lacri-punt-sale-1-kg">
        <div style="background-image: url('https://cdn.spesati.com/images/products/000114296/iposea-capperi-lacrimella-puntina-al-sale-1000-g-01.png')">
            <div class="hover"></div>
            
            <div class="stickers"></div>
        </div>
    </a>
    <div>
        <h4><a href="https://www.spesati.com/capperi-lacri-punt-sale-1-kg"><b>Capperi Lacri Punt Sale 1 Kg</b></a></h4>
        <p class="description">Iposea Capperi lacrimella puntina al sale 1000 g</p>
        <p class="right price"><b>8.15 €</b></p>
        <p class="right unitPrice">8.15 € per kg</p>
    </div>
    <div class="contButton">
    <a class="button bgRed white addToCart" href="#">Add</a>
</div>
</div><div class="left product prod128"
        data-name="Capperi Lacri Punt Iposea 720g"
        data-price="7.71"
        data-id="26068"
        data-available="yes"
        data-category="5760"
        data-bestselling="">
    <a href="https://www.spesati.com/capperi-lacri-punt-iposea-720g">
        <div style="background-image: url('https://cdn.spesati.com/images/products/000114294/iposea-capperi-lacrimella-puntina-allaceto-di-vino-690-g-01.png')">
            <div class="hover"></div>
            
            <div class="stickers"></div>
        </div>
    </a>
    <div>
        <h4><a href="https://www.spesati.com/capperi-lacri-punt-iposea-720g"><b>Capperi Lacri Punt Iposea 720g</b></a></h4>
        <p class="description">Iposea Capperi lacrimella puntina all'aceto di vino 690 g</p>
        <p class="right price"><b>7.71 €</b></p>
        <p class="right unitPrice">10.70 € per kg</p>
    </div>
    <div class="contButton">
    <a class="button bgRed white addToCart" href="#">Add</a>
</div>
</div><div class="left product prod129"
        data-name="Succo Limone Ariosto 200Ml"
        data-price="1.69"
        data-id="6691"
        data-available="yes"
        data-category="422"
        data-bestselling="">
    <a href="https://www.spesati.com/succo-limone-ariosto-200ml">
        <div style="background-image: url('https://cdn.spesati.com/images/products/000108723/ariosto-succo-di-limone-di-sicilia-200-ml-01.png')">
            <div class="hover"></div>
            
            <div class="stickers"></div>
        </div>
    </a>
    <div>
        <h4><a href="https://www.spesati.com/succo-limone-ariosto-200ml"><b>Succo Limone Ariosto 200Ml</b></a></h4>
        <p class="description">ariosto Succo di Limone di Sicilia 200 ml</p>
        <p class="right price"><b>1.69 €</b></p>
        <p class="right unitPrice">8.45 € per litre</p>
    </div>
    <div class="contButton">
    <a class="button bgRed white addToCart" href="#">Add</a>
</div>
</div><div class="left product prod130"
        data-name="Fagiolini Medio Fini Valfrutta 400Gr"
        data-price="1.40"
        data-id="6589"
        data-available="yes"
        data-category="431"
        data-bestselling="1">
    <a href="https://www.spesati.com/fagiolini-medio-fini-valfrutta-400gr">
        <div style="background-image: url('https://cdn.spesati.com/images/products/000107059/valfrutta-fagiolini-mediofini-400-g-01.png')">
            <div class="hover"></div>
            <p class="arrow bgRed white">Best Seller</p>
            <div class="stickers"></div>
        </div>
    </a>
    <div>
        <h4><a href="https://www.spesati.com/fagiolini-medio-fini-valfrutta-400gr"><b>Fagiolini Medio Fini Valfrutta 400Gr</b></a></h4>
        <p class="description">Valfrutta Fagiolini MedioFini 400 g</p>
        <p class="right price"><b>1.40 €</b></p>
        <p class="right unitPrice">3.50 € per kg</p>
    </div>
    <div class="contButton">
    <a class="button bgRed white addToCart" href="#">Add</a>
</div>
</div><div class="left product prod131"
        data-name="Fagiolini Fini Valfrutta 400Gr"
        data-price="1.75"
        data-id="5465"
        data-available="yes"
        data-category="431"
        data-bestselling="3">
    <a href="https://www.spesati.com/fagiolini-fini-valfrutta-400gr">
        <div style="background-image: url('https://cdn.spesati.com/images/products/000107044/valfrutta-fagiolini-fini-italiani-400-g-01.png')">
            <div class="hover"></div>
            <p class="arrow bgRed white">Best Seller</p>
            <div class="stickers"></div>
        </div>
    </a>
    <div>
        <h4><a href="https://www.spesati.com/fagiolini-fini-valfrutta-400gr"><b>Fagiolini Fini Valfrutta 400Gr</b></a></h4>
        <p class="description">Valfrutta Fagiolini Fini Italiani 400 g</p>
        <p class="right price"><b>1.75 €</b></p>
        <p class="right unitPrice">4.38 € per kg</p>
    </div>
    <div class="contButton">
    <a class="button bgRed white addToCart" href="#">Add</a>
</div>
</div><div class="left product prod132"
        data-name="Pate'olive Nere Gaia 1kg"
        data-price="14.32"
        data-id="24425"
        data-available="yes"
        data-category="5760"
        data-bestselling="">
    <a href="https://www.spesati.com/pateolive-nere-gaia-1kg">
        <div style="background-image: url('https://cdn.spesati.com/images/products/000102024/gaia-pate-di-olive-nere-1000-g-01.png')">
            <div class="hover"></div>
            
            <div class="stickers"></div>
        </div>
    </a>
    <div>
        <h4><a href="https://www.spesati.com/pateolive-nere-gaia-1kg"><b>Pate'olive Nere Gaia 1kg</b></a></h4>
        <p class="description">Gaia Patè di olive nere 1000 g</p>
        <p class="right price"><b>14.32 €</b></p>
        <p class="right unitPrice">14.32 € per kg</p>
    </div>
    <div class="contButton">
    <a class="button bgRed white addToCart" href="#">Add</a>
</div>
</div><div class="left product prod133"
        data-name="Filetti Tonno Rosa Rizzoli Olio Di Oliva 190Gr"
        data-price="7.05"
        data-id="6414"
        data-available="yes"
        data-category="4629"
        data-bestselling="">
    <a href="https://www.spesati.com/filetti-tonno-rosa-rizzoli-olio-di-oliva-190gr">
        <div style="background-image: url('https://cdn.spesati.com/images/products/000101499/rizzoli-filetti-di-tonno-in-olio-di-oliva-190-g-01.png')">
            <div class="hover"></div>
            
            <div class="stickers"></div>
        </div>
    </a>
    <div>
        <h4><a href="https://www.spesati.com/filetti-tonno-rosa-rizzoli-olio-di-oliva-190gr"><b>Filetti Tonno Rosa Rizzoli Olio Di Oliva 190Gr</b></a></h4>
        <p class="description">Rizzoli Filetti di Tonno in Olio di Oliva 190 g</p>
        <p class="right price"><b>7.05 €</b></p>
        <p class="right unitPrice">37.10 € per kg</p>
    </div>
    <div class="contButton">
    <a class="button bgRed white addToCart" href="#">Add</a>
</div>
</div><div class="left product prod134"
        data-name="Acciug Salate 15-16 Latta 5kg"
        data-price="95.29"
        data-id="24400"
        data-available="yes"
        data-category="4629"
        data-bestselling="">
    <a href="https://www.spesati.com/acciug-salate-15-16-latta-5kg">
        <div style="background-image: url('https://cdn.spesati.com/images/products/000101478/rizzoli-acciughe-salate-grande-pezzatura-5000-g-01.png')">
            <div class="hover"></div>
            
            <div class="stickers"></div>
        </div>
    </a>
    <div>
        <h4><a href="https://www.spesati.com/acciug-salate-15-16-latta-5kg"><b>Acciug Salate 15-16 Latta 5kg</b></a></h4>
        <p class="description">Rizzoli Acciughe Salate Grande Pezzatura 5000 g</p>
        <p class="right price"><b>95.29 €</b></p>
        <p class="right unitPrice">19.06 € per kg</p>
    </div>
    <div class="contButton">
    <a class="button bgRed white addToCart" href="#">Add</a>
</div>
</div><div class="left product prod135"
        data-name="Carne Simment. Bovino Cl3x90gr"
        data-price="6.25"
        data-id="26073"
        data-available="yes"
        data-category="4628"
        data-bestselling="">
    <a href="https://www.spesati.com/carne-simment-bovino-cl3x90gr">
        <div style="background-image: url('https://cdn.spesati.com/images/products/missing-image/missing-image.jpg')">
            <div class="hover"></div>
            
            <div class="stickers"></div>
        </div>
    </a>
    <div>
        <h4><a href="https://www.spesati.com/carne-simment-bovino-cl3x90gr"><b>Carne Simment. Bovino Cl3x90gr</b></a></h4>
        <p class="description">0.27 Kg</p>
        <p class="right price"><b>6.25 €</b></p>
        <p class="right unitPrice">23.14 € per kg</p>
    </div>
    <div class="contButton">
    <a class="button bgRed white addToCart" href="#">Add</a>
</div>
</div><div class="left product prod136"
        data-name="Filetti Acciug Mari Blue 78gr"
        data-price="2.75"
        data-id="26116"
        data-available="yes"
        data-category="4629"
        data-bestselling="">
    <a href="https://www.spesati.com/filetti-acciug-mari-blue-78gr">
        <div style="background-image: url('https://cdn.spesati.com/images/products/missing-image/missing-image.jpg')">
            <div class="hover"></div>
            
            <div class="stickers"></div>
        </div>
    </a>
    <div>
        <h4><a href="https://www.spesati.com/filetti-acciug-mari-blue-78gr"><b>Filetti Acciug Mari Blue 78gr</b></a></h4>
        <p class="description">0.08 Kg</p>
        <p class="right price"><b>2.75 €</b></p>
        <p class="right unitPrice">35.24 € per kg</p>
    </div>
    <div class="contButton">
    <a class="button bgRed white addToCart" href="#">Add</a>
</div>
</div><div class="left product prod137"
        data-name="Filet Acciug Blue Intere 2,5kg"
        data-price="53.07"
        data-id="26117"
        data-available="yes"
        data-category="4629"
        data-bestselling="">
    <a href="https://www.spesati.com/filet-acciug-blue-intere-25kg">
        <div style="background-image: url('https://cdn.spesati.com/images/products/missing-image/missing-image.jpg')">
            <div class="hover"></div>
            
            <div class="stickers"></div>
        </div>
    </a>
    <div>
        <h4><a href="https://www.spesati.com/filet-acciug-blue-intere-25kg"><b>Filet Acciug Blue Intere 2,5kg</b></a></h4>
        <p class="description">2.5 Kg</p>
        <p class="right price"><b>53.07 €</b></p>
        <p class="right unitPrice">21.23 € per kg</p>
    </div>
    <div class="contButton">
    <a class="button bgRed white addToCart" href="#">Add</a>
</div>
</div><div class="left product prod138"
        data-name="Filetti Acciug Mari Blue 720gr"
        data-price="17.15"
        data-id="26118"
        data-available="yes"
        data-category="4629"
        data-bestselling="">
    <a href="https://www.spesati.com/filetti-acciug-mari-blue-720gr">
        <div style="background-image: url('https://cdn.spesati.com/images/products/missing-image/missing-image.jpg')">
            <div class="hover"></div>
            
            <div class="stickers"></div>
        </div>
    </a>
    <div>
        <h4><a href="https://www.spesati.com/filetti-acciug-mari-blue-720gr"><b>Filetti Acciug Mari Blue 720gr</b></a></h4>
        <p class="description">0.7 Kg</p>
        <p class="right price"><b>17.15 €</b></p>
        <p class="right unitPrice">24.51 € per kg</p>
    </div>
    <div class="contButton">
    <a class="button bgRed white addToCart" href="#">Add</a>
</div>
</div><div class="left product prod139"
        data-name="Ceci La Fiammante 400gr"
        data-price="1.54"
        data-id="26167"
        data-available="yes"
        data-category="431"
        data-bestselling="">
    <a href="https://www.spesati.com/ceci-la-fiammante-400gr">
        <div style="background-image: url('https://cdn.spesati.com/images/products/missing-image/missing-image.jpg')">
            <div class="hover"></div>
            
            <div class="stickers"></div>
        </div>
    </a>
    <div>
        <h4><a href="https://www.spesati.com/ceci-la-fiammante-400gr"><b>Ceci La Fiammante 400gr</b></a></h4>
        <p class="description">0.4 Kg</p>
        <p class="right price"><b>1.54 €</b></p>
        <p class="right unitPrice">3.85 € per kg</p>
    </div>
    <div class="contButton">
    <a class="button bgRed white addToCart" href="#">Add</a>
</div>
</div><div class="left product prod140"
        data-name="Fagioli La Fiam Bian Spa 400gr"
        data-price="1.33"
        data-id="26168"
        data-available="yes"
        data-category="431"
        data-bestselling="">
    <a href="https://www.spesati.com/fagioli-la-fiam-bian-spa-400gr">
        <div style="background-image: url('https://cdn.spesati.com/images/products/missing-image/missing-image.jpg')">
            <div class="hover"></div>
            
            <div class="stickers"></div>
        </div>
    </a>
    <div>
        <h4><a href="https://www.spesati.com/fagioli-la-fiam-bian-spa-400gr"><b>Fagioli La Fiam Bian Spa 400gr</b></a></h4>
        <p class="description">0.4 Kg</p>
        <p class="right price"><b>1.33 €</b></p>
        <p class="right unitPrice">3.33 € per kg</p>
    </div>
    <div class="contButton">
    <a class="button bgRed white addToCart" href="#">Add</a>
</div>
</div><div class="left product prod141"
        data-name="Polpa di riccio smeralda 55gr"
        data-price="11.90"
        data-id="5238"
        data-available="yes"
        data-category="4629"
        data-bestselling="">
    <a href="https://www.spesati.com/polpa-di-riccio-smeralda-55gr">
        <div style="background-image: url('https://cdn.spesati.com/images/products/missing-image/missing-image.jpg')">
            <div class="hover"></div>
            
            <div class="stickers"></div>
        </div>
    </a>
    <div>
        <h4><a href="https://www.spesati.com/polpa-di-riccio-smeralda-55gr"><b>Polpa di riccio smeralda 55gr</b></a></h4>
        <p class="description">0.06 Kg</p>
        <p class="right price"><b>11.90 €</b></p>
        <p class="right unitPrice">216.36 € per kg</p>
    </div>
    <div class="contButton">
    <a class="button bgRed white addToCart" href="#">Add</a>
</div>
</div><div class="left product prod142"
        data-name="Giardiniera Acet Iposea 3100ml"
        data-price="12.50"
        data-id="26172"
        data-available="yes"
        data-category="431"
        data-bestselling="">
    <a href="https://www.spesati.com/giardiniera-acet-iposea-3100ml">
        <div style="background-image: url('https://cdn.spesati.com/images/products/missing-image/missing-image.jpg')">
            <div class="hover"></div>
            
            <div class="stickers"></div>
        </div>
    </a>
    <div>
        <h4><a href="https://www.spesati.com/giardiniera-acet-iposea-3100ml"><b>Giardiniera Acet Iposea 3100ml</b></a></h4>
        <p class="description">3.1 Lt</p>
        <p class="right price"><b>12.50 €</b></p>
        <p class="right unitPrice">4.03 € per litre</p>
    </div>
    <div class="contButton">
    <a class="button bgRed white addToCart" href="#">Add</a>
</div>
</div><div class="left product prod143"
        data-name="Melanzane bonta sole con olio vegetale 280"
        data-price="4.27"
        data-id="5247"
        data-available="yes"
        data-category="6613"
        data-bestselling="">
    <a href="https://www.spesati.com/melanzane-bonta-sole-con-olio-vegetale-280">
        <div style="background-image: url('https://cdn.spesati.com/images/products/missing-image/missing-image.jpg')">
            <div class="hover"></div>
            
            <div class="stickers"></div>
        </div>
    </a>
    <div>
        <h4><a href="https://www.spesati.com/melanzane-bonta-sole-con-olio-vegetale-280"><b>Melanzane bonta sole con olio vegetale 280</b></a></h4>
        <p class="description">0.28 Kg</p>
        <p class="right price"><b>4.27 €</b></p>
        <p class="right unitPrice">15.24 € per kg</p>
    </div>
    <div class="contButton">
    <a class="button bgRed white addToCart" href="#">Add</a>
</div>
</div><div class="left product prod144"
        data-name="Peperoni Arrostiti Greci Kg 1"
        data-price="13.03"
        data-id="26244"
        data-available="yes"
        data-category="6570"
        data-bestselling="">
    <a href="https://www.spesati.com/peperoni-arrostiti-greci-kg-1">
        <div style="background-image: url('https://cdn.spesati.com/images/products/missing-image/missing-image.jpg')">
            <div class="hover"></div>
            
            <div class="stickers"></div>
        </div>
    </a>
    <div>
        <h4><a href="https://www.spesati.com/peperoni-arrostiti-greci-kg-1"><b>Peperoni Arrostiti Greci Kg 1</b></a></h4>
        <p class="description">0.8 Kg</p>
        <p class="right price"><b>13.03 €</b></p>
        <p class="right unitPrice">16.28 € per kg</p>
    </div>
    <div class="contButton">
    <a class="button bgRed white addToCart" href="#">Add</a>
</div>
</div><div class="left product prod145"
        data-name="Funghi Porcini Antip Greci 1kg"
        data-price="47.04"
        data-id="26245"
        data-available="yes"
        data-category="6653"
        data-bestselling="">
    <a href="https://www.spesati.com/funghi-porcini-antip-greci-1kg">
        <div style="background-image: url('https://cdn.spesati.com/images/products/missing-image/missing-image.jpg')">
            <div class="hover"></div>
            
            <div class="stickers"></div>
        </div>
    </a>
    <div>
        <h4><a href="https://www.spesati.com/funghi-porcini-antip-greci-1kg"><b>Funghi Porcini Antip Greci 1kg</b></a></h4>
        <p class="description">0.8 Kg</p>
        <p class="right price"><b>47.04 €</b></p>
        <p class="right unitPrice">58.80 € per kg</p>
    </div>
    <div class="contButton">
    <a class="button bgRed white addToCart" href="#">Add</a>
</div>
</div><div class="left product prod146"
        data-name="Funghi & Funghi Greci 1 Kg"
        data-price="18.43"
        data-id="26247"
        data-available="yes"
        data-category="6653"
        data-bestselling="">
    <a href="https://www.spesati.com/funghi-funghi-greci-1-kg">
        <div style="background-image: url('https://cdn.spesati.com/images/products/missing-image/missing-image.jpg')">
            <div class="hover"></div>
            
            <div class="stickers"></div>
        </div>
    </a>
    <div>
        <h4><a href="https://www.spesati.com/funghi-funghi-greci-1-kg"><b>Funghi & Funghi Greci 1 Kg</b></a></h4>
        <p class="description">0.8 Kg</p>
        <p class="right price"><b>18.43 €</b></p>
        <p class="right unitPrice">23.03 € per kg</p>
    </div>
    <div class="contButton">
    <a class="button bgRed white addToCart" href="#">Add</a>
</div>
</div><div class="left product prod147"
        data-name="Funghi Porc Trif Farcitura Gre"
        data-price="17.48"
        data-id="26248"
        data-available="yes"
        data-category="6653"
        data-bestselling="">
    <a href="https://www.spesati.com/funghi-porc-trif-farcitura-gre">
        <div style="background-image: url('https://cdn.spesati.com/images/products/missing-image/missing-image.jpg')">
            <div class="hover"></div>
            
            <div class="stickers"></div>
        </div>
    </a>
    <div>
        <h4><a href="https://www.spesati.com/funghi-porc-trif-farcitura-gre"><b>Funghi Porc Trif Farcitura Gre</b></a></h4>
        <p class="description">0.8 Kg</p>
        <p class="right price"><b>17.48 €</b></p>
        <p class="right unitPrice">21.85 € per kg</p>
    </div>
    <div class="contButton">
    <a class="button bgRed white addToCart" href="#">Add</a>
</div>
</div><div class="left product prod148"
        data-name="Funghi Champ.trif. Pizza Greci"
        data-price="20.03"
        data-id="26249"
        data-available="yes"
        data-category="6653"
        data-bestselling="">
    <a href="https://www.spesati.com/funghi-champtrif-pizza-greci">
        <div style="background-image: url('https://cdn.spesati.com/images/products/missing-image/missing-image.jpg')">
            <div class="hover"></div>
            
            <div class="stickers"></div>
        </div>
    </a>
    <div>
        <h4><a href="https://www.spesati.com/funghi-champtrif-pizza-greci"><b>Funghi Champ.trif. Pizza Greci</b></a></h4>
        <p class="description">2.3 Kg</p>
        <p class="right price"><b>20.03 €</b></p>
        <p class="right unitPrice">8.71 € per kg</p>
    </div>
    <div class="contButton">
    <a class="button bgRed white addToCart" href="#">Add</a>
</div>
</div><div class="left product prod149"
        data-name="Carciofi Grigliati Greci Kg 1"
        data-price="22.18"
        data-id="26250"
        data-available="yes"
        data-category="6570"
        data-bestselling="">
    <a href="https://www.spesati.com/carciofi-grigliati-greci-kg-1">
        <div style="background-image: url('https://cdn.spesati.com/images/products/missing-image/missing-image.jpg')">
            <div class="hover"></div>
            
            <div class="stickers"></div>
        </div>
    </a>
    <div>
        <h4><a href="https://www.spesati.com/carciofi-grigliati-greci-kg-1"><b>Carciofi Grigliati Greci Kg 1</b></a></h4>
        <p class="description">0.8 Kg</p>
        <p class="right price"><b>22.18 €</b></p>
        <p class="right unitPrice">27.73 € per kg</p>
    </div>
    <div class="contButton">
    <a class="button bgRed white addToCart" href="#">Add</a>
</div>
</div><div class="left product prod150"
        data-name="Porcini Idea Antip Greci 780gr"
        data-price="31.76"
        data-id="26251"
        data-available="yes"
        data-category="6653"
        data-bestselling="">
    <a href="https://www.spesati.com/porcini-idea-antip-greci-780gr">
        <div style="background-image: url('https://cdn.spesati.com/images/products/missing-image/missing-image.jpg')">
            <div class="hover"></div>
            
            <div class="stickers"></div>
        </div>
    </a>
    <div>
        <h4><a href="https://www.spesati.com/porcini-idea-antip-greci-780gr"><b>Porcini Idea Antip Greci 780gr</b></a></h4>
        <p class="description">0.78 Kg</p>
        <p class="right price"><b>31.76 €</b></p>
        <p class="right unitPrice">40.72 € per kg</p>
    </div>
    <div class="contButton">
    <a class="button bgRed white addToCart" href="#">Add</a>
</div>
</div><div class="left product prod151"
        data-name="Cipolline Aceto Bals Greci 1kg"
        data-price="8.90"
        data-id="26253"
        data-available="yes"
        data-category="6655"
        data-bestselling="">
    <a href="https://www.spesati.com/cipolline-aceto-bals-greci-1kg">
        <div style="background-image: url('https://cdn.spesati.com/images/products/missing-image/missing-image.jpg')">
            <div class="hover"></div>
            
            <div class="stickers"></div>
        </div>
    </a>
    <div>
        <h4><a href="https://www.spesati.com/cipolline-aceto-bals-greci-1kg"><b>Cipolline Aceto Bals Greci 1kg</b></a></h4>
        <p class="description">0.84 Kg</p>
        <p class="right price"><b>8.90 €</b></p>
        <p class="right unitPrice">10.59 € per kg</p>
    </div>
    <div class="contButton">
    <a class="button bgRed white addToCart" href="#">Add</a>
</div>
</div><div class="left product prod152"
        data-name="Cipolle Alla Brace Greci 1 Kg"
        data-price="15.77"
        data-id="26254"
        data-available="yes"
        data-category="6570"
        data-bestselling="">
    <a href="https://www.spesati.com/cipolle-alla-brace-greci-1-kg">
        <div style="background-image: url('https://cdn.spesati.com/images/products/missing-image/missing-image.jpg')">
            <div class="hover"></div>
            
            <div class="stickers"></div>
        </div>
    </a>
    <div>
        <h4><a href="https://www.spesati.com/cipolle-alla-brace-greci-1-kg"><b>Cipolle Alla Brace Greci 1 Kg</b></a></h4>
        <p class="description">0.75 Kg</p>
        <p class="right price"><b>15.77 €</b></p>
        <p class="right unitPrice">21.03 € per kg</p>
    </div>
    <div class="contButton">
    <a class="button bgRed white addToCart" href="#">Add</a>
</div>
</div><div class="left product prod153"
        data-name="Tuttocarciofi Greci 1 Kg"
        data-price="20.10"
        data-id="26255"
        data-available="yes"
        data-category="6570"
        data-bestselling="">
    <a href="https://www.spesati.com/tuttocarciofi-greci-1-kg">
        <div style="background-image: url('https://cdn.spesati.com/images/products/missing-image/missing-image.jpg')">
            <div class="hover"></div>
            
            <div class="stickers"></div>
        </div>
    </a>
    <div>
        <h4><a href="https://www.spesati.com/tuttocarciofi-greci-1-kg"><b>Tuttocarciofi Greci 1 Kg</b></a></h4>
        <p class="description">0.8 Kg</p>
        <p class="right price"><b>20.10 €</b></p>
        <p class="right unitPrice">25.12 € per kg</p>
    </div>
    <div class="contButton">
    <a class="button bgRed white addToCart" href="#">Add</a>
</div>
</div><div class="left product prod154"
        data-name="Tuttasparagi Greci 800gr"
        data-price="16.36"
        data-id="26256"
        data-available="yes"
        data-category="6570"
        data-bestselling="">
    <a href="https://www.spesati.com/tuttasparagi-greci-800gr">
        <div style="background-image: url('https://cdn.spesati.com/images/products/missing-image/missing-image.jpg')">
            <div class="hover"></div>
            
            <div class="stickers"></div>
        </div>
    </a>
    <div>
        <h4><a href="https://www.spesati.com/tuttasparagi-greci-800gr"><b>Tuttasparagi Greci 800gr</b></a></h4>
        <p class="description">0.8 Kg</p>
        <p class="right price"><b>16.36 €</b></p>
        <p class="right unitPrice">20.45 € per kg</p>
    </div>
    <div class="contButton">
    <a class="button bgRed white addToCart" href="#">Add</a>
</div>
</div><div class="left product prod155"
        data-name="Tuttoporcini Greci 1 Kg"
        data-price="24.78"
        data-id="26257"
        data-available="yes"
        data-category="6570"
        data-bestselling="">
    <a href="https://www.spesati.com/tuttoporcini-greci-1-kg">
        <div style="background-image: url('https://cdn.spesati.com/images/products/missing-image/missing-image.jpg')">
            <div class="hover"></div>
            
            <div class="stickers"></div>
        </div>
    </a>
    <div>
        <h4><a href="https://www.spesati.com/tuttoporcini-greci-1-kg"><b>Tuttoporcini Greci 1 Kg</b></a></h4>
        <p class="description">0.8 Kg</p>
        <p class="right price"><b>24.78 €</b></p>
        <p class="right unitPrice">30.98 € per kg</p>
    </div>
    <div class="contButton">
    <a class="button bgRed white addToCart" href="#">Add</a>
</div>
</div><div class="left product prod156"
        data-name="Crema Picc Verdure Greci 500gr"
        data-price="9.53"
        data-id="26258"
        data-available="yes"
        data-category="6570"
        data-bestselling="">
    <a href="https://www.spesati.com/crema-picc-verdure-greci-500gr">
        <div style="background-image: url('https://cdn.spesati.com/images/products/missing-image/missing-image.jpg')">
            <div class="hover"></div>
            
            <div class="stickers"></div>
        </div>
    </a>
    <div>
        <h4><a href="https://www.spesati.com/crema-picc-verdure-greci-500gr"><b>Crema Picc Verdure Greci 500gr</b></a></h4>
        <p class="description">0.4 Kg</p>
        <p class="right price"><b>9.53 €</b></p>
        <p class="right unitPrice">23.83 € per kg</p>
    </div>
    <div class="contButton">
    <a class="button bgRed white addToCart" href="#">Add</a>
</div>
</div><div class="left product prod157"
        data-name="Olive Verdi Salam Secchi 4kg"
        data-price="29.38"
        data-id="26298"
        data-available="yes"
        data-category="5760"
        data-bestselling="">
    <a href="https://www.spesati.com/olive-verdi-salam-secchi-4kg">
        <div style="background-image: url('https://cdn.spesati.com/images/products/missing-image/missing-image.jpg')">
            <div class="hover"></div>
            
            <div class="stickers"></div>
        </div>
    </a>
    <div>
        <h4><a href="https://www.spesati.com/olive-verdi-salam-secchi-4kg"><b>Olive Verdi Salam Secchi 4kg</b></a></h4>
        <p class="description">4 Kg</p>
        <p class="right price"><b>29.38 €</b></p>
        <p class="right unitPrice">7.34 € per kg</p>
    </div>
    <div class="contButton">
    <a class="button bgRed white addToCart" href="#">Add</a>
</div>
</div><div class="left product prod158"
        data-name="Olive Verdi Sarde Giganti 5kg"
        data-price="33.01"
        data-id="26305"
        data-available="yes"
        data-category="5760"
        data-bestselling="">
    <a href="https://www.spesati.com/olive-verdi-sarde-giganti-5kg">
        <div style="background-image: url('https://cdn.spesati.com/images/products/missing-image/missing-image.jpg')">
            <div class="hover"></div>
            
            <div class="stickers"></div>
        </div>
    </a>
    <div>
        <h4><a href="https://www.spesati.com/olive-verdi-sarde-giganti-5kg"><b>Olive Verdi Sarde Giganti 5kg</b></a></h4>
        <p class="description">5 Kg</p>
        <p class="right price"><b>33.01 €</b></p>
        <p class="right unitPrice">6.60 € per kg</p>
    </div>
    <div class="contButton">
    <a class="button bgRed white addToCart" href="#">Add</a>
</div>
</div><div class="left product prod159"
        data-name="Olive Aromatizzate Schiacc 2kg"
        data-price="16.47"
        data-id="26307"
        data-available="yes"
        data-category="5760"
        data-bestselling="">
    <a href="https://www.spesati.com/olive-aromatizzate-schiacc-2kg">
        <div style="background-image: url('https://cdn.spesati.com/images/products/missing-image/missing-image.jpg')">
            <div class="hover"></div>
            
            <div class="stickers"></div>
        </div>
    </a>
    <div>
        <h4><a href="https://www.spesati.com/olive-aromatizzate-schiacc-2kg"><b>Olive Aromatizzate Schiacc 2kg</b></a></h4>
        <p class="description">2 Kg</p>
        <p class="right price"><b>16.47 €</b></p>
        <p class="right unitPrice">8.24 € per kg</p>
    </div>
    <div class="contButton">
    <a class="button bgRed white addToCart" href="#">Add</a>
</div>
</div><div class="left product prod160"
        data-name="Olive Verdi Sarde Giganti 2kg"
        data-price="14.11"
        data-id="26308"
        data-available="yes"
        data-category="5760"
        data-bestselling="">
    <a href="https://www.spesati.com/olive-verdi-sarde-giganti-2kg">
        <div style="background-image: url('https://cdn.spesati.com/images/products/missing-image/missing-image.jpg')">
            <div class="hover"></div>
            
            <div class="stickers"></div>
        </div>
    </a>
    <div>
        <h4><a href="https://www.spesati.com/olive-verdi-sarde-giganti-2kg"><b>Olive Verdi Sarde Giganti 2kg</b></a></h4>
        <p class="description">2 Kg</p>
        <p class="right price"><b>14.11 €</b></p>
        <p class="right unitPrice">7.06 € per kg</p>
    </div>
    <div class="contButton">
    <a class="button bgRed white addToCart" href="#">Add</a>
</div>
</div><div class="left product prod161"
        data-name="Olive Verdi Sarde Giganti 7kg"
        data-price="56.90"
        data-id="26309"
        data-available="yes"
        data-category="5760"
        data-bestselling="">
    <a href="https://www.spesati.com/olive-verdi-sarde-giganti-7kg">
        <div style="background-image: url('https://cdn.spesati.com/images/products/missing-image/missing-image.jpg')">
            <div class="hover"></div>
            
            <div class="stickers"></div>
        </div>
    </a>
    <div>
        <h4><a href="https://www.spesati.com/olive-verdi-sarde-giganti-7kg"><b>Olive Verdi Sarde Giganti 7kg</b></a></h4>
        <p class="description">7 Kg</p>
        <p class="right price"><b>56.90 €</b></p>
        <p class="right unitPrice">8.13 € per kg</p>
    </div>
    <div class="contButton">
    <a class="button bgRed white addToCart" href="#">Add</a>
</div>
</div><div class="left product prod162"
        data-name="Olive Kg.5 Verdi Sarde Piccole"
        data-price="28.86"
        data-id="26310"
        data-available="yes"
        data-category="5760"
        data-bestselling="">
    <a href="https://www.spesati.com/olive-kg5-verdi-sarde-piccole">
        <div style="background-image: url('https://cdn.spesati.com/images/products/missing-image/missing-image.jpg')">
            <div class="hover"></div>
            
            <div class="stickers"></div>
        </div>
    </a>
    <div>
        <h4><a href="https://www.spesati.com/olive-kg5-verdi-sarde-piccole"><b>Olive Kg.5 Verdi Sarde Piccole</b></a></h4>
        <p class="description">5 Kg</p>
        <p class="right price"><b>28.86 €</b></p>
        <p class="right unitPrice">5.77 € per kg</p>
    </div>
    <div class="contButton">
    <a class="button bgRed white addToCart" href="#">Add</a>
</div>
</div><div class="left product prod163"
        data-name="Olive Verdi Sarde Giganti 1kg"
        data-price="7.59"
        data-id="26311"
        data-available="yes"
        data-category="5760"
        data-bestselling="">
    <a href="https://www.spesati.com/olive-verdi-sarde-giganti-1kg">
        <div style="background-image: url('https://cdn.spesati.com/images/products/missing-image/missing-image.jpg')">
            <div class="hover"></div>
            
            <div class="stickers"></div>
        </div>
    </a>
    <div>
        <h4><a href="https://www.spesati.com/olive-verdi-sarde-giganti-1kg"><b>Olive Verdi Sarde Giganti 1kg</b></a></h4>
        <p class="description">1 Kg</p>
        <p class="right price"><b>7.59 €</b></p>
        <p class="right unitPrice">7.59 € per kg</p>
    </div>
    <div class="contButton">
    <a class="button bgRed white addToCart" href="#">Add</a>
</div>
</div><div class="left product prod164"
        data-name="Succo Concentrato Di Limone Tropicana 250Ml"
        data-price="1.99"
        data-id="6389"
        data-available="yes"
        data-category="422"
        data-bestselling="">
    <a href="https://www.spesati.com/succo-concentrato-di-limone-tropicana-250ml">
        <div style="background-image: url('https://cdn.spesati.com/images/products/missing-image/missing-image.jpg')">
            <div class="hover"></div>
            
            <div class="stickers"></div>
        </div>
    </a>
    <div>
        <h4><a href="https://www.spesati.com/succo-concentrato-di-limone-tropicana-250ml"><b>Succo Concentrato Di Limone Tropicana 250Ml</b></a></h4>
        <p class="description">0.25 Lt</p>
        <p class="right price"><b>1.99 €</b></p>
        <p class="right unitPrice">7.95 € per litre</p>
    </div>
    <div class="contButton">
    <a class="button bgRed white addToCart" href="#">Add</a>
</div>
</div><div class="left product prod165"
        data-name="Olive Kg.2 Verdi Sarde Piccole"
        data-price="11.70"
        data-id="26312"
        data-available="yes"
        data-category="5760"
        data-bestselling="">
    <a href="https://www.spesati.com/olive-kg2-verdi-sarde-piccole">
        <div style="background-image: url('https://cdn.spesati.com/images/products/missing-image/missing-image.jpg')">
            <div class="hover"></div>
            
            <div class="stickers"></div>
        </div>
    </a>
    <div>
        <h4><a href="https://www.spesati.com/olive-kg2-verdi-sarde-piccole"><b>Olive Kg.2 Verdi Sarde Piccole</b></a></h4>
        <p class="description">2 Kg</p>
        <p class="right price"><b>11.70 €</b></p>
        <p class="right unitPrice">5.86 € per kg</p>
    </div>
    <div class="contButton">
    <a class="button bgRed white addToCart" href="#">Add</a>
</div>
</div><div class="left product prod166"
        data-name="Olive Verdi Sarde Giganti 250g"
        data-price="2.49"
        data-id="26313"
        data-available="yes"
        data-category="5760"
        data-bestselling="">
    <a href="https://www.spesati.com/olive-verdi-sarde-giganti-250g">
        <div style="background-image: url('https://cdn.spesati.com/images/products/missing-image/missing-image.jpg')">
            <div class="hover"></div>
            
            <div class="stickers"></div>
        </div>
    </a>
    <div>
        <h4><a href="https://www.spesati.com/olive-verdi-sarde-giganti-250g"><b>Olive Verdi Sarde Giganti 250g</b></a></h4>
        <p class="description">0.25 Kg</p>
        <p class="right price"><b>2.49 €</b></p>
        <p class="right unitPrice">9.96 € per kg</p>
    </div>
    <div class="contButton">
    <a class="button bgRed white addToCart" href="#">Add</a>
</div>
</div><div class="left product prod167"
        data-name="Olive Al Forno Copar 3 Kg"
        data-price="24.62"
        data-id="26351"
        data-available="yes"
        data-category="5760"
        data-bestselling="">
    <a href="https://www.spesati.com/olive-al-forno-copar-3-kg">
        <div style="background-image: url('https://cdn.spesati.com/images/products/missing-image/missing-image.jpg')">
            <div class="hover"></div>
            
            <div class="stickers"></div>
        </div>
    </a>
    <div>
        <h4><a href="https://www.spesati.com/olive-al-forno-copar-3-kg"><b>Olive Al Forno Copar 3 Kg</b></a></h4>
        <p class="description">3 Kg</p>
        <p class="right price"><b>24.62 €</b></p>
        <p class="right unitPrice">8.21 € per kg</p>
    </div>
    <div class="contButton">
    <a class="button bgRed white addToCart" href="#">Add</a>
</div>
</div><div class="left product prod168"
        data-name="Verd Miste Ortofresco Olio 1kg"
        data-price="11.91"
        data-id="26393"
        data-available="yes"
        data-category="431"
        data-bestselling="">
    <a href="https://www.spesati.com/verd-miste-ortofresco-olio-1kg">
        <div style="background-image: url('https://cdn.spesati.com/images/products/missing-image/missing-image.jpg')">
            <div class="hover"></div>
            
            <div class="stickers"></div>
        </div>
    </a>
    <div>
        <h4><a href="https://www.spesati.com/verd-miste-ortofresco-olio-1kg"><b>Verd Miste Ortofresco Olio 1kg</b></a></h4>
        <p class="description">1 Kg</p>
        <p class="right price"><b>11.91 €</b></p>
        <p class="right unitPrice">11.91 € per kg</p>
    </div>
    <div class="contButton">
    <a class="button bgRed white addToCart" href="#">Add</a>
</div>
</div><div class="left product prod169"
        data-name="Tonno Marysol Olio Semi 1.730k"
        data-price="18.60"
        data-id="26436"
        data-available="yes"
        data-category="4629"
        data-bestselling="">
    <a href="https://www.spesati.com/tonno-marysol-olio-semi-1730k">
        <div style="background-image: url('https://cdn.spesati.com/images/products/missing-image/missing-image.jpg')">
            <div class="hover"></div>
            
            <div class="stickers"></div>
        </div>
    </a>
    <div>
        <h4><a href="https://www.spesati.com/tonno-marysol-olio-semi-1730k"><b>Tonno Marysol Olio Semi 1.730k</b></a></h4>
        <p class="description">1.73 Kg</p>
        <p class="right price"><b>18.60 €</b></p>
        <p class="right unitPrice">10.75 € per kg</p>
    </div>
    <div class="contButton">
    <a class="button bgRed white addToCart" href="#">Add</a>
</div>
</div><div class="left product prod170"
        data-name="Tonno Marysol Olio Oliv 1.730k"
        data-price="20.44"
        data-id="26437"
        data-available="yes"
        data-category="4629"
        data-bestselling="">
    <a href="https://www.spesati.com/tonno-marysol-olio-oliv-1730k">
        <div style="background-image: url('https://cdn.spesati.com/images/products/missing-image/missing-image.jpg')">
            <div class="hover"></div>
            
            <div class="stickers"></div>
        </div>
    </a>
    <div>
        <h4><a href="https://www.spesati.com/tonno-marysol-olio-oliv-1730k"><b>Tonno Marysol Olio Oliv 1.730k</b></a></h4>
        <p class="description">1.73 Kg</p>
        <p class="right price"><b>20.44 €</b></p>
        <p class="right unitPrice">11.81 € per kg</p>
    </div>
    <div class="contButton">
    <a class="button bgRed white addToCart" href="#">Add</a>
</div>
</div><div class="left product prod171"
        data-name="Tonno Stella Olio Oliva 1.730k"
        data-price="22.95"
        data-id="24388"
        data-available="yes"
        data-category="4629"
        data-bestselling="">
    <a href="https://www.spesati.com/tonno-stella-olio-oliva-1730k">
        <div style="background-image: url('https://cdn.spesati.com/images/products/missing-image/missing-image.jpg')">
            <div class="hover"></div>
            
            <div class="stickers"></div>
        </div>
    </a>
    <div>
        <h4><a href="https://www.spesati.com/tonno-stella-olio-oliva-1730k"><b>Tonno Stella Olio Oliva 1.730k</b></a></h4>
        <p class="description">1.73 Kg</p>
        <p class="right price"><b>22.95 €</b></p>
        <p class="right unitPrice">13.27 € per kg</p>
    </div>
    <div class="contButton">
    <a class="button bgRed white addToCart" href="#">Add</a>
</div>
</div><div class="left product prod172"
        data-name="Tonno Stella Olio Giras 1.730k"
        data-price="23.95"
        data-id="24389"
        data-available="yes"
        data-category="4629"
        data-bestselling="">
    <a href="https://www.spesati.com/tonno-stella-olio-giras-1730k">
        <div style="background-image: url('https://cdn.spesati.com/images/products/missing-image/missing-image.jpg')">
            <div class="hover"></div>
            
            <div class="stickers"></div>
        </div>
    </a>
    <div>
        <h4><a href="https://www.spesati.com/tonno-stella-olio-giras-1730k"><b>Tonno Stella Olio Giras 1.730k</b></a></h4>
        <p class="description">1.73 Kg</p>
        <p class="right price"><b>23.95 €</b></p>
        <p class="right unitPrice">13.85 € per kg</p>
    </div>
    <div class="contButton">
    <a class="button bgRed white addToCart" href="#">Add</a>
</div>
</div><div class="left product prod173"
        data-name="Tonno Stella Ol Oliva 3x80 Gr"
        data-price="4.34"
        data-id="24390"
        data-available="yes"
        data-category="4629"
        data-bestselling="">
    <a href="https://www.spesati.com/tonno-stella-ol-oliva-3x80-gr">
        <div style="background-image: url('https://cdn.spesati.com/images/products/missing-image/missing-image.jpg')">
            <div class="hover"></div>
            
            <div class="stickers"></div>
        </div>
    </a>
    <div>
        <h4><a href="https://www.spesati.com/tonno-stella-ol-oliva-3x80-gr"><b>Tonno Stella Ol Oliva 3x80 Gr</b></a></h4>
        <p class="description">0.24 Kg</p>
        <p class="right price"><b>4.34 €</b></p>
        <p class="right unitPrice">18.08 € per kg</p>
    </div>
    <div class="contButton">
    <a class="button bgRed white addToCart" href="#">Add</a>
</div>
</div><div class="left product prod174"
        data-name="Filet Acc Stella O Giras 720gr"
        data-price="18.92"
        data-id="24393"
        data-available="yes"
        data-category="4629"
        data-bestselling="">
    <a href="https://www.spesati.com/filet-acc-stella-o-giras-720gr">
        <div style="background-image: url('https://cdn.spesati.com/images/products/missing-image/missing-image.jpg')">
            <div class="hover"></div>
            
            <div class="stickers"></div>
        </div>
    </a>
    <div>
        <h4><a href="https://www.spesati.com/filet-acc-stella-o-giras-720gr"><b>Filet Acc Stella O Giras 720gr</b></a></h4>
        <p class="description">0.72 Kg</p>
        <p class="right price"><b>18.92 €</b></p>
        <p class="right unitPrice">26.28 € per kg</p>
    </div>
    <div class="contButton">
    <a class="button bgRed white addToCart" href="#">Add</a>
</div>
</div><div class="left product prod175"
        data-name="Alici A Pezzi Stella 1.7kg"
        data-price="30.75"
        data-id="24394"
        data-available="yes"
        data-category="4629"
        data-bestselling="">
    <a href="https://www.spesati.com/alici-a-pezzi-stella-17kg">
        <div style="background-image: url('https://cdn.spesati.com/images/products/missing-image/missing-image.jpg')">
            <div class="hover"></div>
            
            <div class="stickers"></div>
        </div>
    </a>
    <div>
        <h4><a href="https://www.spesati.com/alici-a-pezzi-stella-17kg"><b>Alici A Pezzi Stella 1.7kg</b></a></h4>
        <p class="description">1.7 Kg</p>
        <p class="right price"><b>30.75 €</b></p>
        <p class="right unitPrice">18.08 € per kg</p>
    </div>
    <div class="contButton">
    <a class="button bgRed white addToCart" href="#">Add</a>
</div>
</div><div class="left product prod176"
        data-name="Filet Acciug Blue Intere 1500g"
        data-price="35.60"
        data-id="25734"
        data-available="yes"
        data-category="4629"
        data-bestselling="">
    <a href="https://www.spesati.com/filet-acciug-blue-intere-1500g">
        <div style="background-image: url('https://cdn.spesati.com/images/products/missing-image/missing-image.jpg')">
            <div class="hover"></div>
            
            <div class="stickers"></div>
        </div>
    </a>
    <div>
        <h4><a href="https://www.spesati.com/filet-acciug-blue-intere-1500g"><b>Filet Acciug Blue Intere 1500g</b></a></h4>
        <p class="description">1.5 Kg</p>
        <p class="right price"><b>35.60 €</b></p>
        <p class="right unitPrice">23.73 € per kg</p>
    </div>
    <div class="contButton">
    <a class="button bgRed white addToCart" href="#">Add</a>
</div>
</div><div class="left product prod177"
        data-name="Capperi Cannone C-gambo 314ml"
        data-price="3.02"
        data-id="26034"
        data-available="yes"
        data-category="6619"
        data-bestselling="">
    <a href="https://www.spesati.com/capperi-cannone-c-gambo-314ml">
        <div style="background-image: url('https://cdn.spesati.com/images/products/missing-image/missing-image.jpg')">
            <div class="hover"></div>
            
            <div class="stickers"></div>
        </div>
    </a>
    <div>
        <h4><a href="https://www.spesati.com/capperi-cannone-c-gambo-314ml"><b>Capperi Cannone C-gambo 314ml</b></a></h4>
        <p class="description">0.31 Lt</p>
        <p class="right price"><b>3.02 €</b></p>
        <p class="right unitPrice">9.61 € per litre</p>
    </div>
    <div class="contButton">
    <a class="button bgRed white addToCart" href="#">Add</a>
</div>
</div><div class="left product prod178"
        data-name="Involt Melanz Cannone Olio 1kg"
        data-price="12.78"
        data-id="26035"
        data-available="yes"
        data-category="6570"
        data-bestselling="">
    <a href="https://www.spesati.com/involt-melanz-cannone-olio-1kg">
        <div style="background-image: url('https://cdn.spesati.com/images/products/missing-image/missing-image.jpg')">
            <div class="hover"></div>
            
            <div class="stickers"></div>
        </div>
    </a>
    <div>
        <h4><a href="https://www.spesati.com/involt-melanz-cannone-olio-1kg"><b>Involt Melanz Cannone Olio 1kg</b></a></h4>
        <p class="description">1.06 Kg</p>
        <p class="right price"><b>12.78 €</b></p>
        <p class="right unitPrice">12.03 € per kg</p>
    </div>
    <div class="contButton">
    <a class="button bgRed white addToCart" href="#">Add</a>
</div>
</div><div class="left product prod179"
        data-name="Cipoll Cannone Borett Agrod 3k"
        data-price="14.29"
        data-id="26038"
        data-available="yes"
        data-category="6655"
        data-bestselling="">
    <a href="https://www.spesati.com/cipoll-cannone-borett-agrod-3k">
        <div style="background-image: url('https://cdn.spesati.com/images/products/missing-image/missing-image.jpg')">
            <div class="hover"></div>
            
            <div class="stickers"></div>
        </div>
    </a>
    <div>
        <h4><a href="https://www.spesati.com/cipoll-cannone-borett-agrod-3k"><b>Cipoll Cannone Borett Agrod 3k</b></a></h4>
        <p class="description">3 Kg</p>
        <p class="right price"><b>14.29 €</b></p>
        <p class="right unitPrice">4.76 € per kg</p>
    </div>
    <div class="contButton">
    <a class="button bgRed white addToCart" href="#">Add</a>
</div>
</div><div class="left product prod180"
        data-name="Capperi Cannone C-gambo 580gr"
        data-price="7.46"
        data-id="26048"
        data-available="yes"
        data-category="6619"
        data-bestselling="">
    <a href="https://www.spesati.com/capperi-cannone-c-gambo-580gr">
        <div style="background-image: url('https://cdn.spesati.com/images/products/missing-image/missing-image.jpg')">
            <div class="hover"></div>
            
            <div class="stickers"></div>
        </div>
    </a>
    <div>
        <h4><a href="https://www.spesati.com/capperi-cannone-c-gambo-580gr"><b>Capperi Cannone C-gambo 580gr</b></a></h4>
        <p class="description">0.58 Kg</p>
        <p class="right price"><b>7.46 €</b></p>
        <p class="right unitPrice">12.87 € per kg</p>
    </div>
    <div class="contButton">
    <a class="button bgRed white addToCart" href="#">Add</a>
</div>
</div><div class="left product prod181"
        data-name="Capperi Cannone Aceto 580ml"
        data-price="10.97"
        data-id="26051"
        data-available="yes"
        data-category="6619"
        data-bestselling="">
    <a href="https://www.spesati.com/capperi-cannone-aceto-580ml">
        <div style="background-image: url('https://cdn.spesati.com/images/products/missing-image/missing-image.jpg')">
            <div class="hover"></div>
            
            <div class="stickers"></div>
        </div>
    </a>
    <div>
        <h4><a href="https://www.spesati.com/capperi-cannone-aceto-580ml"><b>Capperi Cannone Aceto 580ml</b></a></h4>
        <p class="description">0.58 Lt</p>
        <p class="right price"><b>10.97 €</b></p>
        <p class="right unitPrice">18.91 € per litre</p>
    </div>
    <div class="contButton">
    <a class="button bgRed white addToCart" href="#">Add</a>
</div>
</div><div class="left product prod182"
        data-name="Melanzane Cond O-semi Va 1450g"
        data-price="17.44"
        data-id="26643"
        data-available="yes"
        data-category="6570"
        data-bestselling="">
    <a href="https://www.spesati.com/melanzane-cond-o-semi-va-1450g">
        <div style="background-image: url('https://cdn.spesati.com/images/products/missing-image/missing-image.jpg')">
            <div class="hover"></div>
            
            <div class="stickers"></div>
        </div>
    </a>
    <div>
        <h4><a href="https://www.spesati.com/melanzane-cond-o-semi-va-1450g"><b>Melanzane Cond O-semi Va 1450g</b></a></h4>
        <p class="description">1.45 Kg</p>
        <p class="right price"><b>17.44 €</b></p>
        <p class="right unitPrice">12.02 € per kg</p>
    </div>
    <div class="contButton">
    <a class="button bgRed white addToCart" href="#">Add</a>
</div>
</div><div class="left product prod183"
        data-name="Carciof Nat Fettin Cann Ml3000"
        data-price="14.30"
        data-id="26648"
        data-available="yes"
        data-category="6570"
        data-bestselling="">
    <a href="https://www.spesati.com/carciof-nat-fettin-cann-ml3000">
        <div style="background-image: url('https://cdn.spesati.com/images/products/missing-image/missing-image.jpg')">
            <div class="hover"></div>
            
            <div class="stickers"></div>
        </div>
    </a>
    <div>
        <h4><a href="https://www.spesati.com/carciof-nat-fettin-cann-ml3000"><b>Carciof Nat Fettin Cann Ml3000</b></a></h4>
        <p class="description">1.35 Kg</p>
        <p class="right price"><b>14.30 €</b></p>
        <p class="right unitPrice">10.59 € per kg</p>
    </div>
    <div class="contButton">
    <a class="button bgRed white addToCart" href="#">Add</a>
</div>
</div><div class="left product prod184"
        data-name="Funghi C Isola S/olio 280g"
        data-price="4.64"
        data-id="63297"
        data-available="yes"
        data-category="6653"
        data-bestselling="">
    <a href="https://www.spesati.com/funghi-c-isola-solio-280g">
        <div style="background-image: url('https://cdn.spesati.com/images/products/missing-image/missing-image.jpg')">
            <div class="hover"></div>
            
            <div class="stickers"></div>
        </div>
    </a>
    <div>
        <h4><a href="https://www.spesati.com/funghi-c-isola-solio-280g"><b>Funghi C Isola S/olio 280g</b></a></h4>
        <p class="description">0.28 Kg</p>
        <p class="right price"><b>4.64 €</b></p>
        <p class="right unitPrice">16.56 € per kg</p>
    </div>
    <div class="contButton">
    <a class="button bgRed white addToCart" href="#">Add</a>
</div>
</div><div class="left product prod185"
        data-name="Friarielli Greci Ml850"
        data-price="13.86"
        data-id="26742"
        data-available="yes"
        data-category="431"
        data-bestselling="">
    <a href="https://www.spesati.com/friarielli-greci-ml850">
        <div style="background-image: url('https://cdn.spesati.com/images/products/missing-image/missing-image.jpg')">
            <div class="hover"></div>
            
            <div class="stickers"></div>
        </div>
    </a>
    <div>
        <h4><a href="https://www.spesati.com/friarielli-greci-ml850"><b>Friarielli Greci Ml850</b></a></h4>
        <p class="description">0.76 Kg</p>
        <p class="right price"><b>13.86 €</b></p>
        <p class="right unitPrice">18.24 € per kg</p>
    </div>
    <div class="contButton">
    <a class="button bgRed white addToCart" href="#">Add</a>
</div>
</div><div class="left product prod186"
        data-name="Fagioli La Fiam Borlotti 400gr"
        data-price="1.25"
        data-id="26788"
        data-available="yes"
        data-category="431"
        data-bestselling="">
    <a href="https://www.spesati.com/fagioli-la-fiam-borlotti-400gr">
        <div style="background-image: url('https://cdn.spesati.com/images/products/missing-image/missing-image.jpg')">
            <div class="hover"></div>
            
            <div class="stickers"></div>
        </div>
    </a>
    <div>
        <h4><a href="https://www.spesati.com/fagioli-la-fiam-borlotti-400gr"><b>Fagioli La Fiam Borlotti 400gr</b></a></h4>
        <p class="description">0.4 Kg</p>
        <p class="right price"><b>1.25 €</b></p>
        <p class="right unitPrice">3.14 € per kg</p>
    </div>
    <div class="contButton">
    <a class="button bgRed white addToCart" href="#">Add</a>
</div>
</div><div class="left product prod187"
        data-name="Fagioli La Fiam Cannelli 400gr"
        data-price="1.25"
        data-id="26809"
        data-available="yes"
        data-category="431"
        data-bestselling="">
    <a href="https://www.spesati.com/fagioli-la-fiam-cannelli-400gr">
        <div style="background-image: url('https://cdn.spesati.com/images/products/missing-image/missing-image.jpg')">
            <div class="hover"></div>
            
            <div class="stickers"></div>
        </div>
    </a>
    <div>
        <h4><a href="https://www.spesati.com/fagioli-la-fiam-cannelli-400gr"><b>Fagioli La Fiam Cannelli 400gr</b></a></h4>
        <p class="description">0.4 Kg</p>
        <p class="right price"><b>1.25 €</b></p>
        <p class="right unitPrice">3.14 € per kg</p>
    </div>
    <div class="contButton">
    <a class="button bgRed white addToCart" href="#">Add</a>
</div>
</div><div class="left product prod188"
        data-name="Crema Carciof Bonta Sol Ol 170"
        data-price="4.16"
        data-id="26477"
        data-available="yes"
        data-category="6570"
        data-bestselling="">
    <a href="https://www.spesati.com/crema-carciof-bonta-sol-ol-170">
        <div style="background-image: url('https://cdn.spesati.com/images/products/missing-image/missing-image.jpg')">
            <div class="hover"></div>
            
            <div class="stickers"></div>
        </div>
    </a>
    <div>
        <h4><a href="https://www.spesati.com/crema-carciof-bonta-sol-ol-170"><b>Crema Carciof Bonta Sol Ol 170</b></a></h4>
        <p class="description">0.17 Kg</p>
        <p class="right price"><b>4.16 €</b></p>
        <p class="right unitPrice">24.50 € per kg</p>
    </div>
    <div class="contButton">
    <a class="button bgRed white addToCart" href="#">Add</a>
</div>
</div><div class="left product prod189"
        data-name="Lenticchie La Fiamante 400gr"
        data-price="1.25"
        data-id="26810"
        data-available="yes"
        data-category="431"
        data-bestselling="1">
    <a href="https://www.spesati.com/lenticchie-la-fiamante-400gr">
        <div style="background-image: url('https://cdn.spesati.com/images/products/missing-image/missing-image.jpg')">
            <div class="hover"></div>
            <p class="arrow bgRed white">Best Seller</p>
            <div class="stickers"></div>
        </div>
    </a>
    <div>
        <h4><a href="https://www.spesati.com/lenticchie-la-fiamante-400gr"><b>Lenticchie La Fiamante 400gr</b></a></h4>
        <p class="description">0.4 Kg</p>
        <p class="right price"><b>1.25 €</b></p>
        <p class="right unitPrice">3.14 € per kg</p>
    </div>
    <div class="contButton">
    <a class="button bgRed white addToCart" href="#">Add</a>
</div>
</div><div class="left product prod190"
        data-name="Peperoni Agrod Orto Sard G1500"
        data-price="21.00"
        data-id="26478"
        data-available="yes"
        data-category="6668"
        data-bestselling="">
    <a href="https://www.spesati.com/peperoni-agrod-orto-sard-g1500">
        <div style="background-image: url('https://cdn.spesati.com/images/products/missing-image/missing-image.jpg')">
            <div class="hover"></div>
            
            <div class="stickers"></div>
        </div>
    </a>
    <div>
        <h4><a href="https://www.spesati.com/peperoni-agrod-orto-sard-g1500"><b>Peperoni Agrod Orto Sard G1500</b></a></h4>
        <p class="description">1.5 Kg</p>
        <p class="right price"><b>21.00 €</b></p>
        <p class="right unitPrice">14.00 € per kg</p>
    </div>
    <div class="contButton">
    <a class="button bgRed white addToCart" href="#">Add</a>
</div>
</div><div class="left product prod191"
        data-name="Pomod Secc Rip O-veg 1.7k Orto"
        data-price="25.82"
        data-id="26479"
        data-available="yes"
        data-category="6570"
        data-bestselling="">
    <a href="https://www.spesati.com/pomod-secc-rip-o-veg-17k-orto">
        <div style="background-image: url('https://cdn.spesati.com/images/products/missing-image/missing-image.jpg')">
            <div class="hover"></div>
            
            <div class="stickers"></div>
        </div>
    </a>
    <div>
        <h4><a href="https://www.spesati.com/pomod-secc-rip-o-veg-17k-orto"><b>Pomod Secc Rip O-veg 1.7k Orto</b></a></h4>
        <p class="description">1.7 Kg</p>
        <p class="right price"><b>25.82 €</b></p>
        <p class="right unitPrice">15.19 € per kg</p>
    </div>
    <div class="contButton">
    <a class="button bgRed white addToCart" href="#">Add</a>
</div>
</div><div class="left product prod192"
        data-name="Peperonc Dolcelac Greci 790gr"
        data-price="14.29"
        data-id="26835"
        data-available="yes"
        data-category="6570"
        data-bestselling="">
    <a href="https://www.spesati.com/peperonc-dolcelac-greci-790gr">
        <div style="background-image: url('https://cdn.spesati.com/images/products/missing-image/missing-image.jpg')">
            <div class="hover"></div>
            
            <div class="stickers"></div>
        </div>
    </a>
    <div>
        <h4><a href="https://www.spesati.com/peperonc-dolcelac-greci-790gr"><b>Peperonc Dolcelac Greci 790gr</b></a></h4>
        <p class="description">0.79 Kg</p>
        <p class="right price"><b>14.29 €</b></p>
        <p class="right unitPrice">18.08 € per kg</p>
    </div>
    <div class="contButton">
    <a class="button bgRed white addToCart" href="#">Add</a>
</div>
</div><div class="left product prod193"
        data-name="Peperoncini Ripien O-veg G1500"
        data-price="36.98"
        data-id="26480"
        data-available="yes"
        data-category="6570"
        data-bestselling="">
    <a href="https://www.spesati.com/peperoncini-ripien-o-veg-g1500">
        <div style="background-image: url('https://cdn.spesati.com/images/products/missing-image/missing-image.jpg')">
            <div class="hover"></div>
            
            <div class="stickers"></div>
        </div>
    </a>
    <div>
        <h4><a href="https://www.spesati.com/peperoncini-ripien-o-veg-g1500"><b>Peperoncini Ripien O-veg G1500</b></a></h4>
        <p class="description">1.5 Kg</p>
        <p class="right price"><b>36.98 €</b></p>
        <p class="right unitPrice">24.65 € per kg</p>
    </div>
    <div class="contButton">
    <a class="button bgRed white addToCart" href="#">Add</a>
</div>
</div><div class="left product prod194"
        data-name="Peperonc Lacr Oro Greci 790gr"
        data-price="14.77"
        data-id="26836"
        data-available="yes"
        data-category="6570"
        data-bestselling="">
    <a href="https://www.spesati.com/peperonc-lacr-oro-greci-790gr">
        <div style="background-image: url('https://cdn.spesati.com/images/products/missing-image/missing-image.jpg')">
            <div class="hover"></div>
            
            <div class="stickers"></div>
        </div>
    </a>
    <div>
        <h4><a href="https://www.spesati.com/peperonc-lacr-oro-greci-790gr"><b>Peperonc Lacr Oro Greci 790gr</b></a></h4>
        <p class="description">0.79 Kg</p>
        <p class="right price"><b>14.77 €</b></p>
        <p class="right unitPrice">18.70 € per kg</p>
    </div>
    <div class="contButton">
    <a class="button bgRed white addToCart" href="#">Add</a>
</div>
</div><div class="left product prod195"
        data-name="Melanzane O-veg 1.7kg Orto Sar"
        data-price="22.73"
        data-id="26481"
        data-available="yes"
        data-category="6570"
        data-bestselling="">
    <a href="https://www.spesati.com/melanzane-o-veg-17kg-orto-sar">
        <div style="background-image: url('https://cdn.spesati.com/images/products/missing-image/missing-image.jpg')">
            <div class="hover"></div>
            
            <div class="stickers"></div>
        </div>
    </a>
    <div>
        <h4><a href="https://www.spesati.com/melanzane-o-veg-17kg-orto-sar"><b>Melanzane O-veg 1.7kg Orto Sar</b></a></h4>
        <p class="description">1.7 Kg</p>
        <p class="right price"><b>22.73 €</b></p>
        <p class="right unitPrice">13.37 € per kg</p>
    </div>
    <div class="contButton">
    <a class="button bgRed white addToCart" href="#">Add</a>
</div>
</div><div class="left product prod196"
        data-name="Passata Pomodoro Giallo 800gr"
        data-price="5.70"
        data-id="26837"
        data-available="yes"
        data-category="6570"
        data-bestselling="">
    <a href="https://www.spesati.com/passata-pomodoro-giallo-800gr">
        <div style="background-image: url('https://cdn.spesati.com/images/products/missing-image/missing-image.jpg')">
            <div class="hover"></div>
            
            <div class="stickers"></div>
        </div>
    </a>
    <div>
        <h4><a href="https://www.spesati.com/passata-pomodoro-giallo-800gr"><b>Passata Pomodoro Giallo 800gr</b></a></h4>
        <p class="description">0.8 Kg</p>
        <p class="right price"><b>5.70 €</b></p>
        <p class="right unitPrice">7.12 € per kg</p>
    </div>
    <div class="contButton">
    <a class="button bgRed white addToCart" href="#">Add</a>
</div>
</div><div class="left product prod197"
        data-name="Funghi Antunna O-veg Ort G1500"
        data-price="27.23"
        data-id="26482"
        data-available="yes"
        data-category="6653"
        data-bestselling="">
    <a href="https://www.spesati.com/funghi-antunna-o-veg-ort-g1500">
        <div style="background-image: url('https://cdn.spesati.com/images/products/missing-image/missing-image.jpg')">
            <div class="hover"></div>
            
            <div class="stickers"></div>
        </div>
    </a>
    <div>
        <h4><a href="https://www.spesati.com/funghi-antunna-o-veg-ort-g1500"><b>Funghi Antunna O-veg Ort G1500</b></a></h4>
        <p class="description">1.5 Kg</p>
        <p class="right price"><b>27.23 €</b></p>
        <p class="right unitPrice">18.15 € per kg</p>
    </div>
    <div class="contButton">
    <a class="button bgRed white addToCart" href="#">Add</a>
</div>
</div><div class="left product prod198"
        data-name="Capperi Pantel Greci Sale Kg1"
        data-price="44.81"
        data-id="26875"
        data-available="yes"
        data-category="6619"
        data-bestselling="">
    <a href="https://www.spesati.com/capperi-pantel-greci-sale-kg1">
        <div style="background-image: url('https://cdn.spesati.com/images/products/missing-image/missing-image.jpg')">
            <div class="hover"></div>
            
            <div class="stickers"></div>
        </div>
    </a>
    <div>
        <h4><a href="https://www.spesati.com/capperi-pantel-greci-sale-kg1"><b>Capperi Pantel Greci Sale Kg1</b></a></h4>
        <p class="description">1 Kg</p>
        <p class="right price"><b>44.81 €</b></p>
        <p class="right unitPrice">44.81 € per kg</p>
    </div>
    <div class="contButton">
    <a class="button bgRed white addToCart" href="#">Add</a>
</div>
</div><div class="left product prod199"
        data-name="Cipolle Agrodolce Orto Gr1500"
        data-price="19.05"
        data-id="26483"
        data-available="yes"
        data-category="6655"
        data-bestselling="">
    <a href="https://www.spesati.com/cipolle-agrodolce-orto-gr1500">
        <div style="background-image: url('https://cdn.spesati.com/images/products/missing-image/missing-image.jpg')">
            <div class="hover"></div>
            
            <div class="stickers"></div>
        </div>
    </a>
    <div>
        <h4><a href="https://www.spesati.com/cipolle-agrodolce-orto-gr1500"><b>Cipolle Agrodolce Orto Gr1500</b></a></h4>
        <p class="description">1.5 Kg</p>
        <p class="right price"><b>19.05 €</b></p>
        <p class="right unitPrice">12.69 € per kg</p>
    </div>
    <div class="contButton">
    <a class="button bgRed white addToCart" href="#">Add</a>
</div>
</div><div class="left product prod200"
        data-name="Capperi Greci Al Sale Kg1"
        data-price="19.97"
        data-id="26876"
        data-available="yes"
        data-category="6619"
        data-bestselling="">
    <a href="https://www.spesati.com/capperi-greci-al-sale-kg1">
        <div style="background-image: url('https://cdn.spesati.com/images/products/missing-image/missing-image.jpg')">
            <div class="hover"></div>
            
            <div class="stickers"></div>
        </div>
    </a>
    <div>
        <h4><a href="https://www.spesati.com/capperi-greci-al-sale-kg1"><b>Capperi Greci Al Sale Kg1</b></a></h4>
        <p class="description">1 Kg</p>
        <p class="right price"><b>19.97 €</b></p>
        <p class="right unitPrice">19.97 € per kg</p>
    </div>
    <div class="contButton">
    <a class="button bgRed white addToCart" href="#">Add</a>
</div>
</div><div class="left product prod201"
        data-name="Cardi Selvat O-veg 1.7kg Orto"
        data-price="21.11"
        data-id="26484"
        data-available="yes"
        data-category="6570"
        data-bestselling="">
    <a href="https://www.spesati.com/cardi-selvat-o-veg-17kg-orto">
        <div style="background-image: url('https://cdn.spesati.com/images/products/missing-image/missing-image.jpg')">
            <div class="hover"></div>
            
            <div class="stickers"></div>
        </div>
    </a>
    <div>
        <h4><a href="https://www.spesati.com/cardi-selvat-o-veg-17kg-orto"><b>Cardi Selvat O-veg 1.7kg Orto</b></a></h4>
        <p class="description">1.7 Kg</p>
        <p class="right price"><b>21.11 €</b></p>
        <p class="right unitPrice">12.42 € per kg</p>
    </div>
    <div class="contButton">
    <a class="button bgRed white addToCart" href="#">Add</a>
</div>
</div><div class="left product prod202"
        data-name="Peperoni Greci Filetti 1kg"
        data-price="9.25"
        data-id="26881"
        data-available="yes"
        data-category="6668"
        data-bestselling="">
    <a href="https://www.spesati.com/peperoni-greci-filetti-1kg">
        <div style="background-image: url('https://cdn.spesati.com/images/products/missing-image/missing-image.jpg')">
            <div class="hover"></div>
            
            <div class="stickers"></div>
        </div>
    </a>
    <div>
        <h4><a href="https://www.spesati.com/peperoni-greci-filetti-1kg"><b>Peperoni Greci Filetti 1kg</b></a></h4>
        <p class="description">0.8 Kg</p>
        <p class="right price"><b>9.25 €</b></p>
        <p class="right unitPrice">11.56 € per kg</p>
    </div>
    <div class="contButton">
    <a class="button bgRed white addToCart" href="#">Add</a>
</div>
</div><div class="left product prod203"
        data-name="Carciofi Contadina O-veg G1500"
        data-price="21.16"
        data-id="26485"
        data-available="yes"
        data-category="6570"
        data-bestselling="">
    <a href="https://www.spesati.com/carciofi-contadina-o-veg-g1500">
        <div style="background-image: url('https://cdn.spesati.com/images/products/missing-image/missing-image.jpg')">
            <div class="hover"></div>
            
            <div class="stickers"></div>
        </div>
    </a>
    <div>
        <h4><a href="https://www.spesati.com/carciofi-contadina-o-veg-g1500"><b>Carciofi Contadina O-veg G1500</b></a></h4>
        <p class="description">1.5 Kg</p>
        <p class="right price"><b>21.16 €</b></p>
        <p class="right unitPrice">14.10 € per kg</p>
    </div>
    <div class="contButton">
    <a class="button bgRed white addToCart" href="#">Add</a>
</div>
</div><div class="left product prod204"
        data-name="Crema Bont Sole Oliv Nere 170g"
        data-price="4.15"
        data-id="26486"
        data-available="yes"
        data-category="5760"
        data-bestselling="">
    <a href="https://www.spesati.com/crema-bont-sole-oliv-nere-170g">
        <div style="background-image: url('https://cdn.spesati.com/images/products/missing-image/missing-image.jpg')">
            <div class="hover"></div>
            
            <div class="stickers"></div>
        </div>
    </a>
    <div>
        <h4><a href="https://www.spesati.com/crema-bont-sole-oliv-nere-170g"><b>Crema Bont Sole Oliv Nere 170g</b></a></h4>
        <p class="description">0.17 Kg</p>
        <p class="right price"><b>4.15 €</b></p>
        <p class="right unitPrice">24.41 € per kg</p>
    </div>
    <div class="contButton">
    <a class="button bgRed white addToCart" href="#">Add</a>
</div>
</div><div class="left product prod205"
        data-name="Carciof Spic Nat Cannone G2650"
        data-price="13.67"
        data-id="26539"
        data-available="yes"
        data-category="6570"
        data-bestselling="">
    <a href="https://www.spesati.com/carciof-spic-nat-cannone-g2650">
        <div style="background-image: url('https://cdn.spesati.com/images/products/missing-image/missing-image.jpg')">
            <div class="hover"></div>
            
            <div class="stickers"></div>
        </div>
    </a>
    <div>
        <h4><a href="https://www.spesati.com/carciof-spic-nat-cannone-g2650"><b>Carciof Spic Nat Cannone G2650</b></a></h4>
        <p class="description">2.65 Kg</p>
        <p class="right price"><b>13.67 €</b></p>
        <p class="right unitPrice">5.16 € per kg</p>
    </div>
    <div class="contButton">
    <a class="button bgRed white addToCart" href="#">Add</a>
</div>
</div><div class="left product prod206"
        data-name="Carciofi Spic Ol Cannone G2560"
        data-price="15.25"
        data-id="26540"
        data-available="yes"
        data-category="6570"
        data-bestselling="">
    <a href="https://www.spesati.com/carciofi-spic-ol-cannone-g2560">
        <div style="background-image: url('https://cdn.spesati.com/images/products/missing-image/missing-image.jpg')">
            <div class="hover"></div>
            
            <div class="stickers"></div>
        </div>
    </a>
    <div>
        <h4><a href="https://www.spesati.com/carciofi-spic-ol-cannone-g2560"><b>Carciofi Spic Ol Cannone G2560</b></a></h4>
        <p class="description">2.65 Kg</p>
        <p class="right price"><b>15.25 €</b></p>
        <p class="right unitPrice">5.75 € per kg</p>
    </div>
    <div class="contButton">
    <a class="button bgRed white addToCart" href="#">Add</a>
</div>
</div><div class="left product prod207"
        data-name="Colatura Zarotti Alici 100ml"
        data-price="10.06"
        data-id="26949"
        data-available="yes"
        data-category="4629"
        data-bestselling="">
    <a href="https://www.spesati.com/colatura-zarotti-alici-100ml">
        <div style="background-image: url('https://cdn.spesati.com/images/products/missing-image/missing-image.jpg')">
            <div class="hover"></div>
            
            <div class="stickers"></div>
        </div>
    </a>
    <div>
        <h4><a href="https://www.spesati.com/colatura-zarotti-alici-100ml"><b>Colatura Zarotti Alici 100ml</b></a></h4>
        <p class="description">0.72 Kg</p>
        <p class="right price"><b>10.06 €</b></p>
        <p class="right unitPrice">13.97 € per kg</p>
    </div>
    <div class="contButton">
    <a class="button bgRed white addToCart" href="#">Add</a>
</div>
</div><div class="left product prod208"
        data-name="Carciofi Rust Cannone Gr1700"
        data-price="18.40"
        data-id="26541"
        data-available="yes"
        data-category="6570"
        data-bestselling="">
    <a href="https://www.spesati.com/carciofi-rust-cannone-gr1700">
        <div style="background-image: url('https://cdn.spesati.com/images/products/missing-image/missing-image.jpg')">
            <div class="hover"></div>
            
            <div class="stickers"></div>
        </div>
    </a>
    <div>
        <h4><a href="https://www.spesati.com/carciofi-rust-cannone-gr1700"><b>Carciofi Rust Cannone Gr1700</b></a></h4>
        <p class="description">1.7 Kg</p>
        <p class="right price"><b>18.40 €</b></p>
        <p class="right unitPrice">10.82 € per kg</p>
    </div>
    <div class="contButton">
    <a class="button bgRed white addToCart" href="#">Add</a>
</div>
</div><div class="left product prod209"
        data-name="Cipolline Aceto Mag Orto 314m"
        data-price="1.26"
        data-id="26963"
        data-available="yes"
        data-category="6655"
        data-bestselling="">
    <a href="https://www.spesati.com/cipolline-aceto-mag-orto-314m">
        <div style="background-image: url('https://cdn.spesati.com/images/products/missing-image/missing-image.jpg')">
            <div class="hover"></div>
            
            <div class="stickers"></div>
        </div>
    </a>
    <div>
        <h4><a href="https://www.spesati.com/cipolline-aceto-mag-orto-314m"><b>Cipolline Aceto Mag Orto 314m</b></a></h4>
        <p class="description">0.3 Kg</p>
        <p class="right price"><b>1.26 €</b></p>
        <p class="right unitPrice">4.21 € per kg</p>
    </div>
    <div class="contButton">
    <a class="button bgRed white addToCart" href="#">Add</a>
</div>
</div><div class="left product prod210"
        data-name="Carciofi Int Nat Cannon Gr2650"
        data-price="15.89"
        data-id="26542"
        data-available="yes"
        data-category="431"
        data-bestselling="">
    <a href="https://www.spesati.com/carciofi-int-nat-cannon-gr2650">
        <div style="background-image: url('https://cdn.spesati.com/images/products/missing-image/missing-image.jpg')">
            <div class="hover"></div>
            
            <div class="stickers"></div>
        </div>
    </a>
    <div>
        <h4><a href="https://www.spesati.com/carciofi-int-nat-cannon-gr2650"><b>Carciofi Int Nat Cannon Gr2650</b></a></h4>
        <p class="description">2.65 Kg</p>
        <p class="right price"><b>15.89 €</b></p>
        <p class="right unitPrice">6.00 € per kg</p>
    </div>
    <div class="contButton">
    <a class="button bgRed white addToCart" href="#">Add</a>
</div>
</div><div class="left product prod211"
        data-name="Carcio Spic Conta Cannon G1700"
        data-price="13.66"
        data-id="26544"
        data-available="yes"
        data-category="6570"
        data-bestselling="">
    <a href="https://www.spesati.com/carcio-spic-conta-cannon-g1700">
        <div style="background-image: url('https://cdn.spesati.com/images/products/missing-image/missing-image.jpg')">
            <div class="hover"></div>
            
            <div class="stickers"></div>
        </div>
    </a>
    <div>
        <h4><a href="https://www.spesati.com/carcio-spic-conta-cannon-g1700"><b>Carcio Spic Conta Cannon G1700</b></a></h4>
        <p class="description">1.7 Kg</p>
        <p class="right price"><b>13.66 €</b></p>
        <p class="right unitPrice">8.03 € per kg</p>
    </div>
    <div class="contButton">
    <a class="button bgRed white addToCart" href="#">Add</a>
</div>
</div><div class="left product prod212"
        data-name="Carciof Spac Ol Cannone Gr1700"
        data-price="15.50"
        data-id="26545"
        data-available="yes"
        data-category="6570"
        data-bestselling="">
    <a href="https://www.spesati.com/carciof-spac-ol-cannone-gr1700">
        <div style="background-image: url('https://cdn.spesati.com/images/products/missing-image/missing-image.jpg')">
            <div class="hover"></div>
            
            <div class="stickers"></div>
        </div>
    </a>
    <div>
        <h4><a href="https://www.spesati.com/carciof-spac-ol-cannone-gr1700"><b>Carciof Spac Ol Cannone Gr1700</b></a></h4>
        <p class="description">1.7 Kg</p>
        <p class="right price"><b>15.50 €</b></p>
        <p class="right unitPrice">9.12 € per kg</p>
    </div>
    <div class="contButton">
    <a class="button bgRed white addToCart" href="#">Add</a>
</div>
</div><div class="left product prod213"
        data-name="Carciof Int Oli Cannone Gr1700"
        data-price="22.22"
        data-id="26546"
        data-available="yes"
        data-category="6570"
        data-bestselling="">
    <a href="https://www.spesati.com/carciof-int-oli-cannone-gr1700">
        <div style="background-image: url('https://cdn.spesati.com/images/products/missing-image/missing-image.jpg')">
            <div class="hover"></div>
            
            <div class="stickers"></div>
        </div>
    </a>
    <div>
        <h4><a href="https://www.spesati.com/carciof-int-oli-cannone-gr1700"><b>Carciof Int Oli Cannone Gr1700</b></a></h4>
        <p class="description">1.7 Kg</p>
        <p class="right price"><b>22.22 €</b></p>
        <p class="right unitPrice">13.07 € per kg</p>
    </div>
    <div class="contButton">
    <a class="button bgRed white addToCart" href="#">Add</a>
</div>
</div><div class="left product prod214"
        data-name="Foglie Carc Ol Cannone Gr1700"
        data-price="12.71"
        data-id="26547"
        data-available="yes"
        data-category="6570"
        data-bestselling="">
    <a href="https://www.spesati.com/foglie-carc-ol-cannone-gr1700">
        <div style="background-image: url('https://cdn.spesati.com/images/products/missing-image/missing-image.jpg')">
            <div class="hover"></div>
            
            <div class="stickers"></div>
        </div>
    </a>
    <div>
        <h4><a href="https://www.spesati.com/foglie-carc-ol-cannone-gr1700"><b>Foglie Carc Ol Cannone Gr1700</b></a></h4>
        <p class="description">1.7 Kg</p>
        <p class="right price"><b>12.71 €</b></p>
        <p class="right unitPrice">7.48 € per kg</p>
    </div>
    <div class="contButton">
    <a class="button bgRed white addToCart" href="#">Add</a>
</div>
</div><div class="left product prod215"
        data-name="Fun Colt Pizzaio Cannon Gr1700"
        data-price="20.65"
        data-id="26548"
        data-available="yes"
        data-category="6653"
        data-bestselling="">
    <a href="https://www.spesati.com/fun-colt-pizzaio-cannon-gr1700">
        <div style="background-image: url('https://cdn.spesati.com/images/products/missing-image/missing-image.jpg')">
            <div class="hover"></div>
            
            <div class="stickers"></div>
        </div>
    </a>
    <div>
        <h4><a href="https://www.spesati.com/fun-colt-pizzaio-cannon-gr1700"><b>Fun Colt Pizzaio Cannon Gr1700</b></a></h4>
        <p class="description">1.7 Kg</p>
        <p class="right price"><b>20.65 €</b></p>
        <p class="right unitPrice">12.14 € per kg</p>
    </div>
    <div class="contButton">
    <a class="button bgRed white addToCart" href="#">Add</a>
</div>
</div><div class="left product prod216"
        data-name="Salsa Pistacchio Ve Greci 500g"
        data-price="36.54"
        data-id="27622"
        data-available="yes"
        data-category="6570"
        data-bestselling="">
    <a href="https://www.spesati.com/salsa-pistacchio-ve-greci-500g">
        <div style="background-image: url('https://cdn.spesati.com/images/products/missing-image/missing-image.jpg')">
            <div class="hover"></div>
            
            <div class="stickers"></div>
        </div>
    </a>
    <div>
        <h4><a href="https://www.spesati.com/salsa-pistacchio-ve-greci-500g"><b>Salsa Pistacchio Ve Greci 500g</b></a></h4>
        <p class="description">0.5 Kg</p>
        <p class="right price"><b>36.54 €</b></p>
        <p class="right unitPrice">73.08 € per kg</p>
    </div>
    <div class="contButton">
    <a class="button bgRed white addToCart" href="#">Add</a>
</div>
</div><div class="left product prod217"
        data-name="Fung Col Tag Oli Cannone G1700"
        data-price="17.47"
        data-id="26553"
        data-available="yes"
        data-category="6653"
        data-bestselling="">
    <a href="https://www.spesati.com/fung-col-tag-oli-cannone-g1700">
        <div style="background-image: url('https://cdn.spesati.com/images/products/missing-image/missing-image.jpg')">
            <div class="hover"></div>
            
            <div class="stickers"></div>
        </div>
    </a>
    <div>
        <h4><a href="https://www.spesati.com/fung-col-tag-oli-cannone-g1700"><b>Fung Col Tag Oli Cannone G1700</b></a></h4>
        <p class="description">1.7 Kg</p>
        <p class="right price"><b>17.47 €</b></p>
        <p class="right unitPrice">10.27 € per kg</p>
    </div>
    <div class="contButton">
    <a class="button bgRed white addToCart" href="#">Add</a>
</div>
</div><div class="left product prod218"
        data-name="Funghi Tagl Nat Cannone Gr1200"
        data-price="11.13"
        data-id="26554"
        data-available="yes"
        data-category="6653"
        data-bestselling="">
    <a href="https://www.spesati.com/funghi-tagl-nat-cannone-gr1200">
        <div style="background-image: url('https://cdn.spesati.com/images/products/missing-image/missing-image.jpg')">
            <div class="hover"></div>
            
            <div class="stickers"></div>
        </div>
    </a>
    <div>
        <h4><a href="https://www.spesati.com/funghi-tagl-nat-cannone-gr1200"><b>Funghi Tagl Nat Cannone Gr1200</b></a></h4>
        <p class="description">2.65 Kg</p>
        <p class="right price"><b>11.13 €</b></p>
        <p class="right unitPrice">4.20 € per kg</p>
    </div>
    <div class="contButton">
    <a class="button bgRed white addToCart" href="#">Add</a>
</div>
</div><div class="left product prod219"
        data-name="Funghi Trif Ol Cannone Gr2560"
        data-price="15.89"
        data-id="26555"
        data-available="yes"
        data-category="6653"
        data-bestselling="">
    <a href="https://www.spesati.com/funghi-trif-ol-cannone-gr2560">
        <div style="background-image: url('https://cdn.spesati.com/images/products/missing-image/missing-image.jpg')">
            <div class="hover"></div>
            
            <div class="stickers"></div>
        </div>
    </a>
    <div>
        <h4><a href="https://www.spesati.com/funghi-trif-ol-cannone-gr2560"><b>Funghi Trif Ol Cannone Gr2560</b></a></h4>
        <p class="description">2.65 Kg</p>
        <p class="right price"><b>15.89 €</b></p>
        <p class="right unitPrice">6.00 € per kg</p>
    </div>
    <div class="contButton">
    <a class="button bgRed white addToCart" href="#">Add</a>
</div>
</div><div class="left product prod220"
        data-name="Crema C Isola Funghi 90gr"
        data-price="2.99"
        data-id="32654"
        data-available="yes"
        data-category="6570"
        data-bestselling="">
    <a href="https://www.spesati.com/crema-c-isola-funghi-90gr">
        <div style="background-image: url('https://cdn.spesati.com/images/products/missing-image/missing-image.jpg')">
            <div class="hover"></div>
            
            <div class="stickers"></div>
        </div>
    </a>
    <div>
        <h4><a href="https://www.spesati.com/crema-c-isola-funghi-90gr"><b>Crema C Isola Funghi 90gr</b></a></h4>
        <p class="description">0.09 Kg</p>
        <p class="right price"><b>2.99 €</b></p>
        <p class="right unitPrice">33.22 € per kg</p>
    </div>
    <div class="contButton">
    <a class="button bgRed white addToCart" href="#">Add</a>
</div>
</div><div class="left product prod221"
        data-name="Melanz Fet Ol Cannone Gr1700"
        data-price="11.14"
        data-id="26556"
        data-available="yes"
        data-category="6570"
        data-bestselling="">
    <a href="https://www.spesati.com/melanz-fet-ol-cannone-gr1700">
        <div style="background-image: url('https://cdn.spesati.com/images/products/missing-image/missing-image.jpg')">
            <div class="hover"></div>
            
            <div class="stickers"></div>
        </div>
    </a>
    <div>
        <h4><a href="https://www.spesati.com/melanz-fet-ol-cannone-gr1700"><b>Melanz Fet Ol Cannone Gr1700</b></a></h4>
        <p class="description">1.7 Kg</p>
        <p class="right price"><b>11.14 €</b></p>
        <p class="right unitPrice">6.56 € per kg</p>
    </div>
    <div class="contButton">
    <a class="button bgRed white addToCart" href="#">Add</a>
</div>
</div><div class="left product prod222"
        data-name="Crema C Isola Campagnola 90gr"
        data-price="2.99"
        data-id="32655"
        data-available="yes"
        data-category="6570"
        data-bestselling="">
    <a href="https://www.spesati.com/crema-c-isola-campagnola-90gr">
        <div style="background-image: url('https://cdn.spesati.com/images/products/missing-image/missing-image.jpg')">
            <div class="hover"></div>
            
            <div class="stickers"></div>
        </div>
    </a>
    <div>
        <h4><a href="https://www.spesati.com/crema-c-isola-campagnola-90gr"><b>Crema C Isola Campagnola 90gr</b></a></h4>
        <p class="description">0.09 Kg</p>
        <p class="right price"><b>2.99 €</b></p>
        <p class="right unitPrice">33.22 € per kg</p>
    </div>
    <div class="contButton">
    <a class="button bgRed white addToCart" href="#">Add</a>
</div>
</div><div class="left product prod223"
        data-name="Melanz Filet Cannone Gr1700"
        data-price="11.14"
        data-id="26557"
        data-available="yes"
        data-category="6570"
        data-bestselling="">
    <a href="https://www.spesati.com/melanz-filet-cannone-gr1700">
        <div style="background-image: url('https://cdn.spesati.com/images/products/missing-image/missing-image.jpg')">
            <div class="hover"></div>
            
            <div class="stickers"></div>
        </div>
    </a>
    <div>
        <h4><a href="https://www.spesati.com/melanz-filet-cannone-gr1700"><b>Melanz Filet Cannone Gr1700</b></a></h4>
        <p class="description">1.7 Kg</p>
        <p class="right price"><b>11.14 €</b></p>
        <p class="right unitPrice">6.56 € per kg</p>
    </div>
    <div class="contButton">
    <a class="button bgRed white addToCart" href="#">Add</a>
</div>
</div><div class="left product prod224"
        data-name="Melanz Fil Oli Cannone Gr3100"
        data-price="17.47"
        data-id="26558"
        data-available="yes"
        data-category="6570"
        data-bestselling="">
    <a href="https://www.spesati.com/melanz-fil-oli-cannone-gr3100">
        <div style="background-image: url('https://cdn.spesati.com/images/products/missing-image/missing-image.jpg')">
            <div class="hover"></div>
            
            <div class="stickers"></div>
        </div>
    </a>
    <div>
        <h4><a href="https://www.spesati.com/melanz-fil-oli-cannone-gr3100"><b>Melanz Fil Oli Cannone Gr3100</b></a></h4>
        <p class="description">3.1 Kg</p>
        <p class="right price"><b>17.47 €</b></p>
        <p class="right unitPrice">5.63 € per kg</p>
    </div>
    <div class="contButton">
    <a class="button bgRed white addToCart" href="#">Add</a>
</div>
</div><div class="left product prod225"
        data-name="Pomod Secc Ol Cannone Gr3100"
        data-price="25.40"
        data-id="26559"
        data-available="yes"
        data-category="6570"
        data-bestselling="">
    <a href="https://www.spesati.com/pomod-secc-ol-cannone-gr3100">
        <div style="background-image: url('https://cdn.spesati.com/images/products/missing-image/missing-image.jpg')">
            <div class="hover"></div>
            
            <div class="stickers"></div>
        </div>
    </a>
    <div>
        <h4><a href="https://www.spesati.com/pomod-secc-ol-cannone-gr3100"><b>Pomod Secc Ol Cannone Gr3100</b></a></h4>
        <p class="description">3.1 Kg</p>
        <p class="right price"><b>25.40 €</b></p>
        <p class="right unitPrice">8.20 € per kg</p>
    </div>
    <div class="contButton">
    <a class="button bgRed white addToCart" href="#">Add</a>
</div>
</div><div class="left product prod226"
        data-name="Fogl Carciof Ol Cannone Gr3100"
        data-price="20.62"
        data-id="26560"
        data-available="yes"
        data-category="6570"
        data-bestselling="">
    <a href="https://www.spesati.com/fogl-carciof-ol-cannone-gr3100">
        <div style="background-image: url('https://cdn.spesati.com/images/products/missing-image/missing-image.jpg')">
            <div class="hover"></div>
            
            <div class="stickers"></div>
        </div>
    </a>
    <div>
        <h4><a href="https://www.spesati.com/fogl-carciof-ol-cannone-gr3100"><b>Fogl Carciof Ol Cannone Gr3100</b></a></h4>
        <p class="description">3.1 Kg</p>
        <p class="right price"><b>20.62 €</b></p>
        <p class="right unitPrice">6.66 € per kg</p>
    </div>
    <div class="contButton">
    <a class="button bgRed white addToCart" href="#">Add</a>
</div>
</div><div class="left product prod227"
        data-name="Giardiniera Coelsanus Gr1700"
        data-price="5.72"
        data-id="26563"
        data-available="yes"
        data-category="431"
        data-bestselling="">
    <a href="https://www.spesati.com/giardiniera-coelsanus-gr1700">
        <div style="background-image: url('https://cdn.spesati.com/images/products/missing-image/missing-image.jpg')">
            <div class="hover"></div>
            
            <div class="stickers"></div>
        </div>
    </a>
    <div>
        <h4><a href="https://www.spesati.com/giardiniera-coelsanus-gr1700"><b>Giardiniera Coelsanus Gr1700</b></a></h4>
        <p class="description">1.7 Kg</p>
        <p class="right price"><b>5.72 €</b></p>
        <p class="right unitPrice">3.37 € per kg</p>
    </div>
    <div class="contButton">
    <a class="button bgRed white addToCart" href="#">Add</a>
</div>
</div><div class="left product prod228"
        data-name="Cipolline Aceto Coelsanu G1700"
        data-price="6.76"
        data-id="26564"
        data-available="yes"
        data-category="6655"
        data-bestselling="">
    <a href="https://www.spesati.com/cipolline-aceto-coelsanu-g1700">
        <div style="background-image: url('https://cdn.spesati.com/images/products/missing-image/missing-image.jpg')">
            <div class="hover"></div>
            
            <div class="stickers"></div>
        </div>
    </a>
    <div>
        <h4><a href="https://www.spesati.com/cipolline-aceto-coelsanu-g1700"><b>Cipolline Aceto Coelsanu G1700</b></a></h4>
        <p class="description">1.7 Kg</p>
        <p class="right price"><b>6.76 €</b></p>
        <p class="right unitPrice">3.98 € per kg</p>
    </div>
    <div class="contButton">
    <a class="button bgRed white addToCart" href="#">Add</a>
</div>
</div><div class="left product prod229"
        data-name="Cetrioli Medi Coelsanus G1700"
        data-price="7.35"
        data-id="26565"
        data-available="yes"
        data-category="6608"
        data-bestselling="">
    <a href="https://www.spesati.com/cetrioli-medi-coelsanus-g1700">
        <div style="background-image: url('https://cdn.spesati.com/images/products/missing-image/missing-image.jpg')">
            <div class="hover"></div>
            
            <div class="stickers"></div>
        </div>
    </a>
    <div>
        <h4><a href="https://www.spesati.com/cetrioli-medi-coelsanus-g1700"><b>Cetrioli Medi Coelsanus G1700</b></a></h4>
        <p class="description">1.7 Kg</p>
        <p class="right price"><b>7.35 €</b></p>
        <p class="right unitPrice">4.32 € per kg</p>
    </div>
    <div class="contButton">
    <a class="button bgRed white addToCart" href="#">Add</a>
</div>
</div><div class="left product prod230"
        data-name="Peperoni Filetti Coelsan G1700"
        data-price="7.32"
        data-id="26566"
        data-available="yes"
        data-category="6668"
        data-bestselling="">
    <a href="https://www.spesati.com/peperoni-filetti-coelsan-g1700">
        <div style="background-image: url('https://cdn.spesati.com/images/products/missing-image/missing-image.jpg')">
            <div class="hover"></div>
            
            <div class="stickers"></div>
        </div>
    </a>
    <div>
        <h4><a href="https://www.spesati.com/peperoni-filetti-coelsan-g1700"><b>Peperoni Filetti Coelsan G1700</b></a></h4>
        <p class="description">1.7 Kg</p>
        <p class="right price"><b>7.32 €</b></p>
        <p class="right unitPrice">4.30 € per kg</p>
    </div>
    <div class="contButton">
    <a class="button bgRed white addToCart" href="#">Add</a>
</div>
</div><div class="left product prod231"
        data-name="Olive Verdi Cerig Coels Gr1680"
        data-price="10.29"
        data-id="26567"
        data-available="yes"
        data-category="5760"
        data-bestselling="">
    <a href="https://www.spesati.com/olive-verdi-cerig-coels-gr1680">
        <div style="background-image: url('https://cdn.spesati.com/images/products/missing-image/missing-image.jpg')">
            <div class="hover"></div>
            
            <div class="stickers"></div>
        </div>
    </a>
    <div>
        <h4><a href="https://www.spesati.com/olive-verdi-cerig-coels-gr1680"><b>Olive Verdi Cerig Coels Gr1680</b></a></h4>
        <p class="description">1.68 Kg</p>
        <p class="right price"><b>10.29 €</b></p>
        <p class="right unitPrice">6.13 € per kg</p>
    </div>
    <div class="contButton">
    <a class="button bgRed white addToCart" href="#">Add</a>
</div>
</div><div class="left product prod232"
        data-name="Olive Verdi Denoc Coelsa G1700"
        data-price="7.94"
        data-id="26568"
        data-available="yes"
        data-category="5760"
        data-bestselling="">
    <a href="https://www.spesati.com/olive-verdi-denoc-coelsa-g1700">
        <div style="background-image: url('https://cdn.spesati.com/images/products/missing-image/missing-image.jpg')">
            <div class="hover"></div>
            
            <div class="stickers"></div>
        </div>
    </a>
    <div>
        <h4><a href="https://www.spesati.com/olive-verdi-denoc-coelsa-g1700"><b>Olive Verdi Denoc Coelsa G1700</b></a></h4>
        <p class="description">1.7 Kg</p>
        <p class="right price"><b>7.94 €</b></p>
        <p class="right unitPrice">4.68 € per kg</p>
    </div>
    <div class="contButton">
    <a class="button bgRed white addToCart" href="#">Add</a>
</div>
</div><div class="left product prod233"
        data-name="Pomodorini Secc Ol Coels G1700"
        data-price="16.16"
        data-id="26569"
        data-available="yes"
        data-category="6570"
        data-bestselling="">
    <a href="https://www.spesati.com/pomodorini-secc-ol-coels-g1700">
        <div style="background-image: url('https://cdn.spesati.com/images/products/missing-image/missing-image.jpg')">
            <div class="hover"></div>
            
            <div class="stickers"></div>
        </div>
    </a>
    <div>
        <h4><a href="https://www.spesati.com/pomodorini-secc-ol-coels-g1700"><b>Pomodorini Secc Ol Coels G1700</b></a></h4>
        <p class="description">1.7 Kg</p>
        <p class="right price"><b>16.16 €</b></p>
        <p class="right unitPrice">9.50 € per kg</p>
    </div>
    <div class="contButton">
    <a class="button bgRed white addToCart" href="#">Add</a>
</div>
</div><div class="left product prod234"
        data-name="Olive Verdi Iposea Intere 314g"
        data-price="1.91"
        data-id="64896"
        data-available="yes"
        data-category="5760"
        data-bestselling="">
    <a href="https://www.spesati.com/olive-verdi-iposea-intere-314g">
        <div style="background-image: url('https://cdn.spesati.com/images/products/missing-image/missing-image.jpg')">
            <div class="hover"></div>
            
            <div class="stickers"></div>
        </div>
    </a>
    <div>
        <h4><a href="https://www.spesati.com/olive-verdi-iposea-intere-314g"><b>Olive Verdi Iposea Intere 314g</b></a></h4>
        <p class="description">0.31 Kg</p>
        <p class="right price"><b>1.91 €</b></p>
        <p class="right unitPrice">6.16 € per kg</p>
    </div>
    <div class="contButton">
    <a class="button bgRed white addToCart" href="#">Add</a>
</div>
</div><div class="left product prod235"
        data-name="Farci Toast Olio Coelsan G1540"
        data-price="11.90"
        data-id="26570"
        data-available="yes"
        data-category="431"
        data-bestselling="">
    <a href="https://www.spesati.com/farci-toast-olio-coelsan-g1540">
        <div style="background-image: url('https://cdn.spesati.com/images/products/missing-image/missing-image.jpg')">
            <div class="hover"></div>
            
            <div class="stickers"></div>
        </div>
    </a>
    <div>
        <h4><a href="https://www.spesati.com/farci-toast-olio-coelsan-g1540"><b>Farci Toast Olio Coelsan G1540</b></a></h4>
        <p class="description">1.54 Kg</p>
        <p class="right price"><b>11.90 €</b></p>
        <p class="right unitPrice">7.72 € per kg</p>
    </div>
    <div class="contButton">
    <a class="button bgRed white addToCart" href="#">Add</a>
</div>
</div><div class="left product prod236"
        data-name="Filett Acciughe Idp O/evo 100g"
        data-price="11.59"
        data-id="67767"
        data-available="yes"
        data-category="4629"
        data-bestselling="">
    <a href="https://www.spesati.com/filett-acciughe-idp-oevo-100g">
        <div style="background-image: url('https://cdn.spesati.com/images/products/missing-image/missing-image.jpg')">
            <div class="hover"></div>
            
            <div class="stickers"></div>
        </div>
    </a>
    <div>
        <h4><a href="https://www.spesati.com/filett-acciughe-idp-oevo-100g"><b>Filett Acciughe Idp O/evo 100g</b></a></h4>
        <p class="description">0.1 Kg</p>
        <p class="right price"><b>11.59 €</b></p>
        <p class="right unitPrice">115.90 € per kg</p>
    </div>
    <div class="contButton">
    <a class="button bgRed white addToCart" href="#">Add</a>
</div>
</div><div class="left product prod237"
        data-name="Antip Verdur Olio Coelsa G1700"
        data-price="12.71"
        data-id="26571"
        data-available="yes"
        data-category="6668"
        data-bestselling="">
    <a href="https://www.spesati.com/antip-verdur-olio-coelsa-g1700">
        <div style="background-image: url('https://cdn.spesati.com/images/products/missing-image/missing-image.jpg')">
            <div class="hover"></div>
            
            <div class="stickers"></div>
        </div>
    </a>
    <div>
        <h4><a href="https://www.spesati.com/antip-verdur-olio-coelsa-g1700"><b>Antip Verdur Olio Coelsa G1700</b></a></h4>
        <p class="description">1.7 Kg</p>
        <p class="right price"><b>12.71 €</b></p>
        <p class="right unitPrice">7.48 € per kg</p>
    </div>
    <div class="contButton">
    <a class="button bgRed white addToCart" href="#">Add</a>
</div>
</div><div class="left product prod238"
        data-name="Carcio Spic Natu Pralv 2x1700g"
        data-price="20.47"
        data-id="68358"
        data-available="yes"
        data-category="6570"
        data-bestselling="">
    <a href="https://www.spesati.com/carcio-spic-natu-pralv-2x1700g">
        <div style="background-image: url('https://cdn.spesati.com/images/products/missing-image/missing-image.jpg')">
            <div class="hover"></div>
            
            <div class="stickers"></div>
        </div>
    </a>
    <div>
        <h4><a href="https://www.spesati.com/carcio-spic-natu-pralv-2x1700g"><b>Carcio Spic Natu Pralv 2x1700g</b></a></h4>
        <p class="description">3.4 Kg</p>
        <p class="right price"><b>20.47 €</b></p>
        <p class="right unitPrice">6.02 € per kg</p>
    </div>
    <div class="contButton">
    <a class="button bgRed white addToCart" href="#">Add</a>
</div>
</div><div class="left product prod239"
        data-name="Olive Verdi Intere Coels 4250k"
        data-price="15.60"
        data-id="26572"
        data-available="yes"
        data-category="5760"
        data-bestselling="">
    <a href="https://www.spesati.com/olive-verdi-intere-coels-4250k">
        <div style="background-image: url('https://cdn.spesati.com/images/products/missing-image/missing-image.jpg')">
            <div class="hover"></div>
            
            <div class="stickers"></div>
        </div>
    </a>
    <div>
        <h4><a href="https://www.spesati.com/olive-verdi-intere-coels-4250k"><b>Olive Verdi Intere Coels 4250k</b></a></h4>
        <p class="description">4.25 Kg</p>
        <p class="right price"><b>15.60 €</b></p>
        <p class="right unitPrice">3.67 € per kg</p>
    </div>
    <div class="contButton">
    <a class="button bgRed white addToCart" href="#">Add</a>
</div>
</div><div class="left product prod240"
        data-name="Fung Porcini Trif Pralver 700g"
        data-price="12.87"
        data-id="68361"
        data-available="yes"
        data-category="6653"
        data-bestselling="">
    <a href="https://www.spesati.com/fung-porcini-trif-pralver-700g">
        <div style="background-image: url('https://cdn.spesati.com/images/products/missing-image/missing-image.jpg')">
            <div class="hover"></div>
            
            <div class="stickers"></div>
        </div>
    </a>
    <div>
        <h4><a href="https://www.spesati.com/fung-porcini-trif-pralver-700g"><b>Fung Porcini Trif Pralver 700g</b></a></h4>
        <p class="description">0.7 Kg</p>
        <p class="right price"><b>12.87 €</b></p>
        <p class="right unitPrice">18.39 € per kg</p>
    </div>
    <div class="contButton">
    <a class="button bgRed white addToCart" href="#">Add</a>
</div>
</div><div class="left product prod241"
        data-name="Olive Nere Denoci Coelsa G4250"
        data-price="13.16"
        data-id="26573"
        data-available="yes"
        data-category="5760"
        data-bestselling="">
    <a href="https://www.spesati.com/olive-nere-denoci-coelsa-g4250">
        <div style="background-image: url('https://cdn.spesati.com/images/products/missing-image/missing-image.jpg')">
            <div class="hover"></div>
            
            <div class="stickers"></div>
        </div>
    </a>
    <div>
        <h4><a href="https://www.spesati.com/olive-nere-denoci-coelsa-g4250"><b>Olive Nere Denoci Coelsa G4250</b></a></h4>
        <p class="description">4.25 Kg</p>
        <p class="right price"><b>13.16 €</b></p>
        <p class="right unitPrice">3.09 € per kg</p>
    </div>
    <div class="contButton">
    <a class="button bgRed white addToCart" href="#">Add</a>
</div>
</div><div class="left product prod242"
        data-name="Frutti Capper Ace Coelsa Kg1"
        data-price="11.93"
        data-id="26574"
        data-available="yes"
        data-category="5760"
        data-bestselling="">
    <a href="https://www.spesati.com/frutti-capper-ace-coelsa-kg1">
        <div style="background-image: url('https://cdn.spesati.com/images/products/missing-image/missing-image.jpg')">
            <div class="hover"></div>
            
            <div class="stickers"></div>
        </div>
    </a>
    <div>
        <h4><a href="https://www.spesati.com/frutti-capper-ace-coelsa-kg1"><b>Frutti Capper Ace Coelsa Kg1</b></a></h4>
        <p class="description">1 Kg</p>
        <p class="right price"><b>11.93 €</b></p>
        <p class="right unitPrice">11.92 € per kg</p>
    </div>
    <div class="contButton">
    <a class="button bgRed white addToCart" href="#">Add</a>
</div>
</div><div class="left product prod243"
        data-name="Cipoll Boret Coelsan Chef G850"
        data-price="8.75"
        data-id="26593"
        data-available="yes"
        data-category="6655"
        data-bestselling="">
    <a href="https://www.spesati.com/cipoll-boret-coelsan-chef-g850">
        <div style="background-image: url('https://cdn.spesati.com/images/products/missing-image/missing-image.jpg')">
            <div class="hover"></div>
            
            <div class="stickers"></div>
        </div>
    </a>
    <div>
        <h4><a href="https://www.spesati.com/cipoll-boret-coelsan-chef-g850"><b>Cipoll Boret Coelsan Chef G850</b></a></h4>
        <p class="description">0.85 Kg</p>
        <p class="right price"><b>8.75 €</b></p>
        <p class="right unitPrice">10.29 € per kg</p>
    </div>
    <div class="contButton">
    <a class="button bgRed white addToCart" href="#">Add</a>
</div>
</div><div class="left product prod244"
        data-name="Insalata In Aceto Coelsan M580"
        data-price="2.33"
        data-id="26595"
        data-available="yes"
        data-category="431"
        data-bestselling="">
    <a href="https://www.spesati.com/insalata-in-aceto-coelsan-m580">
        <div style="background-image: url('https://cdn.spesati.com/images/products/missing-image/missing-image.jpg')">
            <div class="hover"></div>
            
            <div class="stickers"></div>
        </div>
    </a>
    <div>
        <h4><a href="https://www.spesati.com/insalata-in-aceto-coelsan-m580"><b>Insalata In Aceto Coelsan M580</b></a></h4>
        <p class="description">0.58 Lt</p>
        <p class="right price"><b>2.33 €</b></p>
        <p class="right unitPrice">4.02 € per litre</p>
    </div>
    <div class="contButton">
    <a class="button bgRed white addToCart" href="#">Add</a>
</div>
</div><div class="left product prod245"
        data-name="Carciof Spic O-semi Vaso G1450"
        data-price="20.88"
        data-id="26597"
        data-available="yes"
        data-category="6570"
        data-bestselling="">
    <a href="https://www.spesati.com/carciof-spic-o-semi-vaso-g1450">
        <div style="background-image: url('https://cdn.spesati.com/images/products/missing-image/missing-image.jpg')">
            <div class="hover"></div>
            
            <div class="stickers"></div>
        </div>
    </a>
    <div>
        <h4><a href="https://www.spesati.com/carciof-spic-o-semi-vaso-g1450"><b>Carciof Spic O-semi Vaso G1450</b></a></h4>
        <p class="description">1.45 Kg</p>
        <p class="right price"><b>20.88 €</b></p>
        <p class="right unitPrice">14.40 € per kg</p>
    </div>
    <div class="contButton">
    <a class="button bgRed white addToCart" href="#">Add</a>
</div>
</div><div class="left product prod246"
        data-name="Alici In Pezzi Zarotti 720gr"
        data-price="14.66"
        data-id="71877"
        data-available="yes"
        data-category="4629"
        data-bestselling="">
    <a href="https://www.spesati.com/alici-in-pezzi-zarotti-720gr">
        <div style="background-image: url('https://cdn.spesati.com/images/products/missing-image/missing-image.jpg')">
            <div class="hover"></div>
            
            <div class="stickers"></div>
        </div>
    </a>
    <div>
        <h4><a href="https://www.spesati.com/alici-in-pezzi-zarotti-720gr"><b>Alici In Pezzi Zarotti 720gr</b></a></h4>
        <p class="description">0.72 Kg</p>
        <p class="right price"><b>14.66 €</b></p>
        <p class="right unitPrice">20.36 € per kg</p>
    </div>
    <div class="contButton">
    <a class="button bgRed white addToCart" href="#">Add</a>
</div>
</div><div class="left product prod247"
        data-name="Olive Nere Rond Coelsan Ml4250"
        data-price="14.30"
        data-id="26598"
        data-available="yes"
        data-category="5760"
        data-bestselling="">
    <a href="https://www.spesati.com/olive-nere-rond-coelsan-ml4250">
        <div style="background-image: url('https://cdn.spesati.com/images/products/missing-image/missing-image.jpg')">
            <div class="hover"></div>
            
            <div class="stickers"></div>
        </div>
    </a>
    <div>
        <h4><a href="https://www.spesati.com/olive-nere-rond-coelsan-ml4250"><b>Olive Nere Rond Coelsan Ml4250</b></a></h4>
        <p class="description">4.25 Lt</p>
        <p class="right price"><b>14.30 €</b></p>
        <p class="right unitPrice">3.37 € per litre</p>
    </div>
    <div class="contButton">
    <a class="button bgRed white addToCart" href="#">Add</a>
</div>
</div><div class="left product prod248"
        data-name="Oliv Verd Gig Den Coels Ml4250"
        data-price="15.24"
        data-id="26599"
        data-available="yes"
        data-category="5760"
        data-bestselling="">
    <a href="https://www.spesati.com/oliv-verd-gig-den-coels-ml4250">
        <div style="background-image: url('https://cdn.spesati.com/images/products/missing-image/missing-image.jpg')">
            <div class="hover"></div>
            
            <div class="stickers"></div>
        </div>
    </a>
    <div>
        <h4><a href="https://www.spesati.com/oliv-verd-gig-den-coels-ml4250"><b>Oliv Verd Gig Den Coels Ml4250</b></a></h4>
        <p class="description">4.25 Lt</p>
        <p class="right price"><b>15.24 €</b></p>
        <p class="right unitPrice">3.59 € per litre</p>
    </div>
    <div class="contButton">
    <a class="button bgRed white addToCart" href="#">Add</a>
</div>
</div><div class="left product prod249"
        data-name="Fil Alici Zarot O Gi Pez 900gr"
        data-price="17.51"
        data-id="26606"
        data-available="yes"
        data-category="4629"
        data-bestselling="">
    <a href="https://www.spesati.com/fil-alici-zarot-o-gi-pez-900gr">
        <div style="background-image: url('https://cdn.spesati.com/images/products/missing-image/missing-image.jpg')">
            <div class="hover"></div>
            
            <div class="stickers"></div>
        </div>
    </a>
    <div>
        <h4><a href="https://www.spesati.com/fil-alici-zarot-o-gi-pez-900gr"><b>Fil Alici Zarot O Gi Pez 900gr</b></a></h4>
        <p class="description">0.9 Kg</p>
        <p class="right price"><b>17.51 €</b></p>
        <p class="right unitPrice">19.46 € per kg</p>
    </div>
    <div class="contButton">
    <a class="button bgRed white addToCart" href="#">Add</a>
</div>
</div><div class="left product prod250"
        data-name="Funghi Olio S Giras Vaso 1600g"
        data-price="31.21"
        data-id="26613"
        data-available="yes"
        data-category="6653"
        data-bestselling="">
    <a href="https://www.spesati.com/funghi-olio-s-giras-vaso-1600g">
        <div style="background-image: url('https://cdn.spesati.com/images/products/missing-image/missing-image.jpg')">
            <div class="hover"></div>
            
            <div class="stickers"></div>
        </div>
    </a>
    <div>
        <h4><a href="https://www.spesati.com/funghi-olio-s-giras-vaso-1600g"><b>Funghi Olio S Giras Vaso 1600g</b></a></h4>
        <p class="description">1.6 Kg</p>
        <p class="right price"><b>31.21 €</b></p>
        <p class="right unitPrice">19.50 € per kg</p>
    </div>
    <div class="contButton">
    <a class="button bgRed white addToCart" href="#">Add</a>
</div>
</div><div class="left product prod251"
        data-name="Crema Carciofo Con Muggin 500g"
        data-price="15.86"
        data-id="26616"
        data-available="yes"
        data-category="4629"
        data-bestselling="">
    <a href="https://www.spesati.com/crema-carciofo-con-muggin-500g">
        <div style="background-image: url('https://cdn.spesati.com/images/products/missing-image/missing-image.jpg')">
            <div class="hover"></div>
            
            <div class="stickers"></div>
        </div>
    </a>
    <div>
        <h4><a href="https://www.spesati.com/crema-carciofo-con-muggin-500g"><b>Crema Carciofo Con Muggin 500g</b></a></h4>
        <p class="description">0.5 Kg</p>
        <p class="right price"><b>15.86 €</b></p>
        <p class="right unitPrice">31.72 € per kg</p>
    </div>
    <div class="contButton">
    <a class="button bgRed white addToCart" href="#">Add</a>
</div>
</div><div class="left product prod252"
        data-name="Gransal Zarot Tonn Mexic 250gr"
        data-price="3.11"
        data-id="78257"
        data-available="yes"
        data-category="4629"
        data-bestselling="">
    <a href="https://www.spesati.com/gransal-zarot-tonn-mexic-250gr">
        <div style="background-image: url('https://cdn.spesati.com/images/products/missing-image/missing-image.jpg')">
            <div class="hover"></div>
            
            <div class="stickers"></div>
        </div>
    </a>
    <div>
        <h4><a href="https://www.spesati.com/gransal-zarot-tonn-mexic-250gr"><b>Gransal Zarot Tonn Mexic 250gr</b></a></h4>
        <p class="description">0.25 Kg</p>
        <p class="right price"><b>3.11 €</b></p>
        <p class="right unitPrice">12.42 € per kg</p>
    </div>
    <div class="contButton">
    <a class="button bgRed white addToCart" href="#">Add</a>
</div>
</div><div class="left product prod253"
        data-name="Cavolfiori O Giras Vaso 1600gr"
        data-price="25.39"
        data-id="26617"
        data-available="yes"
        data-category="6570"
        data-bestselling="">
    <a href="https://www.spesati.com/cavolfiori-o-giras-vaso-1600gr">
        <div style="background-image: url('https://cdn.spesati.com/images/products/missing-image/missing-image.jpg')">
            <div class="hover"></div>
            
            <div class="stickers"></div>
        </div>
    </a>
    <div>
        <h4><a href="https://www.spesati.com/cavolfiori-o-giras-vaso-1600gr"><b>Cavolfiori O Giras Vaso 1600gr</b></a></h4>
        <p class="description">1.6 Kg</p>
        <p class="right price"><b>25.39 €</b></p>
        <p class="right unitPrice">15.87 € per kg</p>
    </div>
    <div class="contButton">
    <a class="button bgRed white addToCart" href="#">Add</a>
</div>
</div><div class="left product prod254"
        data-name="Crema Carciofo Condito 500g"
        data-price="11.11"
        data-id="26618"
        data-available="yes"
        data-category="6570"
        data-bestselling="">
    <a href="https://www.spesati.com/crema-carciofo-condito-500g">
        <div style="background-image: url('https://cdn.spesati.com/images/products/missing-image/missing-image.jpg')">
            <div class="hover"></div>
            
            <div class="stickers"></div>
        </div>
    </a>
    <div>
        <h4><a href="https://www.spesati.com/crema-carciofo-condito-500g"><b>Crema Carciofo Condito 500g</b></a></h4>
        <p class="description">0.5 Kg</p>
        <p class="right price"><b>11.11 €</b></p>
        <p class="right unitPrice">22.22 € per kg</p>
    </div>
    <div class="contButton">
    <a class="button bgRed white addToCart" href="#">Add</a>
</div>
</div><div class="left product prod255"
        data-name="Olive Verdi C/isola Intere 200"
        data-price="1.75"
        data-id="83345"
        data-available="yes"
        data-category="5760"
        data-bestselling="">
    <a href="https://www.spesati.com/olive-verdi-cisola-intere-200">
        <div style="background-image: url('https://cdn.spesati.com/images/products/missing-image/missing-image.jpg')">
            <div class="hover"></div>
            
            <div class="stickers"></div>
        </div>
    </a>
    <div>
        <h4><a href="https://www.spesati.com/olive-verdi-cisola-intere-200"><b>Olive Verdi C/isola Intere 200</b></a></h4>
        <p class="description">0.2 Kg</p>
        <p class="right price"><b>1.75 €</b></p>
        <p class="right unitPrice">8.76 € per kg</p>
    </div>
    <div class="contButton">
    <a class="button bgRed white addToCart" href="#">Add</a>
</div>
</div><div class="left product prod256"
        data-name="Crema Asparagi 500g"
        data-price="11.11"
        data-id="26620"
        data-available="yes"
        data-category="6570"
        data-bestselling="">
    <a href="https://www.spesati.com/crema-asparagi-500g">
        <div style="background-image: url('https://cdn.spesati.com/images/products/missing-image/missing-image.jpg')">
            <div class="hover"></div>
            
            <div class="stickers"></div>
        </div>
    </a>
    <div>
        <h4><a href="https://www.spesati.com/crema-asparagi-500g"><b>Crema Asparagi 500g</b></a></h4>
        <p class="description">0.5 Kg</p>
        <p class="right price"><b>11.11 €</b></p>
        <p class="right unitPrice">22.22 € per kg</p>
    </div>
    <div class="contButton">
    <a class="button bgRed white addToCart" href="#">Add</a>
</div>
</div><div class="left product prod257"
        data-name="Ceci Rdg Al Naturale 370ml"
        data-price="1.39"
        data-id="83372"
        data-available="yes"
        data-category="431"
        data-bestselling="">
    <a href="https://www.spesati.com/ceci-rdg-al-naturale-370ml">
        <div style="background-image: url('https://cdn.spesati.com/images/products/missing-image/missing-image.jpg')">
            <div class="hover"></div>
            
            <div class="stickers"></div>
        </div>
    </a>
    <div>
        <h4><a href="https://www.spesati.com/ceci-rdg-al-naturale-370ml"><b>Ceci Rdg Al Naturale 370ml</b></a></h4>
        <p class="description">0.37 Lt</p>
        <p class="right price"><b>1.39 €</b></p>
        <p class="right unitPrice">3.75 € per litre</p>
    </div>
    <div class="contButton">
    <a class="button bgRed white addToCart" href="#">Add</a>
</div>
</div><div class="left product prod258"
        data-name="Crema Carciofo D.o.p 500g"
        data-price="11.11"
        data-id="26621"
        data-available="yes"
        data-category="6570"
        data-bestselling="">
    <a href="https://www.spesati.com/crema-carciofo-dop-500g">
        <div style="background-image: url('https://cdn.spesati.com/images/products/missing-image/missing-image.jpg')">
            <div class="hover"></div>
            
            <div class="stickers"></div>
        </div>
    </a>
    <div>
        <h4><a href="https://www.spesati.com/crema-carciofo-dop-500g"><b>Crema Carciofo D.o.p 500g</b></a></h4>
        <p class="description">0.5 Kg</p>
        <p class="right price"><b>11.11 €</b></p>
        <p class="right unitPrice">22.22 € per kg</p>
    </div>
    <div class="contButton">
    <a class="button bgRed white addToCart" href="#">Add</a>
</div>
</div><div class="left product prod259"
        data-name="Fagioli Cannel Rdg Al Nat 350m"
        data-price="1.39"
        data-id="83375"
        data-available="yes"
        data-category="431"
        data-bestselling="">
    <a href="https://www.spesati.com/fagioli-cannel-rdg-al-nat-350m">
        <div style="background-image: url('https://cdn.spesati.com/images/products/missing-image/missing-image.jpg')">
            <div class="hover"></div>
            
            <div class="stickers"></div>
        </div>
    </a>
    <div>
        <h4><a href="https://www.spesati.com/fagioli-cannel-rdg-al-nat-350m"><b>Fagioli Cannel Rdg Al Nat 350m</b></a></h4>
        <p class="description">0.35 Kg</p>
        <p class="right price"><b>1.39 €</b></p>
        <p class="right unitPrice">3.97 € per kg</p>
    </div>
    <div class="contButton">
    <a class="button bgRed white addToCart" href="#">Add</a>
</div>
</div><div class="left product prod260"
        data-name="Peperonc Carc E Mugg Vs 1600gr"
        data-price="47.73"
        data-id="26622"
        data-available="yes"
        data-category="6570"
        data-bestselling="">
    <a href="https://www.spesati.com/peperonc-carc-e-mugg-vs-1600gr">
        <div style="background-image: url('https://cdn.spesati.com/images/products/missing-image/missing-image.jpg')">
            <div class="hover"></div>
            
            <div class="stickers"></div>
        </div>
    </a>
    <div>
        <h4><a href="https://www.spesati.com/peperonc-carc-e-mugg-vs-1600gr"><b>Peperonc Carc E Mugg Vs 1600gr</b></a></h4>
        <p class="description">1.6 Kg</p>
        <p class="right price"><b>47.73 €</b></p>
        <p class="right unitPrice">29.83 € per kg</p>
    </div>
    <div class="contButton">
    <a class="button bgRed white addToCart" href="#">Add</a>
</div>
</div><div class="left product prod261"
        data-name="Fagioli Borlot Rdg Al Nat 370m"
        data-price="1.39"
        data-id="83378"
        data-available="yes"
        data-category="431"
        data-bestselling="">
    <a href="https://www.spesati.com/fagioli-borlot-rdg-al-nat-370m">
        <div style="background-image: url('https://cdn.spesati.com/images/products/missing-image/missing-image.jpg')">
            <div class="hover"></div>
            
            <div class="stickers"></div>
        </div>
    </a>
    <div>
        <h4><a href="https://www.spesati.com/fagioli-borlot-rdg-al-nat-370m"><b>Fagioli Borlot Rdg Al Nat 370m</b></a></h4>
        <p class="description">0.37 Lt</p>
        <p class="right price"><b>1.39 €</b></p>
        <p class="right unitPrice">3.75 € per litre</p>
    </div>
    <div class="contButton">
    <a class="button bgRed white addToCart" href="#">Add</a>
</div>
</div><div class="left product prod262"
        data-name="Crema Carciofo Con Bottar 500g"
        data-price="22.26"
        data-id="26623"
        data-available="yes"
        data-category="4629"
        data-bestselling="">
    <a href="https://www.spesati.com/crema-carciofo-con-bottar-500g">
        <div style="background-image: url('https://cdn.spesati.com/images/products/missing-image/missing-image.jpg')">
            <div class="hover"></div>
            
            <div class="stickers"></div>
        </div>
    </a>
    <div>
        <h4><a href="https://www.spesati.com/crema-carciofo-con-bottar-500g"><b>Crema Carciofo Con Bottar 500g</b></a></h4>
        <p class="description">0.5 Kg</p>
        <p class="right price"><b>22.26 €</b></p>
        <p class="right unitPrice">44.51 € per kg</p>
    </div>
    <div class="contButton">
    <a class="button bgRed white addToCart" href="#">Add</a>
</div>
</div><div class="left product prod263"
        data-name="Funghi Rdg Porcini Al Nat 180g"
        data-price="8.19"
        data-id="83411"
        data-available="yes"
        data-category="6653"
        data-bestselling="">
    <a href="https://www.spesati.com/funghi-rdg-porcini-al-nat-180g">
        <div style="background-image: url('https://cdn.spesati.com/images/products/missing-image/missing-image.jpg')">
            <div class="hover"></div>
            
            <div class="stickers"></div>
        </div>
    </a>
    <div>
        <h4><a href="https://www.spesati.com/funghi-rdg-porcini-al-nat-180g"><b>Funghi Rdg Porcini Al Nat 180g</b></a></h4>
        <p class="description">0.25 Kg</p>
        <p class="right price"><b>8.19 €</b></p>
        <p class="right unitPrice">32.75 € per kg</p>
    </div>
    <div class="contButton">
    <a class="button bgRed white addToCart" href="#">Add</a>
</div>
</div><div class="left product prod264"
        data-name="Crema Peperone Giallo 500gr"
        data-price="11.11"
        data-id="26624"
        data-available="yes"
        data-category="6570"
        data-bestselling="">
    <a href="https://www.spesati.com/crema-peperone-giallo-500gr">
        <div style="background-image: url('https://cdn.spesati.com/images/products/missing-image/missing-image.jpg')">
            <div class="hover"></div>
            
            <div class="stickers"></div>
        </div>
    </a>
    <div>
        <h4><a href="https://www.spesati.com/crema-peperone-giallo-500gr"><b>Crema Peperone Giallo 500gr</b></a></h4>
        <p class="description">0.5 Kg</p>
        <p class="right price"><b>11.11 €</b></p>
        <p class="right unitPrice">22.22 € per kg</p>
    </div>
    <div class="contButton">
    <a class="button bgRed white addToCart" href="#">Add</a>
</div>
</div><div class="left product prod265"
        data-name="Crema Peper Rosso Piccant 500g"
        data-price="11.11"
        data-id="26625"
        data-available="yes"
        data-category="6570"
        data-bestselling="">
    <a href="https://www.spesati.com/crema-peper-rosso-piccant-500g">
        <div style="background-image: url('https://cdn.spesati.com/images/products/missing-image/missing-image.jpg')">
            <div class="hover"></div>
            
            <div class="stickers"></div>
        </div>
    </a>
    <div>
        <h4><a href="https://www.spesati.com/crema-peper-rosso-piccant-500g"><b>Crema Peper Rosso Piccant 500g</b></a></h4>
        <p class="description">0.5 Kg</p>
        <p class="right price"><b>11.11 €</b></p>
        <p class="right unitPrice">22.22 € per kg</p>
    </div>
    <div class="contButton">
    <a class="button bgRed white addToCart" href="#">Add</a>
</div>
</div><div class="left product prod266"
        data-name="Funghi Rdg Porcini Interi 540g"
        data-price="29.57"
        data-id="83459"
        data-available="yes"
        data-category="6653"
        data-bestselling="">
    <a href="https://www.spesati.com/funghi-rdg-porcini-interi-540g">
        <div style="background-image: url('https://cdn.spesati.com/images/products/missing-image/missing-image.jpg')">
            <div class="hover"></div>
            
            <div class="stickers"></div>
        </div>
    </a>
    <div>
        <h4><a href="https://www.spesati.com/funghi-rdg-porcini-interi-540g"><b>Funghi Rdg Porcini Interi 540g</b></a></h4>
        <p class="description">0.54 Kg</p>
        <p class="right price"><b>29.57 €</b></p>
        <p class="right unitPrice">54.76 € per kg</p>
    </div>
    <div class="contButton">
    <a class="button bgRed white addToCart" href="#">Add</a>
</div>
</div><div class="left product prod267"
        data-name="Cardi Olio Girasole 1400gr"
        data-price="28.55"
        data-id="26626"
        data-available="yes"
        data-category="6570"
        data-bestselling="">
    <a href="https://www.spesati.com/cardi-olio-girasole-1400gr">
        <div style="background-image: url('https://cdn.spesati.com/images/products/missing-image/missing-image.jpg')">
            <div class="hover"></div>
            
            <div class="stickers"></div>
        </div>
    </a>
    <div>
        <h4><a href="https://www.spesati.com/cardi-olio-girasole-1400gr"><b>Cardi Olio Girasole 1400gr</b></a></h4>
        <p class="description">1.4 Kg</p>
        <p class="right price"><b>28.55 €</b></p>
        <p class="right unitPrice">20.39 € per kg</p>
    </div>
    <div class="contButton">
    <a class="button bgRed white addToCart" href="#">Add</a>
</div>
</div><div class="left product prod268"
        data-name="La Giardiniera T.mano Rdg 540g"
        data-price="6.99"
        data-id="83483"
        data-available="yes"
        data-category="431"
        data-bestselling="">
    <a href="https://www.spesati.com/la-giardiniera-tmano-rdg-540g">
        <div style="background-image: url('https://cdn.spesati.com/images/products/missing-image/missing-image.jpg')">
            <div class="hover"></div>
            
            <div class="stickers"></div>
        </div>
    </a>
    <div>
        <h4><a href="https://www.spesati.com/la-giardiniera-tmano-rdg-540g"><b>La Giardiniera T.mano Rdg 540g</b></a></h4>
        <p class="description">0.54 Kg</p>
        <p class="right price"><b>6.99 €</b></p>
        <p class="right unitPrice">12.95 € per kg</p>
    </div>
    <div class="contButton">
    <a class="button bgRed white addToCart" href="#">Add</a>
</div>
</div><div class="left product prod269"
        data-name="Crema C Isola Cardi Selv 90gr"
        data-price="2.99"
        data-id="83618"
        data-available="yes"
        data-category="6570"
        data-bestselling="">
    <a href="https://www.spesati.com/crema-c-isola-cardi-selv-90gr">
        <div style="background-image: url('https://cdn.spesati.com/images/products/missing-image/missing-image.jpg')">
            <div class="hover"></div>
            
            <div class="stickers"></div>
        </div>
    </a>
    <div>
        <h4><a href="https://www.spesati.com/crema-c-isola-cardi-selv-90gr"><b>Crema C Isola Cardi Selv 90gr</b></a></h4>
        <p class="description">0.09 Kg</p>
        <p class="right price"><b>2.99 €</b></p>
        <p class="right unitPrice">33.22 € per kg</p>
    </div>
    <div class="contButton">
    <a class="button bgRed white addToCart" href="#">Add</a>
</div>
</div><div class="left product prod270"
        data-name="Olive Int Nere Sacla 4250kg"
        data-price="13.14"
        data-id="26632"
        data-available="yes"
        data-category="5760"
        data-bestselling="">
    <a href="https://www.spesati.com/olive-int-nere-sacla-4250kg">
        <div style="background-image: url('https://cdn.spesati.com/images/products/missing-image/missing-image.jpg')">
            <div class="hover"></div>
            
            <div class="stickers"></div>
        </div>
    </a>
    <div>
        <h4><a href="https://www.spesati.com/olive-int-nere-sacla-4250kg"><b>Olive Int Nere Sacla 4250kg</b></a></h4>
        <p class="description">4.25 Kg</p>
        <p class="right price"><b>13.14 €</b></p>
        <p class="right unitPrice">3.09 € per kg</p>
    </div>
    <div class="contButton">
    <a class="button bgRed white addToCart" href="#">Add</a>
</div>
</div><div class="left product prod271"
        data-name="Olive Rondel Ver Sacla 4100kg"
        data-price="14.70"
        data-id="26634"
        data-available="yes"
        data-category="5760"
        data-bestselling="">
    <a href="https://www.spesati.com/olive-rondel-ver-sacla-4100kg">
        <div style="background-image: url('https://cdn.spesati.com/images/products/missing-image/missing-image.jpg')">
            <div class="hover"></div>
            
            <div class="stickers"></div>
        </div>
    </a>
    <div>
        <h4><a href="https://www.spesati.com/olive-rondel-ver-sacla-4100kg"><b>Olive Rondel Ver Sacla 4100kg</b></a></h4>
        <p class="description">4.1 Kg</p>
        <p class="right price"><b>14.70 €</b></p>
        <p class="right unitPrice">3.59 € per kg</p>
    </div>
    <div class="contButton">
    <a class="button bgRed white addToCart" href="#">Add</a>
</div>
</div><div class="left product prod272"
        data-name="Olive Gig Verdi Sacla 4100kg"
        data-price="17.17"
        data-id="26635"
        data-available="yes"
        data-category="5760"
        data-bestselling="">
    <a href="https://www.spesati.com/olive-gig-verdi-sacla-4100kg">
        <div style="background-image: url('https://cdn.spesati.com/images/products/missing-image/missing-image.jpg')">
            <div class="hover"></div>
            
            <div class="stickers"></div>
        </div>
    </a>
    <div>
        <h4><a href="https://www.spesati.com/olive-gig-verdi-sacla-4100kg"><b>Olive Gig Verdi Sacla 4100kg</b></a></h4>
        <p class="description">4.1 Kg</p>
        <p class="right price"><b>17.17 €</b></p>
        <p class="right unitPrice">4.19 € per kg</p>
    </div>
    <div class="contButton">
    <a class="button bgRed white addToCart" href="#">Add</a>
</div>
</div><div class="left product prod273"
        data-name="Olive Denoc Nere Sacla 2000gr"
        data-price="12.89"
        data-id="87627"
        data-available="yes"
        data-category="5760"
        data-bestselling="">
    <a href="https://www.spesati.com/olive-denoc-nere-sacla-2000gr">
        <div style="background-image: url('https://cdn.spesati.com/images/products/missing-image/missing-image.jpg')">
            <div class="hover"></div>
            
            <div class="stickers"></div>
        </div>
    </a>
    <div>
        <h4><a href="https://www.spesati.com/olive-denoc-nere-sacla-2000gr"><b>Olive Denoc Nere Sacla 2000gr</b></a></h4>
        <p class="description">2 Kg</p>
        <p class="right price"><b>12.89 €</b></p>
        <p class="right unitPrice">6.45 € per kg</p>
    </div>
    <div class="contButton">
    <a class="button bgRed white addToCart" href="#">Add</a>
</div>
</div><div class="left product prod274"
        data-name="Zucchin Sa Marig Ol Vaso 1500g"
        data-price="17.44"
        data-id="26638"
        data-available="yes"
        data-category="6570"
        data-bestselling="">
    <a href="https://www.spesati.com/zucchin-sa-marig-ol-vaso-1500g">
        <div style="background-image: url('https://cdn.spesati.com/images/products/missing-image/missing-image.jpg')">
            <div class="hover"></div>
            
            <div class="stickers"></div>
        </div>
    </a>
    <div>
        <h4><a href="https://www.spesati.com/zucchin-sa-marig-ol-vaso-1500g"><b>Zucchin Sa Marig Ol Vaso 1500g</b></a></h4>
        <p class="description">1.5 Kg</p>
        <p class="right price"><b>17.44 €</b></p>
        <p class="right unitPrice">11.63 € per kg</p>
    </div>
    <div class="contButton">
    <a class="button bgRed white addToCart" href="#">Add</a>
</div>
</div><div class="left product prod275"
        data-name="Peperoni Agrodolce Vaso 1600g"
        data-price="19.05"
        data-id="26642"
        data-available="yes"
        data-category="6570"
        data-bestselling="">
    <a href="https://www.spesati.com/peperoni-agrodolce-vaso-1600g">
        <div style="background-image: url('https://cdn.spesati.com/images/products/missing-image/missing-image.jpg')">
            <div class="hover"></div>
            
            <div class="stickers"></div>
        </div>
    </a>
    <div>
        <h4><a href="https://www.spesati.com/peperoni-agrodolce-vaso-1600g"><b>Peperoni Agrodolce Vaso 1600g</b></a></h4>
        <p class="description">1.6 Kg</p>
        <p class="right price"><b>19.05 €</b></p>
        <p class="right unitPrice">11.90 € per kg</p>
    </div>
    <div class="contButton">
    <a class="button bgRed white addToCart" href="#">Add</a>
</div>
</div><div class="left product prod276"
        data-name="Palmito Al Naturale Gr 410"
        data-price="4.89"
        data-id="34728"
        data-available="no"
        data-category="431"
        data-bestselling="">
    <a href="https://www.spesati.com/palmito-al-naturale-gr-410">
        <div style="background-image: url('https://cdn.spesati.com/images/products/000650125/tropicana-cuore-di-palma-in-salamoia-410-g-01.png')">
            <div class="hover"></div>
            
            <div class="stickers"></div>
        </div>
    </a>
    <div>
        <h4><a href="https://www.spesati.com/palmito-al-naturale-gr-410"><b>Palmito Al Naturale Gr 410</b></a></h4>
        <p class="description">Tropicana Cuore di Palma in Salamoia 410 g</p>
        <p class="right price"><b>4.89 €</b></p>
        <p class="right unitPrice">11.92 € per kg</p>
    </div>
    <div class="notAvailable">
    <a class="button bgDarkGrey white" href="https://www.spesati.com/palmito-al-naturale-gr-410">Not available</a>
</div>
</div><div class="left product prod277"
        data-name="Mais Bonduelle 300 Gr"
        data-price="1.85"
        data-id="5767"
        data-available="no"
        data-category="1534"
        data-bestselling="">
    <a href="https://www.spesati.com/mais-bonduelle-300-gr">
        <div style="background-image: url('https://cdn.spesati.com/images/products/000503934/bonduelle-mais-300-g-01.png')">
            <div class="hover"></div>
            
            <div class="stickers"></div>
        </div>
    </a>
    <div>
        <h4><a href="https://www.spesati.com/mais-bonduelle-300-gr"><b>Mais Bonduelle 300 Gr</b></a></h4>
        <p class="description">Bonduelle Mais 300 g</p>
        <p class="right price"><b>1.85 €</b></p>
        <p class="right unitPrice">6.16 € per kg</p>
    </div>
    <div class="notAvailable">
    <a class="button bgDarkGrey white" href="https://www.spesati.com/mais-bonduelle-300-gr">Not available</a>
</div>
</div><div class="left product prod278"
        data-name="Germogli Soia Bonduelle 3x200g"
        data-price="4.34"
        data-id="33925"
        data-available="no"
        data-category="431"
        data-bestselling="">
    <a href="https://www.spesati.com/germogli-soia-bonduelle-3x200g">
        <div style="background-image: url('https://cdn.spesati.com/images/products/000503933/bonduelle-germogli-3-x-200-g-01.png')">
            <div class="hover"></div>
            
            <div class="stickers"></div>
        </div>
    </a>
    <div>
        <h4><a href="https://www.spesati.com/germogli-soia-bonduelle-3x200g"><b>Germogli Soia Bonduelle 3x200g</b></a></h4>
        <p class="description">Bonduelle Germogli 3 x 200 g</p>
        <p class="right price"><b>4.34 €</b></p>
        <p class="right unitPrice">7.24 € per kg</p>
    </div>
    <div class="notAvailable">
    <a class="button bgDarkGrey white" href="https://www.spesati.com/germogli-soia-bonduelle-3x200g">Not available</a>
</div>
</div><div class="left product prod279"
        data-name="Cannellini Vapore Bonduelle 310Gr"
        data-price="1.19"
        data-id="4724"
        data-available="no"
        data-category="431"
        data-bestselling="">
    <a href="https://www.spesati.com/cannellini-vapore-bonduelle-310gr">
        <div style="background-image: url('https://cdn.spesati.com/images/products/000503932/bonduelle-cannellini-al-vapore-310-g-01.png')">
            <div class="hover"></div>
            
            <div class="stickers"></div>
        </div>
    </a>
    <div>
        <h4><a href="https://www.spesati.com/cannellini-vapore-bonduelle-310gr"><b>Cannellini Vapore Bonduelle 310Gr</b></a></h4>
        <p class="description">Bonduelle Cannellini al Vapore 310 g</p>
        <p class="right price"><b>1.19 €</b></p>
        <p class="right unitPrice">3.85 € per kg</p>
    </div>
    <div class="notAvailable">
    <a class="button bgDarkGrey white" href="https://www.spesati.com/cannellini-vapore-bonduelle-310gr">Not available</a>
</div>
</div><div class="left product prod280"
        data-name="Tonno Mare Aperto O Oliv 3x70g"
        data-price="3.90"
        data-id="85264"
        data-available="no"
        data-category="4629"
        data-bestselling="">
    <a href="https://www.spesati.com/tonno-mare-aperto-o-oliv-3x70g">
        <div style="background-image: url('https://cdn.spesati.com/images/products/000436535/mare-aperto-tonno-olio-di-oliva-e-un-pizzico-di-sale-3-x-70-g-01.png')">
            <div class="hover"></div>
            
            <div class="stickers"></div>
        </div>
    </a>
    <div>
        <h4><a href="https://www.spesati.com/tonno-mare-aperto-o-oliv-3x70g"><b>Tonno Mare Aperto O Oliv 3x70g</b></a></h4>
        <p class="description">Mare Aperto Tonno, Olio di Oliva e un Pizzico di Sale 3 x 70 g</p>
        <p class="right price"><b>3.90 €</b></p>
        <p class="right unitPrice">18.59 € per kg</p>
    </div>
    <div class="notAvailable">
    <a class="button bgDarkGrey white" href="https://www.spesati.com/tonno-mare-aperto-o-oliv-3x70g">Not available</a>
</div>
</div><div class="left product prod281"
        data-name="Fil Sgombro Zarotti O/o 250gr"
        data-price="5.90"
        data-id="78251"
        data-available="no"
        data-category="4629"
        data-bestselling="">
    <a href="https://www.spesati.com/fil-sgombro-zarotti-oo-250gr">
        <div style="background-image: url('https://cdn.spesati.com/images/products/000435593/zarotti-sgombro-cuor-di-filetto-in-olio-doliva-250-g-01.png')">
            <div class="hover"></div>
            
            <div class="stickers"></div>
        </div>
    </a>
    <div>
        <h4><a href="https://www.spesati.com/fil-sgombro-zarotti-oo-250gr"><b>Fil Sgombro Zarotti O/o 250gr</b></a></h4>
        <p class="description">Zarotti Sgombro Cuor di Filetto in Olio d'Oliva 250 g</p>
        <p class="right price"><b>5.90 €</b></p>
        <p class="right unitPrice">23.60 € per kg</p>
    </div>
    <div class="notAvailable">
    <a class="button bgDarkGrey white" href="https://www.spesati.com/fil-sgombro-zarotti-oo-250gr">Not available</a>
</div>
</div><div class="left product prod282"
        data-name="Filetti Alici Regnoli 1.9kg"
        data-price="31.90"
        data-id="26977"
        data-available="no"
        data-category="4629"
        data-bestselling="">
    <a href="https://www.spesati.com/filetti-alici-regnoli-19kg">
        <div style="background-image: url('https://cdn.spesati.com/images/products/000120024/medusa-filetti-di-alici-marinati-1900-g-01.png')">
            <div class="hover"></div>
            
            <div class="stickers"></div>
        </div>
    </a>
    <div>
        <h4><a href="https://www.spesati.com/filetti-alici-regnoli-19kg"><b>Filetti Alici Regnoli 1.9kg</b></a></h4>
        <p class="description">Medusa Filetti di Alici Marinati 1900 g</p>
        <p class="right price"><b>31.90 €</b></p>
        <p class="right unitPrice">16.79 € per kg</p>
    </div>
    <div class="notAvailable">
    <a class="button bgDarkGrey white" href="https://www.spesati.com/filetti-alici-regnoli-19kg">Not available</a>
</div>
</div><div class="left product prod283"
        data-name="Fagioli Red Kidney 2.6kg"
        data-price="6.45"
        data-id="26935"
        data-available="no"
        data-category="431"
        data-bestselling="">
    <a href="https://www.spesati.com/fagioli-red-kidney-26kg">
        <div style="background-image: url('https://cdn.spesati.com/images/products/000119380/valfrutta-granchef-cotti-a-vapore-fagioli-red-kidney-2100-g-01.png')">
            <div class="hover"></div>
            
            <div class="stickers"></div>
        </div>
    </a>
    <div>
        <h4><a href="https://www.spesati.com/fagioli-red-kidney-26kg"><b>Fagioli Red Kidney 2.6kg</b></a></h4>
        <p class="description">Valfrutta Granchef Cotti a Vapore Fagioli Red Kidney 2100 g</p>
        <p class="right price"><b>6.45 €</b></p>
        <p class="right unitPrice">2.49 € per kg</p>
    </div>
    <div class="notAvailable">
    <a class="button bgDarkGrey white" href="https://www.spesati.com/fagioli-red-kidney-26kg">Not available</a>
</div>
</div><div class="left product prod284"
        data-name="Funghi Iposea Granresa Ml850"
        data-price="10.23"
        data-id="26901"
        data-available="no"
        data-category="6653"
        data-bestselling="">
    <a href="https://www.spesati.com/funghi-iposea-granresa-ml850">
        <div style="background-image: url('https://cdn.spesati.com/images/products/000119345/iposea-food-service-funghi-porcini-trifolati-in-olio-di-semi-di-girasole-800-g-01.png')">
            <div class="hover"></div>
            
            <div class="stickers"></div>
        </div>
    </a>
    <div>
        <h4><a href="https://www.spesati.com/funghi-iposea-granresa-ml850"><b>Funghi Iposea Granresa Ml850</b></a></h4>
        <p class="description">Iposea Food Service Funghi Porcini trifolati in olio di semi di girasole 800 g</p>
        <p class="right price"><b>10.23 €</b></p>
        <p class="right unitPrice">12.03 € per kg</p>
    </div>
    <div class="notAvailable">
    <a class="button bgDarkGrey white" href="https://www.spesati.com/funghi-iposea-granresa-ml850">Not available</a>
</div>
</div><div class="left product prod285"
        data-name="Zuppa Knorr Ceci Latta 545gr"
        data-price="3.85"
        data-id="26894"
        data-available="no"
        data-category="431"
        data-bestselling="">
    <a href="https://www.spesati.com/zuppa-knorr-ceci-latta-545gr">
        <div style="background-image: url('https://cdn.spesati.com/images/products/000119334/knorr-zuppa-di-ceci-545-g-01.png')">
            <div class="hover"></div>
            
            <div class="stickers"></div>
        </div>
    </a>
    <div>
        <h4><a href="https://www.spesati.com/zuppa-knorr-ceci-latta-545gr"><b>Zuppa Knorr Ceci Latta 545gr</b></a></h4>
        <p class="description">Knorr Zuppa di Ceci 545 g</p>
        <p class="right price"><b>3.85 €</b></p>
        <p class="right unitPrice">7.06 € per kg</p>
    </div>
    <div class="notAvailable">
    <a class="button bgDarkGrey white" href="https://www.spesati.com/zuppa-knorr-ceci-latta-545gr">Not available</a>
</div>
</div><div class="left product prod286"
        data-name="Tonno Cons Bric Latt O S 1000g"
        data-price="13.89"
        data-id="26718"
        data-available="no"
        data-category="4629"
        data-bestselling="">
    <a href="https://www.spesati.com/tonno-cons-bric-latt-o-s-1000g">
        <div style="background-image: url('https://cdn.spesati.com/images/products/000117763/consorcio-briciole-di-tonno-in-olio-di-semi-di-girasole-1000-g-01.png')">
            <div class="hover"></div>
            
            <div class="stickers"></div>
        </div>
    </a>
    <div>
        <h4><a href="https://www.spesati.com/tonno-cons-bric-latt-o-s-1000g"><b>Tonno Cons Bric Latt O S 1000g</b></a></h4>
        <p class="description">Consorcio Briciole di Tonno in olio di semi di girasole 1000 g</p>
        <p class="right price"><b>13.89 €</b></p>
        <p class="right unitPrice">13.89 € per kg</p>
    </div>
    <div class="notAvailable">
    <a class="button bgDarkGrey white" href="https://www.spesati.com/tonno-cons-bric-latt-o-s-1000g">Not available</a>
</div>
</div><div class="left product prod287"
        data-name="Tonno Nostromo C-fagioli 2x150"
        data-price="3.44"
        data-id="26666"
        data-available="no"
        data-category="4629"
        data-bestselling="">
    <a href="https://www.spesati.com/tonno-nostromo-c-fagioli-2x150">
        <div style="background-image: url('https://cdn.spesati.com/images/products/000117569/nostromo-fagioli-e-tonno-2-x-150-g-01.png')">
            <div class="hover"></div>
            
            <div class="stickers"></div>
        </div>
    </a>
    <div>
        <h4><a href="https://www.spesati.com/tonno-nostromo-c-fagioli-2x150"><b>Tonno Nostromo C-fagioli 2x150</b></a></h4>
        <p class="description">Nostromo Fagioli e Tonno 2 x 150 g</p>
        <p class="right price"><b>3.44 €</b></p>
        <p class="right unitPrice">11.46 € per kg</p>
    </div>
    <div class="notAvailable">
    <a class="button bgDarkGrey white" href="https://www.spesati.com/tonno-nostromo-c-fagioli-2x150">Not available</a>
</div>
</div><div class="left product prod288"
        data-name="salmone al naturale rio mare"
        data-price="7.32"
        data-id="2659"
        data-available="no"
        data-category="4629"
        data-bestselling="1">
    <a href="https://www.spesati.com/salmone-al-naturale-rio-mare">
        <div style="background-image: url('https://cdn.spesati.com/images/products/000117549/rio-mare-filetto-di-salmone-al-naturale-al-vapore-125-g-01.png')">
            <div class="hover"></div>
            <p class="arrow bgRed white">Best Seller</p>
            <div class="stickers"></div>
        </div>
    </a>
    <div>
        <h4><a href="https://www.spesati.com/salmone-al-naturale-rio-mare"><b>salmone al naturale rio mare</b></a></h4>
        <p class="description">Rio mare Filetto di Salmone al Naturale al Vapore 125 g</p>
        <p class="right price"><b>7.32 €</b></p>
        <p class="right unitPrice">58.56 € per kg</p>
    </div>
    <div class="notAvailable">
    <a class="button bgDarkGrey white" href="https://www.spesati.com/salmone-al-naturale-rio-mare">Not available</a>
</div>
</div><div class="left product prod289"
        data-name="Insalatissima Rio Mare Messicana 160Gr"
        data-price="4.99"
        data-id="5588"
        data-available="no"
        data-category="4629"
        data-bestselling="">
    <a href="https://www.spesati.com/insalatissima-rio-mare-messicana-160gr">
        <div style="background-image: url('https://cdn.spesati.com/images/products/000117237/rio-mare-insalatissime-insalata-di-tonno-messicana-con-fagioli-rossi-mais-e-peperoni-160-g-01.png')">
            <div class="hover"></div>
            
            <div class="stickers"></div>
        </div>
    </a>
    <div>
        <h4><a href="https://www.spesati.com/insalatissima-rio-mare-messicana-160gr"><b>Insalatissima Rio Mare Messicana 160Gr</b></a></h4>
        <p class="description">Rio mare Insalatissime Insalata di Tonno Messicana con fagioli rossi, mais e peperoni 160 g</p>
        <p class="right price"><b>4.99 €</b></p>
        <p class="right unitPrice">31.19 € per kg</p>
    </div>
    <div class="notAvailable">
    <a class="button bgDarkGrey white" href="https://www.spesati.com/insalatissima-rio-mare-messicana-160gr">Not available</a>
</div>
</div><div class="left product prod290"
        data-name="Insalatissime Rio Mare Mais 160Gr"
        data-price="5.19"
        data-id="6602"
        data-available="no"
        data-category="4629"
        data-bestselling="">
    <a href="https://www.spesati.com/insalatissime-rio-mare-mais-160gr">
        <div style="background-image: url('https://cdn.spesati.com/images/products/000117236/rio-mare-insalatissime-insalata-di-tonno-delizia-di-mais-con-piselli-carote-e-olive-160-g-01.png')">
            <div class="hover"></div>
            
            <div class="stickers"></div>
        </div>
    </a>
    <div>
        <h4><a href="https://www.spesati.com/insalatissime-rio-mare-mais-160gr"><b>Insalatissime Rio Mare Mais 160Gr</b></a></h4>
        <p class="description">Rio mare Insalatissime Insalata di Tonno Delizia di Mais con piselli, carote e olive 160 g</p>
        <p class="right price"><b>5.19 €</b></p>
        <p class="right unitPrice">32.44 € per kg</p>
    </div>
    <div class="notAvailable">
    <a class="button bgDarkGrey white" href="https://www.spesati.com/insalatissime-rio-mare-mais-160gr">Not available</a>
</div>
</div><div class="left product prod291"
        data-name="Gamberetti zarotti naturale 140gr"
        data-price="5.52"
        data-id="5234"
        data-available="no"
        data-category="4629"
        data-bestselling="">
    <a href="https://www.spesati.com/gamberetti-zarotti-naturale-140gr">
        <div style="background-image: url('https://cdn.spesati.com/images/products/000116748/zarotti-gamberetti-al-naturale-140-g-01.png')">
            <div class="hover"></div>
            
            <div class="stickers"></div>
        </div>
    </a>
    <div>
        <h4><a href="https://www.spesati.com/gamberetti-zarotti-naturale-140gr"><b>Gamberetti zarotti naturale 140gr</b></a></h4>
        <p class="description">Zarotti Gamberetti al Naturale 140 g</p>
        <p class="right price"><b>5.52 €</b></p>
        <p class="right unitPrice">39.41 € per kg</p>
    </div>
    <div class="notAvailable">
    <a class="button bgDarkGrey white" href="https://www.spesati.com/gamberetti-zarotti-naturale-140gr">Not available</a>
</div>
</div><div class="left product prod292"
        data-name="Tonno San Marco In Olio Di Semi 3X80Gr"
        data-price="3.22"
        data-id="6378"
        data-available="no"
        data-category="4629"
        data-bestselling="">
    <a href="https://www.spesati.com/tonno-san-marco-in-olio-di-semi-3x80gr">
        <div style="background-image: url('https://cdn.spesati.com/images/products/000116620/smarco-tonno-allolio-vegetale-3-x-80-g-01.png')">
            <div class="hover"></div>
            
            <div class="stickers"></div>
        </div>
    </a>
    <div>
        <h4><a href="https://www.spesati.com/tonno-san-marco-in-olio-di-semi-3x80gr"><b>Tonno San Marco In Olio Di Semi 3X80Gr</b></a></h4>
        <p class="description">S.Marco Tonno all'olio vegetale 3 x 80 g</p>
        <p class="right price"><b>3.22 €</b></p>
        <p class="right unitPrice">13.41 € per kg</p>
    </div>
    <div class="notAvailable">
    <a class="button bgDarkGrey white" href="https://www.spesati.com/tonno-san-marco-in-olio-di-semi-3x80gr">Not available</a>
</div>
</div><div class="left product prod293"
        data-name="Tonno Rio Mare O O 500gr"
        data-price="10.90"
        data-id="26446"
        data-available="no"
        data-category="4629"
        data-bestselling="">
    <a href="https://www.spesati.com/tonno-rio-mare-o-o-500gr">
        <div style="background-image: url('https://cdn.spesati.com/images/products/000116474/rio-mare-tonno-allolio-di-oliva-500-g-01.png')">
            <div class="hover"></div>
            
            <div class="stickers"></div>
        </div>
    </a>
    <div>
        <h4><a href="https://www.spesati.com/tonno-rio-mare-o-o-500gr"><b>Tonno Rio Mare O O 500gr</b></a></h4>
        <p class="description">Rio Mare Tonno all'Olio di Oliva 500 g</p>
        <p class="right price"><b>10.90 €</b></p>
        <p class="right unitPrice">21.80 € per kg</p>
    </div>
    <div class="notAvailable">
    <a class="button bgDarkGrey white" href="https://www.spesati.com/tonno-rio-mare-o-o-500gr">Not available</a>
</div>
</div><div class="left product prod294"
        data-name="Copar Olive Busta"
        data-price="2.45"
        data-id="1929"
        data-available="no"
        data-category="5760"
        data-bestselling="">
    <a href="https://www.spesati.com/copar-olive-busta">
        <div style="background-image: url('https://cdn.spesati.com/images/products/000115953/copar-olive-verdi-in-salamoia-420-g-01.png')">
            <div class="hover"></div>
            
            <div class="stickers"></div>
        </div>
    </a>
    <div>
        <h4><a href="https://www.spesati.com/copar-olive-busta"><b>Copar Olive Busta</b></a></h4>
        <p class="description">Copar Olive Verdi in salamoia 420 g</p>
        <p class="right price"><b>2.45 €</b></p>
        <p class="right unitPrice">9.80 € per kg</p>
    </div>
    <div class="notAvailable">
    <a class="button bgDarkGrey white" href="https://www.spesati.com/copar-olive-busta">Not available</a>
</div>
</div><div class="left product prod295"
        data-name="Olive Morate Snocciolate Sacla' 330Gr"
        data-price="2.55"
        data-id="6624"
        data-available="no"
        data-category="5760"
        data-bestselling="">
    <a href="https://www.spesati.com/olive-morate-snocciolate-sacla-330gr">
        <div style="background-image: url('https://cdn.spesati.com/images/products/000115518/sacla-olivoli-nere-snocciolate-330-g-01.png')">
            <div class="hover"></div>
            
            <div class="stickers"></div>
        </div>
    </a>
    <div>
        <h4><a href="https://www.spesati.com/olive-morate-snocciolate-sacla-330gr"><b>Olive Morate Snocciolate Sacla' 330Gr</b></a></h4>
        <p class="description">Saclà OlivOlì Nere Snocciolate 330 g</p>
        <p class="right price"><b>2.55 €</b></p>
        <p class="right unitPrice">7.72 € per kg</p>
    </div>
    <div class="notAvailable">
    <a class="button bgDarkGrey white" href="https://www.spesati.com/olive-morate-snocciolate-sacla-330gr">Not available</a>
</div>
</div><div class="left product prod296"
        data-name="Mais Jolly Waku 3kg"
        data-price="6.36"
        data-id="26136"
        data-available="no"
        data-category="1534"
        data-bestselling="">
    <a href="https://www.spesati.com/mais-jolly-waku-3kg">
        <div style="background-image: url('https://cdn.spesati.com/images/products/000114814/jolly-colombani-linea-catering-mais-dolce-sottovuoto-2100-g-01.png')">
            <div class="hover"></div>
            
            <div class="stickers"></div>
        </div>
    </a>
    <div>
        <h4><a href="https://www.spesati.com/mais-jolly-waku-3kg"><b>Mais Jolly Waku 3kg</b></a></h4>
        <p class="description">Jolly Colombani Linea Catering Mais Dolce sottovuoto 2100 g</p>
        <p class="right price"><b>6.36 €</b></p>
        <p class="right unitPrice">2.54 € per kg</p>
    </div>
    <div class="notAvailable">
    <a class="button bgDarkGrey white" href="https://www.spesati.com/mais-jolly-waku-3kg">Not available</a>
</div>
</div><div class="left product prod297"
        data-name="Fag Cot Vapo Spag Valfru 2100g"
        data-price="6.27"
        data-id="26132"
        data-available="no"
        data-category="431"
        data-bestselling="">
    <a href="https://www.spesati.com/fag-cot-vapo-spag-valfru-2100g">
        <div style="background-image: url('https://cdn.spesati.com/images/products/000114809/valfrutta-granchef-cotti-a-vapore-bianchi-di-spagna-2100-g-01.png')">
            <div class="hover"></div>
            
            <div class="stickers"></div>
        </div>
    </a>
    <div>
        <h4><a href="https://www.spesati.com/fag-cot-vapo-spag-valfru-2100g"><b>Fag Cot Vapo Spag Valfru 2100g</b></a></h4>
        <p class="description">Valfrutta Granchef Cotti a Vapore Bianchi di Spagna 2100 g</p>
        <p class="right price"><b>6.27 €</b></p>
        <p class="right unitPrice">2.98 € per kg</p>
    </div>
    <div class="notAvailable">
    <a class="button bgDarkGrey white" href="https://www.spesati.com/fag-cot-vapo-spag-valfru-2100g">Not available</a>
</div>
</div><div class="left product prod298"
        data-name="Alici Zarotti Olio Oliva Strappo 48Gr"
        data-price="3.50"
        data-id="6632"
        data-available="no"
        data-category="4629"
        data-bestselling="">
    <a href="https://www.spesati.com/alici-zarotti-olio-oliva-strappo-48gr">
        <div style="background-image: url('https://cdn.spesati.com/images/products/000114425/zarotti-filetti-di-alici-classici-48-g-01.png')">
            <div class="hover"></div>
            
            <div class="stickers"></div>
        </div>
    </a>
    <div>
        <h4><a href="https://www.spesati.com/alici-zarotti-olio-oliva-strappo-48gr"><b>Alici Zarotti Olio Oliva Strappo 48Gr</b></a></h4>
        <p class="description">Zarotti Filetti di Alici Classici 48 g</p>
        <p class="right price"><b>3.50 €</b></p>
        <p class="right unitPrice">72.91 € per kg</p>
    </div>
    <div class="notAvailable">
    <a class="button bgDarkGrey white" href="https://www.spesati.com/alici-zarotti-olio-oliva-strappo-48gr">Not available</a>
</div>
</div><div class="left product prod299"
        data-name="Acciughe Rizzoli Salate 850 Gr"
        data-price="15.90"
        data-id="24399"
        data-available="no"
        data-category="4629"
        data-bestselling="">
    <a href="https://www.spesati.com/acciughe-rizzoli-salate-850-gr">
        <div style="background-image: url('https://cdn.spesati.com/images/products/000101477/rizzoli-acciughe-salate-850-g-01.png')">
            <div class="hover"></div>
            
            <div class="stickers"></div>
        </div>
    </a>
    <div>
        <h4><a href="https://www.spesati.com/acciughe-rizzoli-salate-850-gr"><b>Acciughe Rizzoli Salate 850 Gr</b></a></h4>
        <p class="description">Rizzoli Acciughe Salate 850 g</p>
        <p class="right price"><b>15.90 €</b></p>
        <p class="right unitPrice">18.71 € per kg</p>
    </div>
    <div class="notAvailable">
    <a class="button bgDarkGrey white" href="https://www.spesati.com/acciughe-rizzoli-salate-850-gr">Not available</a>
</div>
</div><div class="left product prod300"
        data-name="Confezionato mammai cavolo bianco gr350"
        data-price="12.71"
        data-id="5264"
        data-available="no"
        data-category="6592"
        data-bestselling="">
    <a href="https://www.spesati.com/confezionato-mammai-cavolo-bianco-gr350">
        <div style="background-image: url('https://cdn.spesati.com/images/products/missing-image/missing-image.jpg')">
            <div class="hover"></div>
            
            <div class="stickers"></div>
        </div>
    </a>
    <div>
        <h4><a href="https://www.spesati.com/confezionato-mammai-cavolo-bianco-gr350"><b>Confezionato mammai cavolo bianco gr350</b></a></h4>
        <p class="description">0.35 Kg</p>
        <p class="right price"><b>12.71 €</b></p>
        <p class="right unitPrice">36.30 € per kg</p>
    </div>
    <div class="notAvailable">
    <a class="button bgDarkGrey white" href="https://www.spesati.com/confezionato-mammai-cavolo-bianco-gr350">Not available</a>
</div>
</div><div class="left product prod301"
        data-name="Crema Salmone Affum Greci 500g"
        data-price="28.59"
        data-id="26259"
        data-available="no"
        data-category="6570"
        data-bestselling="">
    <a href="https://www.spesati.com/crema-salmone-affum-greci-500g">
        <div style="background-image: url('https://cdn.spesati.com/images/products/missing-image/missing-image.jpg')">
            <div class="hover"></div>
            
            <div class="stickers"></div>
        </div>
    </a>
    <div>
        <h4><a href="https://www.spesati.com/crema-salmone-affum-greci-500g"><b>Crema Salmone Affum Greci 500g</b></a></h4>
        <p class="description">0.42 Kg</p>
        <p class="right price"><b>28.59 €</b></p>
        <p class="right unitPrice">68.08 € per kg</p>
    </div>
    <div class="notAvailable">
    <a class="button bgDarkGrey white" href="https://www.spesati.com/crema-salmone-affum-greci-500g">Not available</a>
</div>
</div><div class="left product prod302"
        data-name="Olive Copar Gig Mammouth 3.5kg"
        data-price="14.50"
        data-id="26299"
        data-available="no"
        data-category="5760"
        data-bestselling="">
    <a href="https://www.spesati.com/olive-copar-gig-mammouth-35kg">
        <div style="background-image: url('https://cdn.spesati.com/images/products/missing-image/missing-image.jpg')">
            <div class="hover"></div>
            
            <div class="stickers"></div>
        </div>
    </a>
    <div>
        <h4><a href="https://www.spesati.com/olive-copar-gig-mammouth-35kg"><b>Olive Copar Gig Mammouth 3.5kg</b></a></h4>
        <p class="description">3.5 Kg</p>
        <p class="right price"><b>14.50 €</b></p>
        <p class="right unitPrice">4.14 € per kg</p>
    </div>
    <div class="notAvailable">
    <a class="button bgDarkGrey white" href="https://www.spesati.com/olive-copar-gig-mammouth-35kg">Not available</a>
</div>
</div><div class="left product prod303"
        data-name="Olive Copar Secchiello 3,5 Kg"
        data-price="20.50"
        data-id="26314"
        data-available="no"
        data-category="5760"
        data-bestselling="">
    <a href="https://www.spesati.com/olive-copar-secchiello-35-kg">
        <div style="background-image: url('https://cdn.spesati.com/images/products/missing-image/missing-image.jpg')">
            <div class="hover"></div>
            
            <div class="stickers"></div>
        </div>
    </a>
    <div>
        <h4><a href="https://www.spesati.com/olive-copar-secchiello-35-kg"><b>Olive Copar Secchiello 3,5 Kg</b></a></h4>
        <p class="description">3.5 Kg</p>
        <p class="right price"><b>20.50 €</b></p>
        <p class="right unitPrice">5.86 € per kg</p>
    </div>
    <div class="notAvailable">
    <a class="button bgDarkGrey white" href="https://www.spesati.com/olive-copar-secchiello-35-kg">Not available</a>
</div>
</div><div class="left product prod304"
        data-name="Olive Scabecciu Copar 3,5 Kg"
        data-price="26.99"
        data-id="26352"
        data-available="no"
        data-category="5760"
        data-bestselling="">
    <a href="https://www.spesati.com/olive-scabecciu-copar-35-kg">
        <div style="background-image: url('https://cdn.spesati.com/images/products/missing-image/missing-image.jpg')">
            <div class="hover"></div>
            
            <div class="stickers"></div>
        </div>
    </a>
    <div>
        <h4><a href="https://www.spesati.com/olive-scabecciu-copar-35-kg"><b>Olive Scabecciu Copar 3,5 Kg</b></a></h4>
        <p class="description">3.5 Kg</p>
        <p class="right price"><b>26.99 €</b></p>
        <p class="right unitPrice">7.71 € per kg</p>
    </div>
    <div class="notAvailable">
    <a class="button bgDarkGrey white" href="https://www.spesati.com/olive-scabecciu-copar-35-kg">Not available</a>
</div>
</div><div class="left product prod305"
        data-name="Sarde Salate Talatta 5 Kg"
        data-price="64.35"
        data-id="26384"
        data-available="no"
        data-category="4629"
        data-bestselling="">
    <a href="https://www.spesati.com/sarde-salate-talatta-5-kg">
        <div style="background-image: url('https://cdn.spesati.com/images/products/missing-image/missing-image.jpg')">
            <div class="hover"></div>
            
            <div class="stickers"></div>
        </div>
    </a>
    <div>
        <h4><a href="https://www.spesati.com/sarde-salate-talatta-5-kg"><b>Sarde Salate Talatta 5 Kg</b></a></h4>
        <p class="description">medium weight  6.5 Kg</p>
        <p class="right price"><b>64.35 €</b></p>
        <p class="right unitPrice">9.90 € per kg</p>
    </div>
    <div class="notAvailable">
    <a class="button bgDarkGrey white" href="https://www.spesati.com/sarde-salate-talatta-5-kg">Not available</a>
</div>
</div><div class="left product prod306"
        data-name="Carciofi Canciofedda Gr230"
        data-price="5.72"
        data-id="72704"
        data-available="no"
        data-category="6570"
        data-bestselling="">
    <a href="https://www.spesati.com/carciofi-canciofedda-gr230">
        <div style="background-image: url('https://cdn.spesati.com/images/products/missing-image/missing-image.jpg')">
            <div class="hover"></div>
            
            <div class="stickers"></div>
        </div>
    </a>
    <div>
        <h4><a href="https://www.spesati.com/carciofi-canciofedda-gr230"><b>Carciofi Canciofedda Gr230</b></a></h4>
        <p class="description">0.23 Kg</p>
        <p class="right price"><b>5.72 €</b></p>
        <p class="right unitPrice">24.85 € per kg</p>
    </div>
    <div class="notAvailable">
    <a class="button bgDarkGrey white" href="https://www.spesati.com/carciofi-canciofedda-gr230">Not available</a>
</div>
</div><div class="left product prod307"
        data-name="Olive S.giulian Verdi Salam 3k"
        data-price="26.22"
        data-id="24439"
        data-available="no"
        data-category="5760"
        data-bestselling="">
    <a href="https://www.spesati.com/olive-sgiulian-verdi-salam-3k">
        <div style="background-image: url('https://cdn.spesati.com/images/products/missing-image/missing-image.jpg')">
            <div class="hover"></div>
            
            <div class="stickers"></div>
        </div>
    </a>
    <div>
        <h4><a href="https://www.spesati.com/olive-sgiulian-verdi-salam-3k"><b>Olive S.giulian Verdi Salam 3k</b></a></h4>
        <p class="description">3 Kg</p>
        <p class="right price"><b>26.22 €</b></p>
        <p class="right unitPrice">8.74 € per kg</p>
    </div>
    <div class="notAvailable">
    <a class="button bgDarkGrey white" href="https://www.spesati.com/olive-sgiulian-verdi-salam-3k">Not available</a>
</div>
</div><div class="left product prod308"
        data-name="Acciughe Salate Talatta 5 Kg"
        data-price="129.35"
        data-id="26017"
        data-available="no"
        data-category="4629"
        data-bestselling="">
    <a href="https://www.spesati.com/acciughe-salate-talatta-5-kg">
        <div style="background-image: url('https://cdn.spesati.com/images/products/missing-image/missing-image.jpg')">
            <div class="hover"></div>
            
            <div class="stickers"></div>
        </div>
    </a>
    <div>
        <h4><a href="https://www.spesati.com/acciughe-salate-talatta-5-kg"><b>Acciughe Salate Talatta 5 Kg</b></a></h4>
        <p class="description">medium weight  6.5 Kg</p>
        <p class="right price"><b>129.35 €</b></p>
        <p class="right unitPrice">19.90 € per kg</p>
    </div>
    <div class="notAvailable">
    <a class="button bgDarkGrey white" href="https://www.spesati.com/acciughe-salate-talatta-5-kg">Not available</a>
</div>
</div><div class="left product prod309"
        data-name="Cipoll Cannone In Aceto 1,6kg"
        data-price="7.46"
        data-id="26039"
        data-available="no"
        data-category="6655"
        data-bestselling="">
    <a href="https://www.spesati.com/cipoll-cannone-in-aceto-16kg">
        <div style="background-image: url('https://cdn.spesati.com/images/products/missing-image/missing-image.jpg')">
            <div class="hover"></div>
            
            <div class="stickers"></div>
        </div>
    </a>
    <div>
        <h4><a href="https://www.spesati.com/cipoll-cannone-in-aceto-16kg"><b>Cipoll Cannone In Aceto 1,6kg</b></a></h4>
        <p class="description">1.6 Kg</p>
        <p class="right price"><b>7.46 €</b></p>
        <p class="right unitPrice">4.66 € per kg</p>
    </div>
    <div class="notAvailable">
    <a class="button bgDarkGrey white" href="https://www.spesati.com/cipoll-cannone-in-aceto-16kg">Not available</a>
</div>
</div><div class="left product prod310"
        data-name="Cardi Selv C Isola S/olio 280g"
        data-price="4.29"
        data-id="63294"
        data-available="no"
        data-category="6570"
        data-bestselling="">
    <a href="https://www.spesati.com/cardi-selv-c-isola-solio-280g">
        <div style="background-image: url('https://cdn.spesati.com/images/products/missing-image/missing-image.jpg')">
            <div class="hover"></div>
            
            <div class="stickers"></div>
        </div>
    </a>
    <div>
        <h4><a href="https://www.spesati.com/cardi-selv-c-isola-solio-280g"><b>Cardi Selv C Isola S/olio 280g</b></a></h4>
        <p class="description">0.28 Kg</p>
        <p class="right price"><b>4.29 €</b></p>
        <p class="right unitPrice">15.32 € per kg</p>
    </div>
    <div class="notAvailable">
    <a class="button bgDarkGrey white" href="https://www.spesati.com/cardi-selv-c-isola-solio-280g">Not available</a>
</div>
</div><div class="left product prod311"
        data-name="Carciofini C Isola S/olio 280g"
        data-price="4.29"
        data-id="63300"
        data-available="no"
        data-category="6570"
        data-bestselling="">
    <a href="https://www.spesati.com/carciofini-c-isola-solio-280g">
        <div style="background-image: url('https://cdn.spesati.com/images/products/missing-image/missing-image.jpg')">
            <div class="hover"></div>
            
            <div class="stickers"></div>
        </div>
    </a>
    <div>
        <h4><a href="https://www.spesati.com/carciofini-c-isola-solio-280g"><b>Carciofini C Isola S/olio 280g</b></a></h4>
        <p class="description">0.28 Kg</p>
        <p class="right price"><b>4.29 €</b></p>
        <p class="right unitPrice">15.32 € per kg</p>
    </div>
    <div class="notAvailable">
    <a class="button bgDarkGrey white" href="https://www.spesati.com/carciofini-c-isola-solio-280g">Not available</a>
</div>
</div><div class="left product prod312"
        data-name="Carciofi C-gambo Regnoli 2kg"
        data-price="32.76"
        data-id="26972"
        data-available="no"
        data-category="431"
        data-bestselling="">
    <a href="https://www.spesati.com/carciofi-c-gambo-regnoli-2kg">
        <div style="background-image: url('https://cdn.spesati.com/images/products/missing-image/missing-image.jpg')">
            <div class="hover"></div>
            
            <div class="stickers"></div>
        </div>
    </a>
    <div>
        <h4><a href="https://www.spesati.com/carciofi-c-gambo-regnoli-2kg"><b>Carciofi C-gambo Regnoli 2kg</b></a></h4>
        <p class="description">2 Kg</p>
        <p class="right price"><b>32.76 €</b></p>
        <p class="right unitPrice">16.38 € per kg</p>
    </div>
    <div class="notAvailable">
    <a class="button bgDarkGrey white" href="https://www.spesati.com/carciofi-c-gambo-regnoli-2kg">Not available</a>
</div>
</div><div class="left product prod313"
        data-name="Cipolle Borettane Regnoli 2kg"
        data-price="14.90"
        data-id="26974"
        data-available="no"
        data-category="431"
        data-bestselling="">
    <a href="https://www.spesati.com/cipolle-borettane-regnoli-2kg">
        <div style="background-image: url('https://cdn.spesati.com/images/products/missing-image/missing-image.jpg')">
            <div class="hover"></div>
            
            <div class="stickers"></div>
        </div>
    </a>
    <div>
        <h4><a href="https://www.spesati.com/cipolle-borettane-regnoli-2kg"><b>Cipolle Borettane Regnoli 2kg</b></a></h4>
        <p class="description">2 Kg</p>
        <p class="right price"><b>14.90 €</b></p>
        <p class="right unitPrice">7.45 € per kg</p>
    </div>
    <div class="notAvailable">
    <a class="button bgDarkGrey white" href="https://www.spesati.com/cipolle-borettane-regnoli-2kg">Not available</a>
</div>
</div><div class="left product prod314"
        data-name="Pomodori Secchi Regnoli 1kg"
        data-price="21.90"
        data-id="26975"
        data-available="no"
        data-category="431"
        data-bestselling="">
    <a href="https://www.spesati.com/pomodori-secchi-regnoli-1kg">
        <div style="background-image: url('https://cdn.spesati.com/images/products/missing-image/missing-image.jpg')">
            <div class="hover"></div>
            
            <div class="stickers"></div>
        </div>
    </a>
    <div>
        <h4><a href="https://www.spesati.com/pomodori-secchi-regnoli-1kg"><b>Pomodori Secchi Regnoli 1kg</b></a></h4>
        <p class="description">1 Kg</p>
        <p class="right price"><b>21.90 €</b></p>
        <p class="right unitPrice">21.90 € per kg</p>
    </div>
    <div class="notAvailable">
    <a class="button bgDarkGrey white" href="https://www.spesati.com/pomodori-secchi-regnoli-1kg">Not available</a>
</div>
</div><div class="left product prod315"
        data-name="Filetti Sgombro Marinati 2kg"
        data-price="50.16"
        data-id="27049"
        data-available="no"
        data-category="4629"
        data-bestselling="">
    <a href="https://www.spesati.com/filetti-sgombro-marinati-2kg">
        <div style="background-image: url('https://cdn.spesati.com/images/products/missing-image/missing-image.jpg')">
            <div class="hover"></div>
            
            <div class="stickers"></div>
        </div>
    </a>
    <div>
        <h4><a href="https://www.spesati.com/filetti-sgombro-marinati-2kg"><b>Filetti Sgombro Marinati 2kg</b></a></h4>
        <p class="description">2 Kg</p>
        <p class="right price"><b>50.16 €</b></p>
        <p class="right unitPrice">25.08 € per kg</p>
    </div>
    <div class="notAvailable">
    <a class="button bgDarkGrey white" href="https://www.spesati.com/filetti-sgombro-marinati-2kg">Not available</a>
</div>
</div><div class="left product prod316"
        data-name="Palmito Al Naturale Tagliato"
        data-price="7.94"
        data-id="34741"
        data-available="no"
        data-category="431"
        data-bestselling="">
    <a href="https://www.spesati.com/palmito-al-naturale-tagliato">
        <div style="background-image: url('https://cdn.spesati.com/images/products/missing-image/missing-image.jpg')">
            <div class="hover"></div>
            
            <div class="stickers"></div>
        </div>
    </a>
    <div>
        <h4><a href="https://www.spesati.com/palmito-al-naturale-tagliato"><b>Palmito Al Naturale Tagliato</b></a></h4>
        <p class="description">0.8 Kg</p>
        <p class="right price"><b>7.94 €</b></p>
        <p class="right unitPrice">9.93 € per kg</p>
    </div>
    <div class="notAvailable">
    <a class="button bgDarkGrey white" href="https://www.spesati.com/palmito-al-naturale-tagliato">Not available</a>
</div>
</div><div class="left product prod317"
        data-name="Riccio Polpa Vasetto 100gr"
        data-price="35.00"
        data-id="35064"
        data-available="no"
        data-category="4629"
        data-bestselling="">
    <a href="https://www.spesati.com/riccio-polpa-vasetto-100gr">
        <div style="background-image: url('https://cdn.spesati.com/images/products/missing-image/missing-image.jpg')">
            <div class="hover"></div>
            
            <div class="stickers"></div>
        </div>
    </a>
    <div>
        <h4><a href="https://www.spesati.com/riccio-polpa-vasetto-100gr"><b>Riccio Polpa Vasetto 100gr</b></a></h4>
        <p class="description">0.1 Kg</p>
        <p class="right price"><b>35.00 €</b></p>
        <p class="right unitPrice">350.00 € per kg</p>
    </div>
    <div class="notAvailable">
    <a class="button bgDarkGrey white" href="https://www.spesati.com/riccio-polpa-vasetto-100gr">Not available</a>
</div>
</div><div class="left product prod318"
        data-name="Olive Ficacci Verdi Cerignola"
        data-price="36.57"
        data-id="35209"
        data-available="no"
        data-category="5760"
        data-bestselling="">
    <a href="https://www.spesati.com/olive-ficacci-verdi-cerignola">
        <div style="background-image: url('https://cdn.spesati.com/images/products/missing-image/missing-image.jpg')">
            <div class="hover"></div>
            
            <div class="stickers"></div>
        </div>
    </a>
    <div>
        <h4><a href="https://www.spesati.com/olive-ficacci-verdi-cerignola"><b>Olive Ficacci Verdi Cerignola</b></a></h4>
        <p class="description">medium weight  2.207 Kg</p>
        <p class="right price"><b>36.57 €</b></p>
        <p class="right unitPrice">15.90 € per kg</p>
    </div>
    <div class="notAvailable">
    <a class="button bgDarkGrey white" href="https://www.spesati.com/olive-ficacci-verdi-cerignola">Not available</a>
</div>
</div><div class="left product prod319"
        data-name="Olive Ficacci Schiacciat Etnea"
        data-price="35.09"
        data-id="35210"
        data-available="no"
        data-category="5760"
        data-bestselling="">
    <a href="https://www.spesati.com/olive-ficacci-schiacciat-etnea">
        <div style="background-image: url('https://cdn.spesati.com/images/products/missing-image/missing-image.jpg')">
            <div class="hover"></div>
            
            <div class="stickers"></div>
        </div>
    </a>
    <div>
        <h4><a href="https://www.spesati.com/olive-ficacci-schiacciat-etnea"><b>Olive Ficacci Schiacciat Etnea</b></a></h4>
        <p class="description">medium weight  2.207 Kg</p>
        <p class="right price"><b>35.09 €</b></p>
        <p class="right unitPrice">15.91 € per kg</p>
    </div>
    <div class="notAvailable">
    <a class="button bgDarkGrey white" href="https://www.spesati.com/olive-ficacci-schiacciat-etnea">Not available</a>
</div>
</div><div class="left product prod320"
        data-name="Acciughe Don Bocarde Latta 48g"
        data-price="9.20"
        data-id="60303"
        data-available="no"
        data-category="4629"
        data-bestselling="">
    <a href="https://www.spesati.com/acciughe-don-bocarde-latta-48g">
        <div style="background-image: url('https://cdn.spesati.com/images/products/missing-image/missing-image.jpg')">
            <div class="hover"></div>
            
            <div class="stickers"></div>
        </div>
    </a>
    <div>
        <h4><a href="https://www.spesati.com/acciughe-don-bocarde-latta-48g"><b>Acciughe Don Bocarde Latta 48g</b></a></h4>
        <p class="description">0.05 Kg</p>
        <p class="right price"><b>9.20 €</b></p>
        <p class="right unitPrice">184.07 € per kg</p>
    </div>
    <div class="notAvailable">
    <a class="button bgDarkGrey white" href="https://www.spesati.com/acciughe-don-bocarde-latta-48g">Not available</a>
</div>
</div><div class="left product prod321"
        data-name="Crema C Isola Carciofi 90gr"
        data-price="2.99"
        data-id="63303"
        data-available="no"
        data-category="6570"
        data-bestselling="">
    <a href="https://www.spesati.com/crema-c-isola-carciofi-90gr">
        <div style="background-image: url('https://cdn.spesati.com/images/products/missing-image/missing-image.jpg')">
            <div class="hover"></div>
            
            <div class="stickers"></div>
        </div>
    </a>
    <div>
        <h4><a href="https://www.spesati.com/crema-c-isola-carciofi-90gr"><b>Crema C Isola Carciofi 90gr</b></a></h4>
        <p class="description">0.09 Kg</p>
        <p class="right price"><b>2.99 €</b></p>
        <p class="right unitPrice">33.22 € per kg</p>
    </div>
    <div class="notAvailable">
    <a class="button bgDarkGrey white" href="https://www.spesati.com/crema-c-isola-carciofi-90gr">Not available</a>
</div>
</div><div class="left product prod322"
        data-name="Sandolo Tonno Rosso Corsa 350g"
        data-price="24.50"
        data-id="72047"
        data-available="no"
        data-category="4629"
        data-bestselling="">
    <a href="https://www.spesati.com/sandolo-tonno-rosso-corsa-350g">
        <div style="background-image: url('https://cdn.spesati.com/images/products/missing-image/missing-image.jpg')">
            <div class="hover"></div>
            
            <div class="stickers"></div>
        </div>
    </a>
    <div>
        <h4><a href="https://www.spesati.com/sandolo-tonno-rosso-corsa-350g"><b>Sandolo Tonno Rosso Corsa 350g</b></a></h4>
        <p class="description">0.35 Kg</p>
        <p class="right price"><b>24.50 €</b></p>
        <p class="right unitPrice">70.00 € per kg</p>
    </div>
    <div class="notAvailable">
    <a class="button bgDarkGrey white" href="https://www.spesati.com/sandolo-tonno-rosso-corsa-350g">Not available</a>
</div>
</div><div class="left product prod323"
        data-name="Sandolo Tarantell Tonn Ros 350"
        data-price="27.50"
        data-id="72050"
        data-available="no"
        data-category="4629"
        data-bestselling="">
    <a href="https://www.spesati.com/sandolo-tarantell-tonn-ros-350">
        <div style="background-image: url('https://cdn.spesati.com/images/products/missing-image/missing-image.jpg')">
            <div class="hover"></div>
            
            <div class="stickers"></div>
        </div>
    </a>
    <div>
        <h4><a href="https://www.spesati.com/sandolo-tarantell-tonn-ros-350"><b>Sandolo Tarantell Tonn Ros 350</b></a></h4>
        <p class="description">0.35 Kg</p>
        <p class="right price"><b>27.50 €</b></p>
        <p class="right unitPrice">78.57 € per kg</p>
    </div>
    <div class="notAvailable">
    <a class="button bgDarkGrey white" href="https://www.spesati.com/sandolo-tarantell-tonn-ros-350">Not available</a>
</div>
</div><div class="left product prod324"
        data-name="Sandolo Buzzonagl Tonn Ros 350"
        data-price="13.90"
        data-id="72053"
        data-available="no"
        data-category="4629"
        data-bestselling="">
    <a href="https://www.spesati.com/sandolo-buzzonagl-tonn-ros-350">
        <div style="background-image: url('https://cdn.spesati.com/images/products/missing-image/missing-image.jpg')">
            <div class="hover"></div>
            
            <div class="stickers"></div>
        </div>
    </a>
    <div>
        <h4><a href="https://www.spesati.com/sandolo-buzzonagl-tonn-ros-350"><b>Sandolo Buzzonagl Tonn Ros 350</b></a></h4>
        <p class="description">0.35 Kg</p>
        <p class="right price"><b>13.90 €</b></p>
        <p class="right unitPrice">39.71 € per kg</p>
    </div>
    <div class="notAvailable">
    <a class="button bgDarkGrey white" href="https://www.spesati.com/sandolo-buzzonagl-tonn-ros-350">Not available</a>
</div>
</div><div class="left product prod325"
        data-name="Sandolo Ventresca Tonn Ros 350"
        data-price="31.50"
        data-id="72056"
        data-available="no"
        data-category="4629"
        data-bestselling="">
    <a href="https://www.spesati.com/sandolo-ventresca-tonn-ros-350">
        <div style="background-image: url('https://cdn.spesati.com/images/products/missing-image/missing-image.jpg')">
            <div class="hover"></div>
            
            <div class="stickers"></div>
        </div>
    </a>
    <div>
        <h4><a href="https://www.spesati.com/sandolo-ventresca-tonn-ros-350"><b>Sandolo Ventresca Tonn Ros 350</b></a></h4>
        <p class="description">0.35 Kg</p>
        <p class="right price"><b>31.50 €</b></p>
        <p class="right unitPrice">90.00 € per kg</p>
    </div>
    <div class="notAvailable">
    <a class="button bgDarkGrey white" href="https://www.spesati.com/sandolo-ventresca-tonn-ros-350">Not available</a>
</div>
</div><div class="left product prod326"
        data-name="Carciof Gambo O Semi Vas 1600g"
        data-price="25.39"
        data-id="26614"
        data-available="no"
        data-category="6570"
        data-bestselling="">
    <a href="https://www.spesati.com/carciof-gambo-o-semi-vas-1600g">
        <div style="background-image: url('https://cdn.spesati.com/images/products/missing-image/missing-image.jpg')">
            <div class="hover"></div>
            
            <div class="stickers"></div>
        </div>
    </a>
    <div>
        <h4><a href="https://www.spesati.com/carciof-gambo-o-semi-vas-1600g"><b>Carciof Gambo O Semi Vas 1600g</b></a></h4>
        <p class="description">1.6 Kg</p>
        <p class="right price"><b>25.39 €</b></p>
        <p class="right unitPrice">15.87 € per kg</p>
    </div>
    <div class="notAvailable">
    <a class="button bgDarkGrey white" href="https://www.spesati.com/carciof-gambo-o-semi-vas-1600g">Not available</a>
</div>
</div><div class="left product prod327"
        data-name="Gransalad Zarot Pis Mais 250gr"
        data-price="3.12"
        data-id="78254"
        data-available="no"
        data-category="4629"
        data-bestselling="">
    <a href="https://www.spesati.com/gransalad-zarot-pis-mais-250gr">
        <div style="background-image: url('https://cdn.spesati.com/images/products/missing-image/missing-image.jpg')">
            <div class="hover"></div>
            
            <div class="stickers"></div>
        </div>
    </a>
    <div>
        <h4><a href="https://www.spesati.com/gransalad-zarot-pis-mais-250gr"><b>Gransalad Zarot Pis Mais 250gr</b></a></h4>
        <p class="description">0.25 Kg</p>
        <p class="right price"><b>3.12 €</b></p>
        <p class="right unitPrice">12.49 € per kg</p>
    </div>
    <div class="notAvailable">
    <a class="button bgDarkGrey white" href="https://www.spesati.com/gransalad-zarot-pis-mais-250gr">Not available</a>
</div>
</div><div class="left product prod328"
        data-name="Crema Carciofo Piccante 500g"
        data-price="11.11"
        data-id="26619"
        data-available="no"
        data-category="6570"
        data-bestselling="">
    <a href="https://www.spesati.com/crema-carciofo-piccante-500g">
        <div style="background-image: url('https://cdn.spesati.com/images/products/missing-image/missing-image.jpg')">
            <div class="hover"></div>
            
            <div class="stickers"></div>
        </div>
    </a>
    <div>
        <h4><a href="https://www.spesati.com/crema-carciofo-piccante-500g"><b>Crema Carciofo Piccante 500g</b></a></h4>
        <p class="description">0.5 Kg</p>
        <p class="right price"><b>11.11 €</b></p>
        <p class="right unitPrice">22.22 € per kg</p>
    </div>
    <div class="notAvailable">
    <a class="button bgDarkGrey white" href="https://www.spesati.com/crema-carciofo-piccante-500g">Not available</a>
</div>
</div><div class="left product prod329"
        data-name="Filett Acciughe Idp O/evo 48gr"
        data-price="5.29"
        data-id="83369"
        data-available="no"
        data-category="4629"
        data-bestselling="">
    <a href="https://www.spesati.com/filett-acciughe-idp-oevo-48gr">
        <div style="background-image: url('https://cdn.spesati.com/images/products/missing-image/missing-image.jpg')">
            <div class="hover"></div>
            
            <div class="stickers"></div>
        </div>
    </a>
    <div>
        <h4><a href="https://www.spesati.com/filett-acciughe-idp-oevo-48gr"><b>Filett Acciughe Idp O/evo 48gr</b></a></h4>
        <p class="description">0.05 Kg</p>
        <p class="right price"><b>5.29 €</b></p>
        <p class="right unitPrice">105.80 € per kg</p>
    </div>
    <div class="notAvailable">
    <a class="button bgDarkGrey white" href="https://www.spesati.com/filett-acciughe-idp-oevo-48gr">Not available</a>
</div>
</div><div class="left product prod330"
        data-name="Funghi Rdg Porcini Carpac 190g"
        data-price="11.98"
        data-id="83414"
        data-available="no"
        data-category="6653"
        data-bestselling="">
    <a href="https://www.spesati.com/funghi-rdg-porcini-carpac-190g">
        <div style="background-image: url('https://cdn.spesati.com/images/products/missing-image/missing-image.jpg')">
            <div class="hover"></div>
            
            <div class="stickers"></div>
        </div>
    </a>
    <div>
        <h4><a href="https://www.spesati.com/funghi-rdg-porcini-carpac-190g"><b>Funghi Rdg Porcini Carpac 190g</b></a></h4>
        <p class="description">0.19 Kg</p>
        <p class="right price"><b>11.98 €</b></p>
        <p class="right unitPrice">63.03 € per kg</p>
    </div>
    <div class="notAvailable">
    <a class="button bgDarkGrey white" href="https://www.spesati.com/funghi-rdg-porcini-carpac-190g">Not available</a>
</div>
</div><div class="left product prod331"
        data-name="Olive Rond Nere Sacla 4100kg"
        data-price="13.80"
        data-id="26631"
        data-available="no"
        data-category="5760"
        data-bestselling="">
    <a href="https://www.spesati.com/olive-rond-nere-sacla-4100kg">
        <div style="background-image: url('https://cdn.spesati.com/images/products/missing-image/missing-image.jpg')">
            <div class="hover"></div>
            
            <div class="stickers"></div>
        </div>
    </a>
    <div>
        <h4><a href="https://www.spesati.com/olive-rond-nere-sacla-4100kg"><b>Olive Rond Nere Sacla 4100kg</b></a></h4>
        <p class="description">4.1 Kg</p>
        <p class="right price"><b>13.80 €</b></p>
        <p class="right unitPrice">3.37 € per kg</p>
    </div>
    <div class="notAvailable">
    <a class="button bgDarkGrey white" href="https://www.spesati.com/olive-rond-nere-sacla-4100kg">Not available</a>
</div>
</div><div class="left product prod332"
        data-name="Olive Int Verdi Sacla 4250kg"
        data-price="11.70"
        data-id="26636"
        data-available="no"
        data-category="5760"
        data-bestselling="">
    <a href="https://www.spesati.com/olive-int-verdi-sacla-4250kg">
        <div style="background-image: url('https://cdn.spesati.com/images/products/missing-image/missing-image.jpg')">
            <div class="hover"></div>
            
            <div class="stickers"></div>
        </div>
    </a>
    <div>
        <h4><a href="https://www.spesati.com/olive-int-verdi-sacla-4250kg"><b>Olive Int Verdi Sacla 4250kg</b></a></h4>
        <p class="description">4.25 Kg</p>
        <p class="right price"><b>11.70 €</b></p>
        <p class="right unitPrice">2.76 € per kg</p>
    </div>
    <div class="notAvailable">
    <a class="button bgDarkGrey white" href="https://www.spesati.com/olive-int-verdi-sacla-4250kg">Not available</a>
</div>
</div><div class="left product prod333"
        data-name="Olive Denoc Verd Sacla 4100kg"
        data-price="13.58"
        data-id="26637"
        data-available="no"
        data-category="5760"
        data-bestselling="">
    <a href="https://www.spesati.com/olive-denoc-verd-sacla-4100kg">
        <div style="background-image: url('https://cdn.spesati.com/images/products/missing-image/missing-image.jpg')">
            <div class="hover"></div>
            
            <div class="stickers"></div>
        </div>
    </a>
    <div>
        <h4><a href="https://www.spesati.com/olive-denoc-verd-sacla-4100kg"><b>Olive Denoc Verd Sacla 4100kg</b></a></h4>
        <p class="description">4.1 Kg</p>
        <p class="right price"><b>13.58 €</b></p>
        <p class="right unitPrice">3.31 € per kg</p>
    </div>
    <div class="notAvailable">
    <a class="button bgDarkGrey white" href="https://www.spesati.com/olive-denoc-verd-sacla-4100kg">Not available</a>
</div>
</div>        </div>
    </div>
</section>
<div class="footer">
    <div class="bgDarkGrey"></div>
    <footer>
        <div class="left bgDarkGrey">
            <a id="logoFooter" href="https://www.spesati.com/" class="estDynamic">
                <img src="http://cdn.spesati.com/images/layout/logo-eng.png" alt="Spesati.com" />
                <h2 class="red">Grocery Delivery</h2>
            </a>
            <a class="button bgRed white mobile" href="tel:390707968318">Phone order</a>
            <a class="button bgRed white desktop" href="https://www.spesati.com/news/2020-04-07/news-on-spesati-the-telephone-order-service-is-active">Phone order</a>
            <a class="button bgRed white" href="https://www.spesati.com/cdn-cgi/l/email-protection#0d64636b624d7e7d687e6c7964236e6260">Send mail</a>
            <div id="social">
                <a class="left" href="https://www.facebook.com/spesati/" rel="external" target="_blank">
                    <span class="facebook bgRed fa-stack fa-lg">
                        <i class="fa fa-facebook fa-stack-1x "></i>
                    </span>
                </a>
                <a class="right" href="https://twitter.com/spesati" rel="external" target="_blank">
                    <span class="twitter bgRed fa-stack fa-lg">
                        <i class="fa fa-twitter fa-stack-1x "></i>
                    </span>
                </a>
            </div>
            <p>Copyright 2024 Spesati.com </p>
            
                    <p>All rights reserved</p>
                    <p>SPESATI SRL</p>
                    <p>Corso Vittorio Veneto 15/I, 07026, Olbia</p>
                    <p>CF e P.Iva: 02772380909</p>
                        </div>
        <div class="center bgRed">
            <div class="top">
                <h3>Categories</h3>
                <div class="col">
                    <ul>
                        <li>
                            <a href="#" class="estDynamic">On sale</a>
                        </li>
                        <li>
                            <a href="https://www.spesati.com/fruit-and-vegetables" class="estDynamic">Fruit and vegetables</a>
                        </li>
                        <li>
                            <a href="https://www.spesati.com/fresh-products" class="estDynamic">Fresh products</a>
                        </li>
                        <li>
                            <a href="https://www.spesati.com/frozen-foods" class="estDynamic">Frozen foods</a>
                        </li>
                        <li>
                            <a href="https://www.spesati.com/bread-and-pasta" class="estDynamic">Bread and pasta</a>
                        </li>
                        <li>
                            <a href="https://www.spesati.com/meat" class="estDynamic">Meat</a>
                        </li>
                        <li>
                            <a href="https://www.spesati.com/fish" class="estDynamic">Fish</a>
                        </li>
                    </ul>
                </div>
                <div class="col">
                    <ul>
                        <li>
                            <a href="https://www.spesati.com/wine-beer-and-spirits" class="estDynamic">Wine beer and spirits</a>
                        </li>
                        <li>
                            <a href="https://www.spesati.com/water-and-drinks" class="estDynamic">Water and drinks</a>
                        </li>
                        <li>
                            <a href="https://www.spesati.com/sweets" class="estDynamic">Sweets</a>
                        </li>
                        <li>
                            <a href="https://www.spesati.com/shelf" class="estDynamic">Cupboard</a>
                        </li>
                        <li>
                            <a href="https://www.spesati.com/personal-care" class="estDynamic">Personal care</a>
                        </li>
                        <li>
                            <a href="https://www.spesati.com/household-and-outdoors" class="estDynamic">Home and outdoors</a>
                        </li>
                        <li>
                            <a href="https://www.spesati.com/pet" class="estDynamic">Pets</a>
                        </li>
                    </ul>
                </div>
                <div class="col">
                    <ul>
                        <li>
                            <a href="https://www.spesati.com/technology" class="estDynamic">Technology</a>
                        </li>
                        <li>
                            <a href="https://www.spesati.com/gluten-free" class="estDynamic">Gluten free</a>
                        </li>
                        <li>
                            <a href="https://www.spesati.com/lactose-free" class="estDynamic">Lactose free</a>
                        </li>
                        <li>
                            <a href="https://www.spesati.com/special" class="estDynamic">Special</a>
                        </li>
                        <li>
                            <a href="https://www.spesati.com/sardinian-products" class="estDynamic">Sardinian products</a>
                        </li>
                    </ul>
                </div>
            </div>
            <div class="bottom bgRed">
                <div class="left">
                    <h3>Delivery payment</h3>
                    <div>
                        <i class="fa fa-money fa-3x" aria-hidden="true"></i>
                        <p>Cash</p>
                    </div>
                    <div>
                        <i class="fa fa-credit-card fa-3x" aria-hidden="true"></i>
                        <p>Bancomat or card</p>
                    </div>
                </div>
                <div class="right">
                    <h3>Online payment</h3>
                    <div>
                        <i class="fa fa-credit-card fa-3x" aria-hidden="true"></i>
                        <p>Credit or debit card <span class="red">online</span></p>
                    </div>
                    <div>
                        <i class="fa fa-paypal fa-3x" aria-hidden="true"></i>
                        <p>PayPal</p>
                    </div>
                    <div>
                        <i class="fa fa-university fa-3x" aria-hidden="true"></i>
                        <p>Bank transfer</p>
                    </div>
                </div>
            </div>
        </div>
        <div class="right bgRed">
            <div>
                <i class="fa fa-truck fa-flip-horizontal"></i>
                <a class="button bgYellow white" href="https://www.spesati.com/delivery-prices">Delivery prices</a>
                
                    <h3>Home delivery:</h3>
                    <p><b>Monday to Saturday</b></p>
                    <p><b>9:00 to 20:00</b></p>
                    <p><b>Minimum order:</b> 29€</p>
                    <p><b>Delivery starting from:</b> 3,50€</p>
                            </div>
            <ul>
                <li>
                    <a href="https://www.spesati.com/delivery-prices">Delivery prices</a>
                </li>
                <li>
                    <a href="https://www.spesati.com/about">About</a>
                </li>
                <li>
                    <a href="https://www.spesati.com/faq">Faq</a>
                </li>
                <li>
                    <a href="https://www.spesati.com/customer-care">Support</a>
                </li>
                <li>
                    <a href="https://www.spesati.com/news">Blog</a>
                </li>
                <li>
                    <a href="https://www.spesati.com/terms-and-conditions">Conditions</a>
                </li>
                <li>
                    <a href="https://www.spesati.com/privacy-policy">Privacy policy</a>
                </li>
                <li>
                    <a href="https://www.spesati.com/legal-warranty">Legal guarantee</a>
                </li>
            </ul>
        </div>
    </footer>
    <div class="bgRed"></div>
</div>
<!--Start of Tawk.to Script-->
<script data-cfasync="false" src="https://www.spesati.com/cdn-cgi/scripts/5c5dd728/cloudflare-static/email-decode.min.js"></script><script type="text/javascript">
var Tawk_API=Tawk_API||{}, Tawk_LoadStart=new Date();
(function(){
var s1=document.createElement("script"),s0=document.getElementsByTagName("script")[0];
s1.async=true;
s1.src='https://embed.tawk.to/59e86945c28eca75e4626ed9/default';
s1.charset='UTF-8';
s1.setAttribute('crossorigin','*');
s0.parentNode.insertBefore(s1,s0);
})();
</script>
<!--End of Tawk.to Script-->

<!-- Here are parked a few translatable strings, useful for Javascript rendering -->
<div id="js-texts" hidden>
    <input type="hidden" name="save_cart_notice" value="Saving your cart it will be possible to reload it next time you come for shopping">
    <input type="hidden" name="save_cart_notice_title" value="Want to save your cart?">
    <input type="hidden" name="save_cart_ok" value="Save">
    <input type="hidden" name="save_cart_ko" value="Don't Save">
    <input type="hidden" name="reload_cart" value="The Reload Order function allows you to top up your last cart to make a New Order. Warning: do not use this function to add products to the last order. At this time it is not possible to modify an order placed previously.">
</div>

<!-- new site and login popup -->
</body>
<!-- Mirrored from www.spesati.com/shelf/tins-and-preserves by HTTrack Website Copier/3.x [XR&CO'2014], Fri, 23 Feb 2024 18:50:09 GMT -->
</html>